3930 5754
848 354 1097 415 rennuenti.

517 514 597 588 rei·

207 669 275 726 Suid
290 688 296 725 ε
313 669 338 728 Τ
347 665 491 747 ιόίριυς,
507 666 651 728 ’θκταθίου
665 666 731 739 υίὸς,
747 665 867 745 βασιλεὺς
883 665 950 727 Ῥω-

168 755 268 832 μαίων,
284 753 439 830 ἐμπλήκτοις
450 754 495 813 καί
506 754 621 824 ἀνοήτως
629 753 677 825 τήν
689 755 773 833 ἀρχήν
786 753 948 834 διῳκήσατο,

167 842 265 922 ροόερᾷ
277 842 323 918 μὲν
333 841 460 918 ὠμότητι,
472 850 577 922 μεσαρᾷ
591 843 619 900 δὲ
632 842 676 900 καί
688 843 794 921 άθέσμερ
805 841 948 916 πλεονεξίᾳ,

170 931 269 1008 αἰσχράΙ
285 951 312 986 τε
326 929 471 1010 ἡδυπαθείᾳ
486 930 658 1009 χρησάμενος·
673 928 809 1007 στρατείαν
832 929 878 1004 μέν
897 927 947 1006 γὰρ

168 1017 274 1076 ἀπασαν
300 1017 376 1082 αὐτὸς
392 1018 539 1094 ήρνήσατο,
561 1016 603 1073 διὰ
622 1014 648 1075 δί
673 1014 950 1094 τῶνύποστρατήγων

170 1105 302 1184 γλίσχροις
319 1105 364 1162 καί
381 1104 501 1184 ῥαθύμως
517 1112 569 1170 τοῖς
583 1103 705 1170 ἐναντίοις
722 1105 912 1182 προσπολεμῶν
926 1113 948 1162 *.

171 1192 317 1264 Ιίακιήθης
329 1191 356 1249 δὲ
367 1190 402 1249 ῶν
417 1191 486 1250 ἔστιν
498 1189 540 1258 οθς
548 1194 599 1250 τῶν
614 1189 760 1270 συμμάχων
767 1192 890 1294 7βασιλεῖς
899 1193 950 1248 τῶν

169 1281 269 1340 οἰκείων
282 1284 371 1359 ἀρχῶν
382 1279 471 1356 ἀπάτῃ
485 1278 614 1355 μετελθὼν
625 1279 752 1358 ἀφείλετο·
764 1295 800 1336 ων
812 1276 950 1355 Ἀρχέλαος

169 1359 230 1440 ήνθ
254 1369 441 1427 Καππαδόκων
457 1365 593 1446 βασιλεὺς,
613 1365 640 1424 tv
659 1365 746 1435 ήπίοις
764 1366 809 1424 καί
824 1371 950 1443 θεραπευ-

171 1464 252 1522 τικοῖς
271 1455 383 1521 καλέσας
396 1458 431 1521 είις
449 1453 540 1513 ίαυτίιν
558 1454 657 1532 λόγοις,
672 1454 758 1512 οὐκέτι
771 1452 834 1532 πρὸς
848 1452 896 1524 τήν
911 1455 950 1510 οἰ-

170 1543 243 1602 κείαν
258 1547 437 1613 ἀπονοστῆοαι
457 1541 652 1620 συνεχώρησεν,
668 1543 727 1598 ἀλλ’
750 1540 881 1620 ἐπαρχίαν
901 1540 949 1610 τήν

173 1631 367 1692 Καππαδοκίαν
390 1629 519 1710 ἀπέφηνε,
542 1629 588 1686 καί
607 1627 653 1698 τήν
669 1628 793 1705 μεγίστην
813 1632 864 1686 τῶν
888 1629 950 1706 τῇδε

170 1719 290 1794 πόλεων,
307 1717 422 1786 Μάζακα
438 1715 581 1796 ἔμπροσθεν
598 1715 649 1774 ὖπθ
663 1719 714 1774 τῶν
729 1715 839 1772 ἐποίκων
854 1715 949 1788 ὄνομα·

171 1805 282 1881 ζομένην
291 1849 299 1880 ,
309 1806 355 1886 ἀρ’
368 1809 459 1862 ἑαυτοῦ
470 1802 554 1883 φέρειν
567 1801 613 1873 τήν
631 1803 808 1882 προσηγορίαν
819 1801 950 1869 ἐπέταξεν·

169 1893 238 1970 ήπερ
253 1891 285 1964 δή
297 1891 355 1950 καθ’
363 1897 433 1968 ἡμᾶς
448 1889 580 1972 Καίσαρός
589 1893 642 1949 ἐστι
657 1890 799 1964 ἐπώνυμος.
812 1889 858 1957 ’tic
869 1892 951 1967 γῆρας

171 1981 197 2038 δέ
213 1979 283 2058 όμως
300 1978 399 2060 μακρὸν
412 1977 544 2056 προελθὼν
559 1977 672 2048 θνήσκει.
686 1981 726 2037 Cf.
740 1981 776 2039 sr.
792 1987 849 2054 49,¹
865 1979 882 2054 S
901 1998 948 2037 10.

539 2093 586 2152 80.
718 2101 721 2106 '

212 2207 277 2260 Exc.
292 2205 335 2258 De
347 2204 399 2256 ins.
411 2221 441 2277 p.
455 2219 491 2257 aa
505 2195 587 2259 :¹¹0rr
596 2197 736 2276 Ἱίρύιθηςό
745 2195 788 2256 τόν
801 2197 953 2278 ίΙρόδρομαν

174 2288 384 2368 ἀποκεφαλίσας,
400 2286 534 2362 γενόμενος
553 2285 705 2363 έμπληθής,
728 2287 842 2365 ἐκρίνετο
866 2289 952 2362 μῆνας

134 2393 141 2406 ·
175 2387 213 2449 η’,
226 2377 271 2434 καί
285 2376 353 2434 κατὰ
368 2375 410 2432 τὸν
422 2377 500 2433 αὐτοῦ
519 2377 630 2432 κοιτῶνα
649 2373 761 2452 ἀνῃρέθη
776 2373 854 2452 ξίρει,
868 2395 952 2430 συνει-

1360 511 1409 568 θα.

1218 649 1325 706 cultis
1346 649 1545 710 CALIGULA.

1037 777 1103 833 Erre.
1114 776 1157 831 Da
1166 776 1231 832 virt.
1241 795 1271 850 p.
1286 777 1341 833 802
1355 771 1436 836 :⁴'0rt
1447 779 1461 834 θ
1471 775 1549 842 Γάϊος
1563 775 1726 856 μιαριίιτατός
1736 800 1775 843 τις

996 859 1042 918 καί
1055 860 1229 928 ἀνοσιώτατος
1244 859 1355 939 ἐγένετο.
1401 861 1454 921 1ίαί
1465 867 1585 922 τοσοῦτον
1599 865 1711 942 ὁρμαθόν
1728 887 1780 922 κα-

996 950 1048 1004 κῶν
1070 947 1229 1028 συνειληφὼς
1243 951 1389 1030 ἐπεκάλυψε
1404 949 1437 1008 τά
1450 950 1519 1029 [τοῦ]
1536 949 1659 1028 Τιθερίου
1676 973 1779 1026 μειονε-

996 1033 1130 1110 κτήματα.
1149 1033 1222 1095 Ὅσα
1236 1037 1287 1115 γθρ
1309 1041 1346 1115 τῷ
1367 1037 1511 1117 Αὐγούστῳ
1530 1039 1557 1096 ἐν
1580 1040 1669 1116 πολλῷ
1692 1037 1778 1118 χρόνῳ

996 1121 1175 1201 περιεποιήθη,
1184 1114 1290 1188 ούτοςίν
1301 1124 1443 1204 μιᾷήμέρογ
1455 1124 1631 1195 ἀπεκτήσατο.
1643 1125 1782 1204 Μοιχιιεώ-

995 1209 1072 1275 τατός
1084 1232 1111 1267 τε
1122 1208 1263 1288 ἀνθρώπων
1276 1209 1413 1284 γενόμενος
1424 1210 1468 1268 καί
1479 1215 1602 1288 γυναῖκας
1613 1211 1782 1291 ήρμοσμένας

997 1297 1042 1353 καῖ
1061 1295 1247 1372 γεγαμημένας
1261 1295 1405 1372 ἐλάμόανε.
1446 1297 1504 1368 Τήν
1518 1321 1546 1356 τε
1563 1301 1655 1357 ἑαυτοῦ
1669 1299 1779 1370 τιθήνην

997 1383 1781 1460 ἐπιτιμήσαςἀνοίαςίςάνάγκηνἔκουσίουθανάτουκατέστη-

996 1492 1049 1528 σεν.
1091 1470 1207 1550 Ἐχρῆτο
1215 1470 1294 1529 δίκαί
1302 1480 1357 1538 ταῖς
1367 1473 1539 1552 άδελραῒςκαί
1547 1473 1705 1552 παρανόμων
1714 1477 1782 1532 ἐκοι-

996 1556 1070 1616 νόινει
1085 1558 1191 1634 μίξεσιν,
1205 1562 1239 1624 ῶς
1253 1558 1297 1616 καί
1314 1559 1401 1638 πατήρ
1415 1558 1519 1627 ἀνοσίας
1533 1565 1695 1632 καταστῆναι
1706 1565 1783 1638 γονῆς

997 1646 1025 1702 ἐκ
1036 1654 1097 1720 μιᾶς
1109 1649 1178 1725 αὐτῷ
1188 1649 1238 1704 τῶν
1252 1647 1369 1726 αἰδελρῶν
1380 1647 1579 1719 ἀποαυηθείσης.
1593 1645 1681 1714 Ναούς
1693 1671 1721 1705 τε
1736 1648 1781 1706 καί

998 1731 1085 1800 θυσίας
1097 1737 1132 1799 ὡς
1142 1731 1243 1813 ήμιθέῳ
1255 1732 1370 1810 γίνεσθαι
1384 1734 1573 1810 παρεσκεύαζε.
1590 1737 1615 1794 '1'
1616 1735 1708 1812 οιούτῳ
1720 1733 1779 1794 τότε

998 1820 1197 1900 αὖτοκράτοριοί
1205 1819 1335 1895 Ῥωμαῖοι
1340 1822 1529 1900 παρεδόθησαν·
1538 1819 1605 1879 ὥστε
1610 1821 1644 1878 τθι
1651 1827 1695 1882 τοῦ
1701 1827 1725 1881 Τ
1729 1821 1778 1880 ιάε·

998 1906 1052 1985 ρίου
1064 1905 1141 1983 ἔργα,
1156 1905 1249 1986 καίπερ
1264 1907 1442 1985 χαλεπώτατα
1455 1906 1566 1975 δόξαντα
1576 1907 1724 1985 γεγονέναι,
1733 1929 1779 1966 το·

999 1999 1088 2052 σοῦτον
1098 1993 1131 2050 τθι
1140 1999 1184 2052 τοῦ
1196 1990 1291 2070 Γαίου,
1300 1993 1359 2052 ὅσον
1370 1993 1402 2050 adr
1409 1999 1453 2052 τοῦ
1463 1993 1613 2071 Αὐγούστου
1623 1998 1685 2073 παρ’
1694 1997 1779 2052 ἐκεῖνα

998 2089 1177 2160 παρενεγκεῖν.
1200 2079 1321 2158 ’ίίόέριος
1343 2079 1390 2156 μέν
1412 2079 1463 2159 γθρ
1485 2081 1561 2147 αὐτός
1579 2105 1607 2140 τε
1627 2073 1709 2161 ήρχε,
1735 2087 1781 2141 καί

999 2167 1139 2244 ύπηρίταις
1146 2173 1198 2232 τοῖς
1215 2165 1304 2232 ἄλλοις
1313 2166 1376 2244 πρὸς
1390 2167 1420 2225 τὸ
1429 2170 1521 2225 ἐαυτοῦ
1536 2165 1656 2246 βούλημα
1677 2171 1780 2248 ἐχρῆτο·

999 2255 1078 2318 Γάϊος
1089 2252 1114 2310 δέ
1129 2252 1225 2332 ήρχετο
1235 2251 1282 2327 μέν
1294 2255 1338 2312 καί
1349 2253 1399 2312 ύπθ
1410 2257 1460 2312 τῶν
1471 2253 1725 2334 ἇρματηλατυύντων
1734 2257 1782 2322 καί

999 2339 1219 2417 ὁπλομαχούντων
1233 2346 1278 2398 καὶ
1298 2344 1427 2410 σκηνικῶν
1439 2341 1485 2398 καί
1502 2343 1642 2422 τραγῳδῶν
1656 2343 1783 2410 πολλάκις

174 2464 259 2536 θυίας,
272 2463 307 2529 ῶς
321 2484 401 2540 φασι,
416 2459 461 2520 καί
473 2463 519 2532 τῆς
532 2459 649 2537 γυναικός
664 2461 754 2520 αὐτοῦ,
998 2426 1043 2484 καί
1058 2429 1136 2492 αὐτὸς
1155 2426 1361 2534 ἐνδρικνύμενος,
1375 2427 1420 2487 καί
1435 2428 1487 2536 μήν
1504 2429 1599 2538 βουλήν
1620 2429 1782 2540 πρθςγάνάγ-

540 2575 588 2634 u.
998 2515 1782 2682 ίζῖ.ί“ίῗ.ἶίίῗίί]ίῗίρ.ίίίίίῗί.ἀίόίίῖίῖίίζίίῗ

213 2691 290 2748 ibid.
305 2709 337 2766 p.
354 2707 391 2745 aa
410 2684 496 2747 t'Orr
510 2684 553 2742 ἐπί
567 2684 689 2764 Τιόερίου
703 2689 748 2744 τοῦ
767 2684 893 2764 βασιλέως
906 2709 952 2762 γε·
1001 2689 1057 2747 λίου
1073 2687 1197 2768 Ὀρέστου
1206 2688 1310 2768 ήρπασε
1323 2690 1450 2766 θυγατέρα
1464 2693 1490 2749 ίν
1504 2693 1590 2757 αὐτοῖς
1603 2699 1655 2758 τοῖς
1671 2693 1780 2770 γάμοις,

174 2777 278 2854 νόμενιις
292 2779 305 2834 θ
319 2775 413 2854 Κύριος
424 2773 525 2846 Ἰησοῦς
536 2775 600 2830 ἐτῶν
611 2772 668 2851 λγ’,
690 2773 739 2830 ίιπὸ
756 2777 807 2830 τῶν
823 2773 953 2833 Ἰουδαίων
1000 2775 1192 2854 ἐγγεγυημένην
1207 2777 1391 2856 Καλπουρνίῳ.
1406 2779 1524 2843 Πολλούς
1538 2800 1566 2834 τε
1581 2776 1623 2834 διὰ
1639 2785 1722 2836 ταῦτα
1737 2803 1782 2838 συ-

174 2870 355 2940 κατηγορεῖτο,
364 2864 398 2926 θις
409 2858 546 2918 καταλύων
558 2861 642 2917 αὐτῶν
652 2859 699 2928 τήν
712 2857 855 2928 δόξαν,καί
864 2857 953 2936 ίτίραν
998 2866 1132 2944 κοραντῶν
1147 2863 1244 2942 ἀνήρει·
1258 2863 1288 2922 τὸ
1302 2863 1329 2921 δὲ
1349 2865 1444 2935 ἀληθὲς
1462 2863 1505 2923 tut
1522 2865 1568 2930 τθις
1580 2865 1677 2930 οὐσίας.
1692 2865 1729 2926 Oi
1750 2889 1778 2924 τε

175 2950 335 3026 ἀντεισάγων
354 2947 457 3018 καινήν.
478 2946 533 3006 Καί
552 2945 720 3024 συναχθέντες
733 2945 844 3010 ἅπαντες
858 2947 885 3003 ἐν
899 2944 950 3004 Ἱε-
998 2949 1030 3027 γά
1070 2950 1194 3028 θησαυροί
1215 2949 1390 3024 ἐξανάλωντο,
1414 2953 1460 3010 καί
1480 2951 1551 3010 οὖθέν
1576 2953 1647 3032 αὐτῷ
1668 2951 1780 3032 ἐξήρκει.

176 3035 343 3118 ροσειλόμαις,
365 3035 456 3093 στάσιν
476 3034 576 3092 ἀκίνουν
596 3035 653 3092 κατ’
677 3035 770 3104 αὐτοῦ,
786 3033 953 3112 βλασφημίας
1003 3035 1782 3116 Αυθιςδέταύτηνέκποδὼνποιησάμενος,Λολίανἠγάγετο,

175 3124 346 3203 καταχέοντες
360 3122 434 3188 είςτε
447 3119 570 3181 τὸνθεόν
585 3120 684 3179 καίτίιν
700 3120 833 3199 Καίσαρα.
849 3119 952 3180 Ἐντεῦ-
999 3121 1076 3181 αὐτόν
1093 3123 1136 3182 τὸν
1156 3123 1236 3203 ἀνδρα
1249 3125 1327 3195 αὐτῆς
1344 3124 1466 3202 Μέμμιον
1482 3123 1628 3203 Ῥηγοῦλον
1652 3129 1779 3204 ίγγυῆσαί

175 3218 218 3271 θεν
239 3210 387 3291 παρρησίαν
406 3208 544 3280 λαθόντες,
567 3207 612 3266 καί
635 3207 809 3287 κρατήσαντες
830 3207 906 3265 atriu
927 3209 953 3266 ἰν
999 3213 1023 3269 σί
1037 3209 1086 3280 τήν
1099 3219 1208 3289 γυναῖκα
1222 3211 1385 3288 ἀναγκάσας,
1400 3210 1442 3271 ίνα
1455 3212 1492 3289 μή
1505 3214 1550 3271 καί
1565 3211 1688 3292 ἀνέγγυον
1700 3213 1781 3285 αὐτήν

175 3299 264 3370 νυκτί,
278 3298 434 3378 παρέδωκαν
455 3295 559 3377 Ποντίῳ
574 3295 684 3375 Πιλάτῳ
702 3297 739 3372 τῷ
755 3295 871 3372 ήγεμόνι·
886 3292 954 3360 ὅστις
999 3298 1073 3378 παρὰ
1084 3297 1143 3363 τοὺς
1157 3298 1248 3374 νόμους
1262 3300 1344 3379 λάθῃ.
1360 3301 1412 3362 Ἕκ
1424 3301 1451 3360 δί
1465 3305 1517 3360 τῶν
1529 3306 1670 3380 μοιχειῶν,
1691 3305 1725 3369 θις
1736 3303 1782 3362 καί

175 3388 229 3446 είτε
247 3387 290 3445 iri
305 3385 401 3444 δειλίαν
410 3389 458 3444 τοῦ
468 3384 597 3455 πλήθους,
609 3383 662 3442 είτε
676 3385 710 3442 δι’
720 3381 876 3460 ἐπαγγελίαν
888 3406 954 3462 χρη·
1000 3384 1046 3456 τήν
1065 3393 1154 3444 πᾶσαν
1173 3385 1302 3456 Κελτικήν
1320 3387 1365 3446 καί
1386 3386 1561 3466 Βρεττανικήν
1581 3387 1783 3467 κεχειρωμένος,

178 3476 284 3554 μάτων,
306 3472 435 3549 μηδεμίαν
457 3472 542 3530 αἰτίαν
566 3472 696 3549 εὑρηκὼς,
719 3469 852 3529 ἐκέλευσεν
874 3471 954 3530 αὐτόν
1001 3473 1168 3552 αὐτοκράτωρ
1184 3495 1212 3530 τε
1231 3473 1357 3540 πολλάκις
1374 3473 1534 3551 Γερμανικὸς
1547 3473 1592 3532 καί
1615 3475 1784 3554 Βρεττανικός

177 3567 367 3644 σταυρωθῆναι.
411 3559 464 3622 Καί
474 3559 664 3640 σταυρωθέντος
678 3561 769 3631 αὐτοῦ,
783 3558 889 3635 σεισμίις
900 3560 955 3637 ἐγέ·
1001 3559 1144 3630 ἐπεκλήθη.
1159 3559 1299 3640 Ἐπαρθείς
1311 3583 1339 3618 τε
1359 3559 1402 3618 ἐπί
1416 3559 1513 3626 τούτοις
1525 3557 1590 3626 Ζεύς
1610 3583 1639 3618 τε
1662 3560 1782 3636 ἐλέγετο,

177 3673 235 3708 νετο
250 3649 330 3727 μέγας
346 3646 390 3706 καί
405 3648 495 3714 σκότος
515 3645 558 3705 ἐπὶ
580 3655 669 3704 πᾶσαν
687 3645 734 3716 τήν
752 3650 810 3722 γῆν.
853 3645 956 3706 Γευσά-
1002 3646 1047 3704 καί
1061 3645 1107 3712 τθς
1126 3646 1222 3705 ἐκείνου
1238 3645 1335 3717 στήλας
1356 3649 1391 3713 εἰς
1406 3647 1484 3706 αὐτὸν
1505 3646 1699 3726 μετερρύθμιζε.
1717 3651 1784 3715 Ταῖς

179 3759 254 3812 μενος
267 3736 294 3794 δὲ
313 3735 441 3808 θανάτου,
457 3733 552 3806 ἀνέστη
575 3733 626 3792 ιίπθ
639 3737 691 3792 τῶν
713 3736 809 3812 νεκρῶν
830 3737 862 3812 τῇ
881 3732 956 3813 τρίτη
1002 3758 1031 3793 τε
1044 3733 1094 3814 γάρ
1107 3738 1226 3814 βρονταῖς
1239 3737 1269 3794 ἐκ
1281 3739 1401 3814 μηχανῆς
1415 3735 1663 3814 τινυςάιτεύρόντα,
1673 3735 1784 3802 καὶτοῖς

181 3825 280 3904 ἡμέρα,
302 3823 348 3882 καί
366 3821 496 3902 ἀνελήφθη
516 3823 551 3887 εἰς
564 3819 623 3886 τοὺς
644 3819 775 3900 οὐρανούς.
819 3819 958 3902 Μάρτυρες
1004 3823 1150 3900 ἀστραπαῖς
1163 3819 1369 3901 ἀντήστραπτεν·
1383 3821 1447 3880 ὅπου
1463 3820 1555 3900 (ὁπότε
1565 3824 1638 3901 Dio)
1650 3820 1677 3880 δὲ
1689 3845 1784 3902 κεραυ·

180 3911 301 3990 γεγόνασι
313 3910 403 3970 πολλοί
416 3909 570 3986 θεασάμενοι
582 3908 626 3966 καί
643 3908 845 3987 συγγράψαντες.
1003 3906 1045 3974 νὸς
1058 3907 1184 3966 κατέπεσε
1197 3908 1266 3967 λίθον
1277 3909 1466 3982 ἀντηκόντιζεν.

211 4079 251 4128 Fr.
264 4083 303 4127 80.
314 4077 352 4130 ct.
363 4076 461 4127 iiaiaiaa
470 4089 494 4137 ρ.
509 4079 571 4133 titi,
588 4081 615 4126 it
630 4077 677 4124 :¹0
688 4076 712 4124 at
724 4076 794 4130 αὐτὸς
809 4075 916 4138 βασιλεὺς
929 4076 1034 4138 Ἡρώδης
1048 4076 1189 4124 tertiarum
1206 4079 1215 4134 t
1227 4076 1335 4124 Herodes
1347 4077 1458 4137 tutinus,
1474 4075 1575 4138 Philippi
1588 4077 1671 4133 irater.
1684 4075 1785 4128 Herodis

181 4153 216 4200 Μ.
227 4149 303 4207 salina)
311 4184 318 4208 ,
327 4147 448 4210 γενόμενος
458 4147 575 4208 ἰμπληθής
585 4145 686 4208 ἐκρίνετο
696 4145 732 4193 ἐπὶ
743 4151 815 4206 μῆνας
826 4144 847 4202 η’
861 4147 900 4193 καί
918 4145 1007 4207 ἰσράγη
1022 4147 1046 4194 ἐν
1058 4149 1092 4205 τῷ
1103 4145 1242 4208 κουθικίείιρ
1254 4147 1326 4194 αὐτοῦ
1338 4145 1396 4206 μετὰ
1406 4147 1459 4200 τοὺς
1468 4145 1490 4202 η’
1506 4151 1592 4207 μῆνας,
1602 4147 1731 4202 συνειδυίας
1744 4147 1784 4196 καί

182 4225 222 4276 τῆς
235 4219 344 4279 γυναικὸς
363 4218 451 4276 αὐτοῦ,
461 4217 538 4272 καθὼς
549 4217 562 4263 θ
575 4217 709 4272 σοφώτατος
720 4215 815 4276 Κλήμης
831 4213 1000 4277 συνεγράψατο.
1022 4218 1068 4264 t‘ro
1080 4214 1197 4278 ἐκρίνετο,
1212 4214 1277 4276 (μισεῖ
1292 4218 1373 4262 nostra
1389 4225 1486 4276 qunque
1502 4218 1560 4262 Εκσ.
1574 4215 1703 4276 exhibent,
1717 4215 1785 4265 cuii·

183 4288 283 4338 meariua
299 4287 329 4335 ad
350 4287 405 4336 tini.
426 4286 497 4334 aerriri
515 4286 569 4334 ruit
588 4286 696 4334 ἐκλίνετο.
716 4313 745 4324 -
762 4282 897 4346 ἐμπληθης]
916 4295 949 4332 σε
972 4285 1096 4334 obesitate
1117 4285 1278 4334 αεαιιιιθοιιε.
1296 4283 1401 4333 Eandem
1419 4296 1503 4332 rocem
1520 4283 1588 4346 ἑμνιλ.
1606 4284 1694 4333 iterum
1711 4284 1783 4334 iubet

183 4361 287 4407 inanum
298 4369 337 4418 ap.
351 4356 447 4406 suidam
459 4369 481 4404 ν.
494 4356 582 4418 Νέρων.
594 4381 624 4394 -
633 4355 767 4416 ΙΙρὸδρσμον
783 4353 829 4402 dici
839 4357 932 4404 conatui
941 4358 1059 4405 ioannem
1074 4355 1212 4416 Baptistarn.
1227 4355 1346 4404 Herodem
1359 4355 1470 4416 antipam
1487 4355 1511 4402 in
1523 4355 1596 4404 exilio
1614 4355 1702 4406 obiisse
1715 4356 1787 4406 tradit

184 4427 361 4488 1ΙοσιγιΙιυεςιίιι
378 4427 461 4475 mortis
473 4439 558 4486 genere
573 4427 646 4474 tacet.
664 4428 774 4474 Fortasse
785 4437 816 4473 ex
826 4425 910 4472 eodem
921 4428 1015 4474 ἰοειιιιε
1032 4439 1075 4473 sua
1090 4425 1162 4473 trahet
1175 4424 1260 4476 Suidaa
1272 4437 1296 4472 ε.
1315 4425 1427 4488 Ἡρώδης.
1446 4426 1560 4474 cereum
1579 4429 1681 4475 moriem
1692 4425 1785 4487 Αιιίῖγια

184 4499 291 4548 ioannes
299 4494 450 4556 anticipando
462 4494 672 4552 rururuemurauit‚
684 4495 711 4542 ut
720 4507 751 4542 ex
761 4494 820 4542 serie
830 4494 1016 4554 fragmentorum
1029 4495 1163 4556 colligitur„

217 4569 256 4615 Fr.
273 4571 310 4614 82.
329 4565 414 4614 liudem
426 4563 540 4625 usquead
551 4565 623 4613 rerira
631 4564 686 4627 παρ’
696 4565 773 4612 ἐκεῖνα
784 4564 969 4627 legunturapud
986 4565 1083 4614 suidam
1093 4578 1117 4612 ν.
1136 4565 1203 4620 Γάϊος
1217 4577 1242 4627 p.
1264 4568 1336 4623 indii,
1356 4567 1382 4614 ra
1400 4561 1438 4612 ed.
1458 4563 1558 4624 lierni..
1575 4563 1783 4628 εο11.ε.θρμαθθς.

186 4636 306 4696 iturarum
317 4637 373 4682 sunt
385 4647 413 4682 ex
430 4635 498 4683 trion.
511 4637 578 4684 caus.
591 4637 658 4694 bix,
674 4643 751 4695 aauq.
766 4635 807 4682 ct.
823 4637 922 4696 Ευίεομ
935 4639 994 4694 vit,
1009 4639 1022 4685 7
1037 4639 1179 4686 :Successit
1196 4639 1219 4684 ei
1236 4637 1315 4684 earm
1331 4637 1430 4694 ccraer,
1440 4637 1606 4696 οοριιοιιιειιίο
1620 4635 1785 4696 datiarum...

184 4705 399 4756 εεείοεαιίιείιιιιιε
411 4704 660 4765 acfuueriisrimus,
670 4708 695 4753 et
707 4707 752 4766 qui
768 4707 849 4753 eiiam
866 4704 957 4753 Tiberii
974 4704 1097 4754 dedecora
1109 4707 1291 4766 peruenerit...
1309 4709 1403 4766 strupra
1414 4705 1544 4754 sororibus
1557 4703 1648 4752 iuiutit
1660 4719 1669 4752 :
1682 4716 1714 4752 εα
1730 4717 1785 4752 uua

186 4778 267 4825 etium
279 4774 463 4838 untnmfitium
472 4777 585 4836 οριιοοίί.
599 4776 710 4824 Ceterum
720 4787 751 4822 οκ
760 4776 853 4824 ioanne
865 4773 937 4822 etiam
953 4773 1118 4822 tinxeritaiter
1134 4774 1164 4822 de
1180 4775 1239 4824 caio
1250 4775 1379 4833 articulus,
1393 4773 1434 4834 qni
1447 4773 1511 4834 apud
1524 4771 1623 4821 suidam
1636 4775 1718 4820 nostro
1730 4772 1785 4822 loen

190 4843 356 4906 praemittitur.
366 4844 438 4891 -τὰ
453 4849 504 4892 τοῦ
521 4845 574 4892 Τιθ
588 4842 649 4906 laod
661 4841 716 4891 add.
727 4855 741 4890 e
753 4842 835 4890 suida.
846 4871 877 4883 -
887 4841 1109 4922 ίχρῆτρ]ἐχρῶτο
1120 4845 1173 4893 vai.
1185 4870 1214 4880 —
1227 4841 1464 4904 ἀποκυηθεῖσης]
1476 4841 1667 4899 ἀπογεννηθιίσης
1679 4839 1745 4890 Suid.
1756 4867 1787 4878 -

186 4914 253 4962 τότε
264 4915 381 4975 αὺτοιιρ.
390 4911 400 4974 ]
410 4913 462 4961 τότε
472 4927 520 4962 om.
532 4914 631 4972 suidas,
642 4913 714 4961 iubet
726 4911 770 4961 Dio
780 4915 847 4961 casa.
859 4915 925 4970 uix,
935 4911 1008 4960 timi.
1021 4936 1050 4946 —
1060 4913 1123 4972 παρ’
1136 4911 1252 4974 ἐκεῖνα]
1264 4911 1298 4960 sic
1309 4911 1351 4959 Diu
1364 4917 1407 4970 σθ,
1419 4917 1446 4970 ⁵5
1456 4908 1511 4972 παρ’
1523 4907 1719 4965 ἑαείνουοοιίειι.;
1731 4909 1787 4959 tort.

188 4987 240 5034 erat
253 4986 316 5046 παρὰ
325 4987 354 5032 τα
364 4985 466 5044 ἐκείνους
482 4984 536 5046 παρ’
548 4985 629 5046 ἐκείνῳ
640 4983 707 5033 Suid.
721 4981 790 5032 codd.
804 4985 886 5031 ΑΒΕ.
905 5007 932 5016 -
948 4980 1156 5046 παρενεγκεῖν]
1175 4984 1321 5044 παρήνεγκαν
1340 4981 1406 5030 Suiri.
1423 5007 1453 5015 -
1466 4982 1536 5044 πρὸς
1551 4975 1695 5041 ἀνάγκας]
1715 4980 1786 5028 veiim

191 5055 276 5102 sairam
287 5057 317 5109 ιίις
327 5071 366 5115 πρ.
375 5054 411 5102 ἀν.
424 5055 537 5104 ruinartius
546 5054 641 5102 Cassius
651 5054 666 5101 Ι.
676 5053 691 5100 ί.
707 5055 757 5107 εὼς
773 5053 812 5099 καὶ
829 5051 865 5100 ἐπ’
882 5052 1009 5106 ἀναγκαῖόν
1025 5069 1046 5100 τι
1062 5053 1179 5116 βούλευμα
1195 5051 1412 5114 μεταπεμψάμενος.
1423 5079 1453 5091 -
1463 5052 1513 5108 τήν
1530 5049 1692 5112 Κορνηλίου
1708 5047 1786 5114 κτλ]

192 5127 223 5173 V.
235 5126 304 5174 trinu.
318 5129 366 5174 tut·
376 5161 382 5186 ‚
394 5130 418 5183 8,
430 5125 487 5186 iniq.
499 5125 596 5186 interpr.
613 5148 642 5160 -
651 5125 678 5173 ῖκ
688 5130 793 5186 μηχανῆς
803 5139 862 5178 τινος
872 5125 923 5171 κτλ.
932 5122 942 5185 ]
952 5127 981 5173 V.
994 5123 1037 5174 itin
1047 5129 1091 5183 an,
1104 5127 1133 5172 28
1146 5135 1170 5186 p.
1183 5125 1228 5173 eit
1238 5157 1245 5181 ,
1255 5127 1294 5172 3⁰.
