<?xml version="1.0" encoding="UTF-8"?>
<!DOCTYPE html PUBLIC "-//W3C//DTD XHTML 1.0 Transitional//EN"
    "http://www.w3.org/TR/xhtml1/DTD/xhtml1-transitional.dtd">
<html xmlns="http://www.w3.org/1999/xhtml" xml:lang="en" lang="en">
 <head>
  <title>
</title>
<meta http-equiv="Content-Type" content="text/html;charset=utf-8" />
  <meta name='ocr-system' content='tesseract 3.04.00' />
  <meta name='ocr-capabilities' content='ocr_page ocr_carea ocr_par ocr_line ocrx_word'/>
</head>
<body>
  <div class='ocr_page' id='page_1' title='image "./fragmentahistor01antgoog_0208.png"; bbox 0 0 3830 5720; ppageno 0'>
   <div class='ocr_carea' id='block_1_1' title="bbox 194 331 1085 402">
    <p class='ocr_par' dir='ltr' id='par_1_1' title="bbox 194 331 1085 402">
     <span class='ocr_line' id='line_1_1' title="bbox 194 331 1085 402; baseline -0.009 0"><span class='ocrx_word' id='word_1_1' title='bbox 194 350 248 402; x_wconf 74' lang='lat' dir='ltr'>tto</span> <span class='ocrx_word' id='word_1_2' title='bbox 903 331 1085 396; x_wconf 74' lang='lat' dir='ltr'>anonsttt</span> 
     </span>
    </p>
   </div>
   <div class='ocr_carea' id='block_1_2' title="bbox 190 452 1878 1945">
    <p class='ocr_par' dir='ltr' id='par_1_2' title="bbox 190 452 1878 1252">
     <span class='ocr_line' id='line_1_2' title="bbox 191 452 1759 545; baseline -0.011 -12"><span class='ocrx_word' id='word_1_3' title='bbox 191 479 353 545; x_wconf 78' lang='grc' dir='ltr'>λίαυητος,</span> <span class='ocrx_word' id='word_1_4' title='bbox 370 475 399 529; x_wconf 87' lang='grc' dir='ltr'>ίιι</span> <span class='ocrx_word' id='word_1_5' title='bbox 414 471 603 530; x_wconf 76' lang='lat' dir='ltr'>Nicaeensibus</span> <span class='ocrx_word' id='word_1_6' title='bbox 617 464 750 539; x_wconf 85' lang='grc' dir='ltr'>Κυητος.</span> <span class='ocrx_word' id='word_1_7' title='bbox 766 499 804 512; x_wconf 93' lang='grc'>-</span> <span class='ocrx_word' id='word_1_8' title='bbox 815 469 900 525; x_wconf 86' lang='lat' dir='ltr'>lnitio</span> <span class='ocrx_word' id='word_1_9' title='bbox 916 467 969 521; x_wconf 86' lang='lat' dir='ltr'>frn-</span> <span class='ocrx_word' id='word_1_10' title='bbox 1013 462 1159 543; x_wconf 85' lang='grc' dir='ltr'>ιτροσέφυγε</span> <span class='ocrx_word' id='word_1_11' title='bbox 1174 461 1237 542; x_wconf 77' lang='grc' dir='ltr'>πρὸς</span> <span class='ocrx_word' id='word_1_12' title='bbox 1251 459 1410 536; x_wconf 76' lang='grc' dir='ltr'><strong>Ῥωμαίους.</strong></span> <span class='ocrx_word' id='word_1_13' title='bbox 1427 461 1481 520; x_wconf 73' lang='lat' dir='ltr'>tint</span> <span class='ocrx_word' id='word_1_14' title='bbox 1495 452 1568 533; x_wconf 63' lang='grc' dir='ltr'>ἦλθεν</span> <span class='ocrx_word' id='word_1_15' title='bbox 1586 465 1618 530; x_wconf 81' lang='grc' dir='ltr'>εἰς</span> <span class='ocrx_word' id='word_1_16' title='bbox 1631 464 1759 544; x_wconf 68' lang='lat' dir='ltr'>litorii·</span> 
     </span>
     <span class='ocr_line' id='line_1_3' title="bbox 190 547 1762 638; baseline -0.007 -17"><span class='ocrx_word' id='word_1_17' title='bbox 190 565 373 638; x_wconf 77' lang='lat' dir='ltr'>gmenti,nisi</span> <span class='ocrx_word' id='word_1_18' title='bbox 388 573 522 638; x_wconf 84' lang='lat' dir='ltr'>corrupta</span> <span class='ocrx_word' id='word_1_19' title='bbox 534 580 590 616; x_wconf 77' lang='lat' dir='ltr'>vox</span> <span class='ocrx_word' id='word_1_20' title='bbox 600 561 778 637; x_wconf 69' lang='grc' dir='ltr'>παραχρῆμα,</span> <span class='ocrx_word' id='word_1_21' title='bbox 792 555 944 632; x_wconf 83' lang='lat' dir='ltr'>legendum</span> <span class='ocrx_word' id='word_1_22' title='bbox 959 572 967 614; x_wconf 89' lang='lat'>:</span> <span class='ocrx_word' id='word_1_23' title='bbox 1015 551 1101 630; x_wconf 81' lang='grc' dir='ltr'>ύούλιρ</span> <span class='ocrx_word' id='word_1_24' title='bbox 1121 552 1174 630; x_wconf 79' lang='grc' dir='ltr'>(τῷ</span> <span class='ocrx_word' id='word_1_25' title='bbox 1190 550 1309 628; x_wconf 71' lang='grc' dir='ltr'>βασιλεῖ)</span> <span class='ocrx_word' id='word_1_26' title='bbox 1323 553 1375 608; x_wconf 87' lang='grc' dir='ltr'>τῶν</span> <span class='ocrx_word' id='word_1_27' title='bbox 1390 547 1543 624; x_wconf 84' lang='grc' dir='ltr'>Ῥωμαίων.</span> <span class='ocrx_word' id='word_1_28' title='bbox 1565 551 1701 632; x_wconf 86' lang='grc' dir='ltr'>Πρσέτρεπε</span> <span class='ocrx_word' id='word_1_29' title='bbox 1718 555 1762 632; x_wconf 77' lang='grc' dir='ltr'>γθρ</span> 
     </span>
     <span class='ocr_line' id='line_1_4' title="bbox 190 636 1763 728; baseline -0.008 -20"><span class='ocrx_word' id='word_1_30' title='bbox 190 651 221 708; x_wconf 84' lang='grc' dir='ltr'>τύ</span> <span class='ocrx_word' id='word_1_31' title='bbox 237 650 408 728; x_wconf 66' lang='lat' dir='ltr'>partitionis</span> <span class='ocrx_word' id='word_1_32' title='bbox 422 647 524 722; x_wconf 85' lang='grc' dir='ltr'>Ἐμέσῃ</span> <span class='ocrx_word' id='word_1_33' title='bbox 539 645 666 716; x_wconf 81' lang='grc' dir='ltr'>ἐκάθητο,</span> <span class='ocrx_word' id='word_1_34' title='bbox 680 643 724 701; x_wconf 77' lang='grc' dir='ltr'>καὶ</span> <span class='ocrx_word' id='word_1_35' title='bbox 738 646 903 722; x_wconf 74' lang='grc' dir='ltr'>παραχρῆμα</span> <span class='ocrx_word' id='word_1_36' title='bbox 917 664 969 698; x_wconf 85' lang='grc' dir='ltr'>πα·</span> <span class='ocrx_word' id='word_1_37' title='bbox 1015 638 1092 694; x_wconf 78' lang='grc' dir='ltr'>αὐτὸν</span> <span class='ocrx_word' id='word_1_38' title='bbox 1114 637 1202 694; x_wconf 85' lang='grc' dir='ltr'>δοῦναι</span> <span class='ocrx_word' id='word_1_39' title='bbox 1216 636 1308 694; x_wconf 76' lang='grc' dir='ltr'>ἑαυτὸν</span> <span class='ocrx_word' id='word_1_40' title='bbox 1322 639 1360 713; x_wconf 83' lang='grc' dir='ltr'>τῷ</span> <span class='ocrx_word' id='word_1_41' title='bbox 1381 638 1494 715; x_wconf 82' lang='grc' dir='ltr'>βασιλεῖ.</span> <span class='ocrx_word' id='word_1_42' title='bbox 1510 637 1543 698; x_wconf 90' lang='grc' dir='ltr'><strong>Ὁ</strong></span> <span class='ocrx_word' id='word_1_43' title='bbox 1557 637 1583 696; x_wconf 86' lang='grc' dir='ltr'>δέ</span> <span class='ocrx_word' id='word_1_44' title='bbox 1600 639 1678 697; x_wconf 91' lang='grc' dir='ltr'>ἐκάλει</span> <span class='ocrx_word' id='word_1_45' title='bbox 1697 642 1763 698; x_wconf 73' lang='grc' dir='ltr'>αὐτόν</span> 
     </span>
     <span class='ocr_line' id='line_1_5' title="bbox 193 721 1878 818; baseline -0.007 -24"><span class='ocrx_word' id='word_1_46' title='bbox 193 738 335 818; x_wconf 86' lang='grc' dir='ltr'>ραγίνεται.</span> <span class='ocrx_word' id='word_1_47' title='bbox 353 743 394 794; x_wconf 89' lang='lat' dir='ltr'>De</span> <span class='ocrx_word' id='word_1_48' title='bbox 404 756 435 794; x_wconf 91' lang='lat' dir='ltr'>re</span> <span class='ocrx_word' id='word_1_49' title='bbox 447 738 483 794; x_wconf 90' lang='lat' dir='ltr'>cs.</span> <span class='ocrx_word' id='word_1_50' title='bbox 495 738 620 794; x_wconf 87' lang='lat' dir='ltr'>Zonaras</span> <span class='ocrx_word' id='word_1_51' title='bbox 628 736 702 803; x_wconf 83' lang='lat' dir='ltr'>xit,</span> <span class='ocrx_word' id='word_1_52' title='bbox 720 739 766 800; x_wconf 76' lang='lat' dir='ltr'>ni,</span> <span class='ocrx_word' id='word_1_53' title='bbox 776 753 807 808; x_wconf 88' lang='lat' dir='ltr'>p.</span> <span class='ocrx_word' id='word_1_54' title='bbox 824 732 878 786; x_wconf 89' lang='lat'>601</span> <span class='ocrx_word' id='word_1_55' title='bbox 895 750 903 786; x_wconf 78' lang='grc' dir='ltr'>ι</span> <span class='ocrx_word' id='word_1_56' title='bbox 915 730 971 800; x_wconf 82' lang='grc' dir='ltr'>Τῆς</span> <span class='ocrx_word' id='word_1_57' title='bbox 1015 725 1106 782; x_wconf 80' lang='grc' dir='ltr'>δοῦλον</span> <span class='ocrx_word' id='word_1_58' title='bbox 1114 721 1302 802; x_wconf 85' lang='grc' dir='ltr'>ριλοδεσπότην</span> <span class='ocrx_word' id='word_1_59' title='bbox 1313 723 1357 781; x_wconf 77' lang='grc' dir='ltr'>καὶ</span> <span class='ocrx_word' id='word_1_60' title='bbox 1369 721 1482 801; x_wconf 85' lang='grc' dir='ltr'>γαστρθς</span> <span class='ocrx_word' id='word_1_61' title='bbox 1490 721 1597 794; x_wconf 78' lang='grc' dir='ltr'>ἥττονα·</span> <span class='ocrx_word' id='word_1_62' title='bbox 1608 724 1650 782; x_wconf 78' lang='grc' dir='ltr'>καὶ</span> <span class='ocrx_word' id='word_1_63' title='bbox 1658 725 1693 782; x_wconf 85' lang='grc' dir='ltr'>δτι</span> <span class='ocrx_word' id='word_1_64' title='bbox 1703 729 1764 784; x_wconf 80' lang='grc' dir='ltr'>ἐλευ·</span> <span class='ocrx_word' id='word_1_65' title='bbox 1877 741 1878 772; x_wconf 72' lang='lat'><em>³</em></span> 
     </span>
     <span class='ocr_line' id='line_1_6' title="bbox 192 809 1765 903; baseline -0.008 -20"><span class='ocrx_word' id='word_1_66' title='bbox 192 825 273 896; x_wconf 81' lang='grc' dir='ltr'>ἤττης</span> <span class='ocrx_word' id='word_1_67' title='bbox 294 824 321 882; x_wconf 86' lang='grc' dir='ltr'>δέ</span> <span class='ocrx_word' id='word_1_68' title='bbox 335 826 386 881; x_wconf 84' lang='grc' dir='ltr'>τῶν</span> <span class='ocrx_word' id='word_1_69' title='bbox 407 823 549 903; x_wconf 83' lang='grc' dir='ltr'>Μακρίνων</span> <span class='ocrx_word' id='word_1_70' title='bbox 574 822 678 900; x_wconf 83' lang='lat' dir='ltr'>[patris</span> <span class='ocrx_word' id='word_1_71' title='bbox 692 833 721 878; x_wconf 95' lang='lat' dir='ltr'>et</span> <span class='ocrx_word' id='word_1_72' title='bbox 739 820 804 890; x_wconf 86' lang='lat' dir='ltr'>filii,</span> <span class='ocrx_word' id='word_1_73' title='bbox 820 821 869 893; x_wconf 88' lang='lat' dir='ltr'>qui</span> <span class='ocrx_word' id='word_1_74' title='bbox 884 818 971 873; x_wconf 85' lang='lat' dir='ltr'>irater</span> <span class='ocrx_word' id='word_1_75' title='bbox 1015 811 1102 890; x_wconf 86' lang='grc' dir='ltr'>θερίαν</span> <span class='ocrx_word' id='word_1_76' title='bbox 1110 809 1152 868; x_wconf 79' lang='grc' dir='ltr'>διδ</span> <span class='ocrx_word' id='word_1_77' title='bbox 1161 809 1192 868; x_wconf 82' lang='grc' dir='ltr'>τὸ</span> <span class='ocrx_word' id='word_1_78' title='bbox 1201 810 1291 890; x_wconf 87' lang='grc' dir='ltr'>φαγεῖν</span> <span class='ocrx_word' id='word_1_79' title='bbox 1301 809 1346 867; x_wconf 78' lang='grc' dir='ltr'>καὶ</span> <span class='ocrx_word' id='word_1_80' title='bbox 1360 809 1467 889; x_wconf 78' lang='grc' dir='ltr'>φορέσαι</span> <span class='ocrx_word' id='word_1_81' title='bbox 1479 811 1692 890; x_wconf 74' lang='grc' dir='ltr'>[κάμφορῆσαιθ]</span> <span class='ocrx_word' id='word_1_82' title='bbox 1704 812 1765 870; x_wconf 81' lang='grc' dir='ltr'>ἀπιθ-</span> 
     </span>
     <span class='ocr_line' id='line_1_7' title="bbox 193 896 1768 986; baseline -0.008 -18"><span class='ocrx_word' id='word_1_83' title='bbox 193 924 254 968; x_wconf 85' lang='lat' dir='ltr'>erat</span> <span class='ocrx_word' id='word_1_84' title='bbox 279 912 393 986; x_wconf 79' lang='lat' dir='ltr'><strong>Quieti)</strong></span> <span class='ocrx_word' id='word_1_85' title='bbox 417 913 464 980; x_wconf 77' lang='grc' dir='ltr'>τῆς</span> <span class='ocrx_word' id='word_1_86' title='bbox 484 908 553 967; x_wconf 84' lang='grc' dir='ltr'>κατά</span> <span class='ocrx_word' id='word_1_87' title='bbox 577 905 704 966; x_wconf 88' lang='grc' dir='ltr'>Παιονίαν</span> <span class='ocrx_word' id='word_1_88' title='bbox 729 905 868 982; x_wconf 83' lang='grc' dir='ltr'>ουμύοίσης</span> <span class='ocrx_word' id='word_1_89' title='bbox 892 904 969 982; x_wconf 77' lang='lat'>(262</span> <span class='ocrx_word' id='word_1_90' title='bbox 1016 899 1101 956; x_wconf 88' lang='grc' dir='ltr'>λεσεν.</span> <span class='ocrx_word' id='word_1_91' title='bbox 1119 896 1235 963; x_wconf 85' lang='grc' dir='ltr'>Ἐκεῖνος</span> <span class='ocrx_word' id='word_1_92' title='bbox 1249 897 1277 954; x_wconf 78' lang='grc' dir='ltr'>δέ</span> <span class='ocrx_word' id='word_1_93' title='bbox 1296 896 1431 972; x_wconf 81' lang='grc' dir='ltr'>ἀντέλεγεν</span> <span class='ocrx_word' id='word_1_94' title='bbox 1446 899 1535 977; x_wconf 85' lang='grc' dir='ltr'>αὐτῷ·</span> <span class='ocrx_word' id='word_1_95' title='bbox 1549 923 1562 950; x_wconf 83' lang='grc' dir='ltr'>ι</span> <span class='ocrx_word' id='word_1_96' title='bbox 1576 896 1643 975; x_wconf 56' lang='lat' dir='ltr'>’Est</span> <span class='ocrx_word' id='word_1_97' title='bbox 1656 899 1768 977; x_wconf 81' lang='grc' dir='ltr'>ἐλεύθερός</span> 
     </span>
     <span class='ocr_line' id='line_1_8' title="bbox 191 983 1767 1076; baseline -0.008 -20"><span class='ocrx_word' id='word_1_98' title='bbox 191 1021 223 1075; x_wconf 93' lang='lat' dir='ltr'>p.</span> <span class='ocrx_word' id='word_1_99' title='bbox 239 1001 270 1057; x_wconf 90' lang='lat' dir='ltr'>C.</span> <span class='ocrx_word' id='word_1_100' title='bbox 281 999 291 1074; x_wconf 76' lang='lat' dir='ltr'>J</span> <span class='ocrx_word' id='word_1_101' title='bbox 304 996 470 1076; x_wconf 81' lang='grc' dir='ltr'>ἀγγελθείσης</span> <span class='ocrx_word' id='word_1_102' title='bbox 481 998 519 1076; x_wconf 84' lang='grc' dir='ltr'>τῷ</span> <span class='ocrx_word' id='word_1_103' title='bbox 532 995 635 1075; x_wconf 84' lang='grc' dir='ltr'>Κυίντιμ</span> <span class='ocrx_word' id='word_1_104' title='bbox 643 993 689 1052; x_wconf 77' lang='grc' dir='ltr'>καὶ</span> <span class='ocrx_word' id='word_1_105' title='bbox 699 994 738 1072; x_wconf 77' lang='grc' dir='ltr'>τῷ</span> <span class='ocrx_word' id='word_1_106' title='bbox 748 989 896 1068; x_wconf 62' lang='lat' dir='ltr'>Ballione,</span> <span class='ocrx_word' id='word_1_107' title='bbox 906 989 971 1047; x_wconf 83' lang='grc' dir='ltr'>πολ·</span> <span class='ocrx_word' id='word_1_108' title='bbox 1016 987 1079 1061; x_wconf 76' lang='grc' dir='ltr'>εἰμι·</span> <span class='ocrx_word' id='word_1_109' title='bbox 1094 985 1140 1044; x_wconf 81' lang='grc' dir='ltr'>καὶ</span> <span class='ocrx_word' id='word_1_110' title='bbox 1149 983 1201 1064; x_wconf 83' lang='grc' dir='ltr'>γάρ</span> <span class='ocrx_word' id='word_1_111' title='bbox 1213 983 1286 1064; x_wconf 89' lang='grc' dir='ltr'>φίλος</span> <span class='ocrx_word' id='word_1_112' title='bbox 1302 984 1430 1063; x_wconf 87' lang='grc' dir='ltr'>βασιλέως</span> <span class='ocrx_word' id='word_1_113' title='bbox 1442 984 1593 1056; x_wconf 80' lang='grc' dir='ltr'>τηλικούτου</span> <span class='ocrx_word' id='word_1_114' title='bbox 1606 985 1671 1059; x_wconf 79' lang='grc' dir='ltr'>εἰμί,</span> <span class='ocrx_word' id='word_1_115' title='bbox 1683 985 1722 1043; x_wconf 79' lang='grc' dir='ltr'>καί</span> <span class='ocrx_word' id='word_1_116' title='bbox 1732 987 1767 1044; x_wconf 82' lang='lat' dir='ltr'>ni-</span> 
     </span>
     <span class='ocr_line' id='line_1_9' title="bbox 192 1069 1770 1155; baseline -0.01 -11"><span class='ocrx_word' id='word_1_117' title='bbox 192 1087 237 1144; x_wconf 85' lang='grc' dir='ltr'>λαὶ</span> <span class='ocrx_word' id='word_1_118' title='bbox 246 1088 297 1143; x_wconf 84' lang='grc' dir='ltr'>τῶν</span> <span class='ocrx_word' id='word_1_119' title='bbox 305 1087 349 1142; x_wconf 79' lang='grc' dir='ltr'>ὐπ’</span> <span class='ocrx_word' id='word_1_120' title='bbox 360 1082 454 1150; x_wconf 83' lang='grc' dir='ltr'>αὐτούς</span> <span class='ocrx_word' id='word_1_121' title='bbox 465 1083 616 1153; x_wconf 83' lang='grc' dir='ltr'>ἀπέστησαν</span> <span class='ocrx_word' id='word_1_122' title='bbox 624 1080 736 1140; x_wconf 84' lang='grc' dir='ltr'>πόλεων.</span> <span class='ocrx_word' id='word_1_123' title='bbox 748 1081 784 1138; x_wconf 90' lang='lat' dir='ltr'>0t</span> <span class='ocrx_word' id='word_1_124' title='bbox 794 1078 818 1135; x_wconf 88' lang='grc' dir='ltr'>δ’</span> <span class='ocrx_word' id='word_1_125' title='bbox 830 1081 858 1136; x_wconf 84' lang='grc' dir='ltr'>έν</span> <span class='ocrx_word' id='word_1_126' title='bbox 867 1075 971 1155; x_wconf 78' lang='grc' dir='ltr'>Ἐμέσῃ</span> <span class='ocrx_word' id='word_1_127' title='bbox 1016 1073 1059 1132; x_wconf 97' lang='grc' dir='ltr'>δέν</span> <span class='ocrx_word' id='word_1_128' title='bbox 1080 1094 1126 1149; x_wconf 89' lang='grc' dir='ltr'>μοι</span> <span class='ocrx_word' id='word_1_129' title='bbox 1138 1075 1191 1132; x_wconf 85' lang='grc' dir='ltr'>τῶν</span> <span class='ocrx_word' id='word_1_130' title='bbox 1205 1073 1309 1150; x_wconf 78' lang='grc' dir='ltr'>ἀγαθῶν</span> <span class='ocrx_word' id='word_1_131' title='bbox 1327 1071 1425 1130; x_wconf 86' lang='grc' dir='ltr'>λείπει·</span> <span class='ocrx_word' id='word_1_132' title='bbox 1447 1071 1480 1130; x_wconf 84' lang='grc' dir='ltr'>σύ</span> <span class='ocrx_word' id='word_1_133' title='bbox 1497 1069 1526 1132; x_wconf 80' lang='grc' dir='ltr'>δέ</span> <span class='ocrx_word' id='word_1_134' title='bbox 1544 1071 1602 1132; x_wconf 87' lang='grc' dir='ltr'>ούτε</span> <span class='ocrx_word' id='word_1_135' title='bbox 1615 1075 1711 1145; x_wconf 72' lang='grc' dir='ltr'>ἐσθῆτος</span> <span class='ocrx_word' id='word_1_136' title='bbox 1721 1071 1770 1131; x_wconf 87' lang='grc' dir='ltr'>οὐτε</span> 
     </span>
     <span class='ocr_line' id='line_1_10' title="bbox 194 1161 1282 1252; baseline -0.014 -23"><span class='ocrx_word' id='word_1_137' title='bbox 194 1174 291 1249; x_wconf 79' lang='grc' dir='ltr'>διῆγον,</span> <span class='ocrx_word' id='word_1_138' title='bbox 310 1168 369 1229; x_wconf 81' lang='grc' dir='ltr'>ἔνθα</span> <span class='ocrx_word' id='word_1_139' title='bbox 384 1169 617 1252; x_wconf 86' lang='grc' dir='ltr'>[παρα]γινόμενος</span> <span class='ocrx_word' id='word_1_140' title='bbox 630 1171 644 1226; x_wconf 86' lang='grc' dir='ltr'>θ</span> <span class='ocrx_word' id='word_1_141' title='bbox 656 1165 795 1231; x_wconf 80' lang='grc' dir='ltr'>Ὠδέναθσς</span> <span class='ocrx_word' id='word_1_142' title='bbox 808 1163 853 1222; x_wconf 84' lang='grc' dir='ltr'>καλ</span> <span class='ocrx_word' id='word_1_143' title='bbox 865 1162 972 1242; x_wconf 75' lang='lat' dir='ltr'>nuptio·</span> <span class='ocrx_word' id='word_1_144' title='bbox 1016 1162 1112 1244; x_wconf 77' lang='grc' dir='ltr'>τροφῆς</span> <span class='ocrx_word' id='word_1_145' title='bbox 1123 1161 1249 1239; x_wconf 87' lang='grc' dir='ltr'>εὐπορεῑς.</span> <span class='ocrx_word' id='word_1_146' title='bbox 1268 1184 1282 1214; x_wconf 80' lang='grc' dir='ltr'>ν</span> 
     </span>
    </p>

    <p class='ocr_par' dir='ltr' id='par_1_3' title="bbox 192 1245 1781 1945">
     <span class='ocr_line' id='line_1_11' title="bbox 192 1245 1771 1338; baseline -0.009 -21"><span class='ocrx_word' id='word_1_147' title='bbox 192 1257 246 1317; x_wconf 75' lang='lat' dir='ltr'>tis</span> <span class='ocrx_word' id='word_1_148' title='bbox 258 1259 346 1324; x_wconf 86' lang='grc' dir='ltr'>αὐτοῖς</span> <span class='ocrx_word' id='word_1_149' title='bbox 354 1266 428 1338; x_wconf 70' lang='grc' dir='ltr'>νικᾷ,</span> <span class='ocrx_word' id='word_1_150' title='bbox 442 1245 487 1315; x_wconf 85' lang='grc' dir='ltr'>καλ</span> <span class='ocrx_word' id='word_1_151' title='bbox 496 1256 540 1313; x_wconf 80' lang='grc' dir='ltr'>τὸν</span> <span class='ocrx_word' id='word_1_152' title='bbox 551 1255 597 1332; x_wconf 84' lang='grc' dir='ltr'>μέν</span> <span class='ocrx_word' id='word_1_153' title='bbox 612 1251 762 1314; x_wconf 83' lang='grc' dir='ltr'>Βαλλίσταν</span> <span class='ocrx_word' id='word_1_154' title='bbox 775 1249 852 1318; x_wconf 84' lang='grc' dir='ltr'>αὐτὸς</span> <span class='ocrx_word' id='word_1_155' title='bbox 862 1249 973 1328; x_wconf 80' lang='grc' dir='ltr'>ἀναιρεῖ,</span> <span class='ocrx_word' id='word_1_156' title='bbox 1056 1269 1080 1312; x_wconf 86' lang='lat' dir='ltr'>t.</span> <span class='ocrx_word' id='word_1_157' title='bbox 1104 1248 1169 1309; x_wconf 77' lang='lat' dir='ltr'>&#39;Ort</span> <span class='ocrx_word' id='word_1_158' title='bbox 1181 1246 1249 1324; x_wconf 88' lang='grc' dir='ltr'>μετά</span> <span class='ocrx_word' id='word_1_159' title='bbox 1258 1245 1307 1318; x_wconf 76' lang='grc' dir='ltr'>τὴν</span> <span class='ocrx_word' id='word_1_160' title='bbox 1318 1245 1391 1318; x_wconf 87' lang='grc' dir='ltr'>νίκην</span> <span class='ocrx_word' id='word_1_161' title='bbox 1402 1249 1454 1305; x_wconf 82' lang='grc' dir='ltr'>τῶν</span> <span class='ocrx_word' id='word_1_162' title='bbox 1468 1248 1574 1307; x_wconf 78' lang='grc' dir='ltr'>Σκυθῶν</span> <span class='ocrx_word' id='word_1_163' title='bbox 1590 1245 1771 1326; x_wconf 83' lang='grc' dir='ltr'>εὐφραινομένου</span> 
     </span>
     <span class='ocr_line' id='line_1_12' title="bbox 193 1333 1773 1418; baseline -0.009 -14"><span class='ocrx_word' id='word_1_164' title='bbox 193 1345 238 1404; x_wconf 81' lang='grc' dir='ltr'>τὸν</span> <span class='ocrx_word' id='word_1_165' title='bbox 257 1346 285 1404; x_wconf 84' lang='grc' dir='ltr'>δέ</span> <span class='ocrx_word' id='word_1_166' title='bbox 305 1345 416 1404; x_wconf 86' lang='grc' dir='ltr'>Κύιντον</span> <span class='ocrx_word' id='word_1_167' title='bbox 436 1345 461 1402; x_wconf 86' lang='grc' dir='ltr'>οἱ</span> <span class='ocrx_word' id='word_1_168' title='bbox 475 1347 522 1415; x_wconf 83' lang='grc' dir='ltr'>τῆς</span> <span class='ocrx_word' id='word_1_169' title='bbox 536 1343 648 1406; x_wconf 83' lang='grc' dir='ltr'>πόλεως.</span> <span class='ocrx_word' id='word_1_170' title='bbox 669 1342 740 1416; x_wconf 77' lang='lat' dir='ltr'>-S</span> <span class='ocrx_word' id='word_1_171' title='bbox 761 1360 790 1398; x_wconf 84' lang='lat' dir='ltr'>a.</span> <span class='ocrx_word' id='word_1_172' title='bbox 815 1337 973 1418; x_wconf 83' lang='grc' dir='ltr'>Καρῖνος]</span> <span class='ocrx_word' id='word_1_173' title='bbox 1018 1341 1063 1394; x_wconf 79' lang='grc' dir='ltr'>τοῦ</span> <span class='ocrx_word' id='word_1_174' title='bbox 1080 1333 1210 1417; x_wconf 87' lang='grc' dir='ltr'>βασιλέως</span> <span class='ocrx_word' id='word_1_175' title='bbox 1224 1333 1270 1393; x_wconf 81' lang='grc' dir='ltr'>καλ</span> <span class='ocrx_word' id='word_1_176' title='bbox 1285 1337 1436 1406; x_wconf 79' lang='grc' dir='ltr'>ἑστιῶντος,</span> <span class='ocrx_word' id='word_1_177' title='bbox 1452 1336 1569 1406; x_wconf 79' lang='grc' dir='ltr'>εἰσῆλθεν</span> <span class='ocrx_word' id='word_1_178' title='bbox 1582 1333 1773 1396; x_wconf 80' lang='grc' dir='ltr'>Ἀνδσννύύαλλος</span> 
     </span>
     <span class='ocr_line' id='line_1_13' title="bbox 197 1416 1774 1504; baseline -0.009 -16"><span class='ocrx_word' id='word_1_179' title='bbox 197 1460 211 1488; x_wconf 73' lang='grc' dir='ltr'>ι</span> <span class='ocrx_word' id='word_1_180' title='bbox 232 1434 421 1492; x_wconf 89' lang='lat' dir='ltr'>Scribendum</span> <span class='ocrx_word' id='word_1_181' title='bbox 443 1444 502 1501; x_wconf 89' lang='lat' dir='ltr'>est,</span> <span class='ocrx_word' id='word_1_182' title='bbox 526 1450 591 1488; x_wconf 89' lang='lat' dir='ltr'>meo</span> <span class='ocrx_word' id='word_1_183' title='bbox 608 1430 731 1504; x_wconf 80' lang='lat' dir='ltr'>jndicio,</span> <span class='ocrx_word' id='word_1_184' title='bbox 756 1429 903 1485; x_wconf 86' lang='lat' dir='ltr'>Macrinus</span> <span class='ocrx_word' id='word_1_185' title='bbox 924 1444 974 1482; x_wconf 84' lang='lat' dir='ltr'>seu</span> <span class='ocrx_word' id='word_1_186' title='bbox 1019 1423 1062 1481; x_wconf 81' lang='grc' dir='ltr'>ἐπὶ</span> <span class='ocrx_word' id='word_1_187' title='bbox 1070 1422 1176 1480; x_wconf 81' lang='grc' dir='ltr'>πόντων</span> <span class='ocrx_word' id='word_1_188' title='bbox 1187 1421 1232 1480; x_wconf 78' lang='grc' dir='ltr'>καὶ</span> <span class='ocrx_word' id='word_1_189' title='bbox 1240 1421 1321 1496; x_wconf 83' lang='grc' dir='ltr'>λέγει,</span> <span class='ocrx_word' id='word_1_190' title='bbox 1331 1416 1494 1500; x_wconf 75' lang='grc' dir='ltr'>ότιιΧόριν</span> <span class='ocrx_word' id='word_1_191' title='bbox 1506 1419 1574 1478; x_wconf 91' lang='grc' dir='ltr'>θέλω</span> <span class='ocrx_word' id='word_1_192' title='bbox 1584 1419 1639 1478; x_wconf 88' lang='grc' dir='ltr'>τινά</span> <span class='ocrx_word' id='word_1_193' title='bbox 1649 1442 1705 1478; x_wconf 86' lang='grc' dir='ltr'>ποτε</span> <span class='ocrx_word' id='word_1_194' title='bbox 1713 1417 1774 1497; x_wconf 79' lang='lat' dir='ltr'>napi</span> 
     </span>
     <span class='ocr_line' id='line_1_14' title="bbox 195 1505 1775 1592; baseline -0.011 -14"><span class='ocrx_word' id='word_1_195' title='bbox 195 1525 368 1588; x_wconf 78' lang='lat' dir='ltr'><em>Macrianus,</em></span> <span class='ocrx_word' id='word_1_196' title='bbox 394 1539 452 1576; x_wconf 88' lang='lat' dir='ltr'>non</span> <span class='ocrx_word' id='word_1_197' title='bbox 477 1521 611 1587; x_wconf 84' lang='lat' dir='ltr'>Carinus;</span> <span class='ocrx_word' id='word_1_198' title='bbox 634 1517 715 1589; x_wconf 87' lang='lat' dir='ltr'>cujus</span> <span class='ocrx_word' id='word_1_199' title='bbox 736 1527 881 1592; x_wconf 83' lang='lat' dir='ltr'>postrema</span> <span class='ocrx_word' id='word_1_200' title='bbox 901 1525 974 1570; x_wconf 82' lang='lat' dir='ltr'>tern-</span> <span class='ocrx_word' id='word_1_201' title='bbox 1020 1515 1065 1569; x_wconf 75' lang='grc' dir='ltr'>σοῑιΙ</span> <span class='ocrx_word' id='word_1_202' title='bbox 1084 1511 1203 1580; x_wconf 80' lang='grc' dir='ltr'>αἰτῆσαι.</span> <span class='ocrx_word' id='word_1_203' title='bbox 1220 1534 1233 1562; x_wconf 81' lang='grc' dir='ltr'>ι</span> <span class='ocrx_word' id='word_1_204' title='bbox 1249 1507 1303 1568; x_wconf 81' lang='grc' dir='ltr'>Καὶ</span> <span class='ocrx_word' id='word_1_205' title='bbox 1317 1508 1425 1584; x_wconf 77' lang='grc' dir='ltr'>νομίσας</span> <span class='ocrx_word' id='word_1_206' title='bbox 1448 1505 1517 1584; x_wconf 77' lang='grc' dir='ltr'>μέγα</span> <span class='ocrx_word' id='word_1_207' title='bbox 1531 1507 1556 1565; x_wconf 90' lang='grc' dir='ltr'>τί</span> <span class='ocrx_word' id='word_1_208' title='bbox 1576 1530 1637 1566; x_wconf 86' lang='grc' dir='ltr'>ποτε</span> <span class='ocrx_word' id='word_1_209' title='bbox 1650 1511 1775 1578; x_wconf 85' lang='grc' dir='ltr'>αίτεῖσθσι,</span> 
     </span>
     <span class='ocr_line' id='line_1_15' title="bbox 194 1593 1775 1687; baseline -0.009 -19"><span class='ocrx_word' id='word_1_210' title='bbox 194 1630 267 1687; x_wconf 88' lang='lat' dir='ltr'>pora</span> <span class='ocrx_word' id='word_1_211' title='bbox 283 1611 320 1668; x_wconf 87' lang='lat' dir='ltr'>ab</span> <span class='ocrx_word' id='word_1_212' title='bbox 333 1610 473 1668; x_wconf 86' lang='lat' dir='ltr'>Odenathi</span> <span class='ocrx_word' id='word_1_213' title='bbox 488 1609 573 1666; x_wconf 88' lang='lat' dir='ltr'>rebus</span> <span class='ocrx_word' id='word_1_214' title='bbox 588 1608 702 1664; x_wconf 75' lang='lat' dir='ltr'>absum.</span> <span class='ocrx_word' id='word_1_215' title='bbox 720 1607 756 1662; x_wconf 88' lang='lat' dir='ltr'>Et</span> <span class='ocrx_word' id='word_1_216' title='bbox 769 1616 846 1661; x_wconf 87' lang='lat' dir='ltr'>certe</span> <span class='ocrx_word' id='word_1_217' title='bbox 861 1603 975 1662; x_wconf 84' lang='lat' dir='ltr'>Odena-</span> <span class='ocrx_word' id='word_1_218' title='bbox 1023 1596 1163 1678; x_wconf 74' lang='grc' dir='ltr'>ἐπέτρεψεν</span> <span class='ocrx_word' id='word_1_219' title='bbox 1179 1598 1251 1676; x_wconf 80' lang='grc' dir='ltr'>αὐτῷ</span> <span class='ocrx_word' id='word_1_220' title='bbox 1265 1598 1404 1656; x_wconf 82' lang='grc' dir='ltr'>αἰτεῖσθαι.</span> <span class='ocrx_word' id='word_1_221' title='bbox 1422 1595 1477 1656; x_wconf 78' lang='lat' dir='ltr'>Kal</span> <span class='ocrx_word' id='word_1_222' title='bbox 1493 1594 1565 1672; x_wconf 86' lang='grc' dir='ltr'>λέγει</span> <span class='ocrx_word' id='word_1_223' title='bbox 1575 1593 1775 1655; x_wconf 81' lang='grc' dir='ltr'>Ἀνδονιόύαλλοε·</span> 
     </span>
     <span class='ocr_line' id='line_1_16' title="bbox 196 1674 1778 1775; baseline -0.011 -21"><span class='ocrx_word' id='word_1_224' title='bbox 196 1701 260 1754; x_wconf 87' lang='lat' dir='ltr'>thus</span> <span class='ocrx_word' id='word_1_225' title='bbox 271 1717 456 1775; x_wconf 79' lang='lat' dir='ltr'>oppressurus</span> <span class='ocrx_word' id='word_1_226' title='bbox 466 1709 528 1752; x_wconf 88' lang='lat' dir='ltr'>erat</span> <span class='ocrx_word' id='word_1_227' title='bbox 538 1696 714 1761; x_wconf 86' lang='lat' dir='ltr'>Macrinum,</span> <span class='ocrx_word' id='word_1_228' title='bbox 726 1703 759 1748; x_wconf 94' lang='lat' dir='ltr'>ut</span> <span class='ocrx_word' id='word_1_229' title='bbox 771 1696 812 1749; x_wconf 86' lang='lat' dir='ltr'>ait</span> <span class='ocrx_word' id='word_1_230' title='bbox 822 1692 976 1749; x_wconf 79' lang='lat' dir='ltr'>Trebellius</span> <span class='ocrx_word' id='word_1_231' title='bbox 1021 1711 1034 1738; x_wconf 79' lang='grc' dir='ltr'>ι</span> <span class='ocrx_word' id='word_1_232' title='bbox 1046 1685 1096 1752; x_wconf 89' lang='grc' dir='ltr'>Δός</span> <span class='ocrx_word' id='word_1_233' title='bbox 1109 1707 1153 1762; x_wconf 89' lang='grc' dir='ltr'>μοι</span> <span class='ocrx_word' id='word_1_234' title='bbox 1164 1684 1244 1742; x_wconf 71' lang='grc' dir='ltr'>καλὸν</span> <span class='ocrx_word' id='word_1_235' title='bbox 1256 1674 1331 1753; x_wconf 79' lang='grc' dir='ltr'>οἶνον,</span> <span class='ocrx_word' id='word_1_236' title='bbox 1345 1680 1388 1740; x_wconf 86' lang='grc' dir='ltr'>ίνα</span> <span class='ocrx_word' id='word_1_237' title='bbox 1402 1681 1509 1740; x_wconf 77' lang='grc' dir='ltr'>καλέσω</span> <span class='ocrx_word' id='word_1_238' title='bbox 1522 1682 1621 1750; x_wconf 72' lang='grc' dir='ltr'>πάντας</span> <span class='ocrx_word' id='word_1_239' title='bbox 1632 1679 1687 1748; x_wconf 85' lang='grc' dir='ltr'>τούς</span> <span class='ocrx_word' id='word_1_240' title='bbox 1698 1686 1738 1738; x_wconf 77' lang='lat' dir='ltr'>noir</span> <span class='ocrx_word' id='word_1_241' title='bbox 1746 1677 1778 1736; x_wconf 87' lang='grc' dir='ltr'>σί-</span> 
     </span>
     <span class='ocr_line' id='line_1_17' title="bbox 196 1769 1778 1856; baseline -0.013 -13"><span class='ocrx_word' id='word_1_242' title='bbox 196 1805 223 1842; x_wconf 88' lang='lat' dir='ltr'>e.</span> <span class='ocrx_word' id='word_1_243' title='bbox 243 1787 278 1842; x_wconf 83' lang='grc' dir='ltr'>ιδ</span> <span class='ocrx_word' id='word_1_244' title='bbox 285 1827 295 1856; x_wconf 96' lang='grc'>,</span> <span class='ocrx_word' id='word_1_245' title='bbox 307 1786 362 1842; x_wconf 86' lang='lat' dir='ltr'>nisi</span> <span class='ocrx_word' id='word_1_246' title='bbox 372 1786 418 1840; x_wconf 88' lang='lat' dir='ltr'>hic</span> <span class='ocrx_word' id='word_1_247' title='bbox 428 1785 565 1840; x_wconf 91' lang='lat' dir='ltr'>maturius</span> <span class='ocrx_word' id='word_1_248' title='bbox 574 1801 590 1838; x_wconf 91' lang='lat' dir='ltr'>e</span> <span class='ocrx_word' id='word_1_249' title='bbox 599 1781 867 1855; x_wconf 84' lang='lat' dir='ltr'>Syriadiscessisset.</span> <span class='ocrx_word' id='word_1_250' title='bbox 881 1803 895 1831; x_wconf 80' lang='grc' dir='ltr'>ι</span> <span class='ocrx_word' id='word_1_251' title='bbox 905 1780 974 1834; x_wconf 74' lang='grc' dir='ltr'>Μαι.</span> <span class='ocrx_word' id='word_1_252' title='bbox 1020 1795 1066 1832; x_wconf 87' lang='grc' dir='ltr'>κου</span> <span class='ocrx_word' id='word_1_253' title='bbox 1077 1795 1127 1847; x_wconf 91' lang='grc' dir='ltr'>μου</span> <span class='ocrx_word' id='word_1_254' title='bbox 1139 1772 1184 1832; x_wconf 79' lang='grc' dir='ltr'>καὶ</span> <span class='ocrx_word' id='word_1_255' title='bbox 1196 1774 1330 1852; x_wconf 78' lang='grc' dir='ltr'>εὐφρανθῶ</span> <span class='ocrx_word' id='word_1_256' title='bbox 1341 1770 1398 1845; x_wconf 85' lang='grc' dir='ltr'>μετ’</span> <span class='ocrx_word' id='word_1_257' title='bbox 1410 1773 1504 1829; x_wconf 87' lang='grc' dir='ltr'>αὐτῶν·</span> <span class='ocrx_word' id='word_1_258' title='bbox 1516 1797 1530 1823; x_wconf 74' lang='grc' dir='ltr'><strong><em>ι</em></strong></span> <span class='ocrx_word' id='word_1_259' title='bbox 1542 1769 1595 1830; x_wconf 73' lang='grc' dir='ltr'>Καὶ</span> <span class='ocrx_word' id='word_1_260' title='bbox 1604 1769 1709 1847; x_wconf 84' lang='grc' dir='ltr'>γελάαας</span> <span class='ocrx_word' id='word_1_261' title='bbox 1717 1772 1730 1826; x_wconf 85' lang='grc' dir='ltr'>θ</span> <span class='ocrx_word' id='word_1_262' title='bbox 1739 1771 1778 1845; x_wconf 82' lang='grc' dir='ltr'>βα-</span> 
     </span>
     <span class='ocr_line' id='line_1_18' title="bbox 195 1848 1781 1945; baseline -0.01 -17"><span class='ocrx_word' id='word_1_263' title='bbox 195 1873 281 1944; x_wconf 86' lang='lat' dir='ltr'>Quod</span> <span class='ocrx_word' id='word_1_264' title='bbox 306 1872 374 1928; x_wconf 80' lang='lat' dir='ltr'>ferri</span> <span class='ocrx_word' id='word_1_265' title='bbox 396 1872 506 1945; x_wconf 88' lang='lat' dir='ltr'>nequit.</span> <span class='ocrx_word' id='word_1_266' title='bbox 533 1871 605 1926; x_wconf 85' lang='lat' dir='ltr'>Nam</span> <span class='ocrx_word' id='word_1_267' title='bbox 632 1868 775 1923; x_wconf 83' lang='lat' dir='ltr'>Macrinus</span> <span class='ocrx_word' id='word_1_268' title='bbox 797 1865 978 1945; x_wconf 80' lang='lat' dir='ltr'>(Macrianus</span> <span class='ocrx_word' id='word_1_269' title='bbox 1021 1859 1108 1926; x_wconf 87' lang='grc' dir='ltr'>σιλεύς</span> <span class='ocrx_word' id='word_1_270' title='bbox 1121 1859 1255 1918; x_wconf 86' lang='grc' dir='ltr'>ἐκέλευσεν</span> <span class='ocrx_word' id='word_1_271' title='bbox 1270 1859 1341 1937; x_wconf 83' lang='grc' dir='ltr'>αὐτῷ</span> <span class='ocrx_word' id='word_1_272' title='bbox 1353 1859 1459 1930; x_wconf 81' lang='grc' dir='ltr'>δοθῆναι</span> <span class='ocrx_word' id='word_1_273' title='bbox 1470 1848 1554 1917; x_wconf 72' lang='grc' dir='ltr'>οἶνον·</span> <span class='ocrx_word' id='word_1_274' title='bbox 1568 1857 1674 1934; x_wconf 83' lang='grc' dir='ltr'>δέδωκεν</span> <span class='ocrx_word' id='word_1_275' title='bbox 1685 1854 1710 1914; x_wconf 86' lang='grc' dir='ltr'>δέ</span> <span class='ocrx_word' id='word_1_276' title='bbox 1721 1855 1781 1932; x_wconf 79' lang='grc' dir='ltr'>αὐτῷ</span> 
     </span>
    </p>
   </div>
   <div class='ocr_carea' id='block_1_3' title="bbox 197 1953 979 2035">
    <p class='ocr_par' dir='ltr' id='par_1_4' title="bbox 197 1953 979 2035">
     <span class='ocr_line' id='line_1_19' title="bbox 197 1953 979 2035; baseline -0.006 -21"><span class='ocrx_word' id='word_1_277' title='bbox 197 1963 220 2014; x_wconf 89' lang='grc' dir='ltr'><strong>Τ</strong></span> <span class='ocrx_word' id='word_1_278' title='bbox 222 1955 340 2035; x_wconf 85' lang='lat' dir='ltr'>rebell.)</span> <span class='ocrx_word' id='word_1_279' title='bbox 360 1957 476 2030; x_wconf 86' lang='lat' dir='ltr'>ejusque</span> <span class='ocrx_word' id='word_1_280' title='bbox 493 1955 569 2012; x_wconf 82' lang='lat' dir='ltr'>filins</span> <span class='ocrx_word' id='word_1_281' title='bbox 586 1955 647 2027; x_wconf 88' lang='lat' dir='ltr'>jam</span> <span class='ocrx_word' id='word_1_282' title='bbox 663 1953 694 2010; x_wconf 90' lang='lat' dir='ltr'>in</span> <span class='ocrx_word' id='word_1_283' title='bbox 710 1954 891 2028; x_wconf 81' lang='lat' dir='ltr'>expeditione</span> <span class='ocrx_word' id='word_1_284' title='bbox 904 1955 979 2009; x_wconf 89' lang='lat' dir='ltr'>Pan·</span> 
     </span>
    </p>
   </div>
   <div class='ocr_carea' id='block_1_4' title="bbox 195 2041 977 2112">
    <p class='ocr_par' dir='ltr' id='par_1_5' title="bbox 195 2041 977 2112">
     <span class='ocr_line' id='line_1_20' title="bbox 195 2041 977 2112; baseline -0.005 -12"><span class='ocrx_word' id='word_1_285' title='bbox 195 2050 301 2103; x_wconf 88' lang='lat' dir='ltr'>nonica</span> <span class='ocrx_word' id='word_1_286' title='bbox 328 2063 346 2101; x_wconf 84' lang='lat' dir='ltr'>a</span> <span class='ocrx_word' id='word_1_287' title='bbox 370 2044 510 2100; x_wconf 81' lang='lat' dir='ltr'>militibus</span> <span class='ocrx_word' id='word_1_288' title='bbox 535 2044 592 2099; x_wconf 85' lang='lat' dir='ltr'>suis</span> <span class='ocrx_word' id='word_1_289' title='bbox 621 2041 761 2098; x_wconf 82' lang='lat' dir='ltr'>interfecti</span> <span class='ocrx_word' id='word_1_290' title='bbox 787 2051 881 2112; x_wconf 86' lang='lat' dir='ltr'>erant,</span> <span class='ocrx_word' id='word_1_291' title='bbox 909 2052 977 2097; x_wconf 86' lang='lat' dir='ltr'>teste</span> 
     </span>
    </p>
   </div>
   <div class='ocr_carea' id='block_1_5' title="bbox 1024 1943 1781 2115">
    <p class='ocr_par' dir='ltr' id='par_1_6' title="bbox 1024 1943 1781 2115">
     <span class='ocr_line' id='line_1_21' title="bbox 1024 1943 1404 2028; baseline -0.008 -21"><span class='ocrx_word' id='word_1_292' title='bbox 1024 1949 1070 2007; x_wconf 78' lang='grc' dir='ltr'>καλ</span> <span class='ocrx_word' id='word_1_293' title='bbox 1083 1949 1173 2028; x_wconf 87' lang='grc' dir='ltr'>έτέρας</span> <span class='ocrx_word' id='word_1_294' title='bbox 1186 1943 1284 2013; x_wconf 81' lang='grc' dir='ltr'>πολλάς</span> <span class='ocrx_word' id='word_1_295' title='bbox 1297 1945 1404 2026; x_wconf 88' lang='grc' dir='ltr'>δωρεάς.</span> 
     </span>
     <span class='ocr_line' id='line_1_22' title="bbox 1060 2034 1781 2115; baseline -0.01 -20"><span class='ocrx_word' id='word_1_296' title='bbox 1060 2038 1079 2115; x_wconf 76' lang='lat' dir='ltr'>S</span> <span class='ocrx_word' id='word_1_297' title='bbox 1099 2057 1126 2095; x_wconf 90' lang='grc' dir='ltr'>ι.</span> <span class='ocrx_word' id='word_1_298' title='bbox 1145 2036 1254 2094; x_wconf 84' lang='lat' dir='ltr'>Eadem</span> <span class='ocrx_word' id='word_1_299' title='bbox 1266 2035 1366 2092; x_wconf 85' lang='lat' dir='ltr'>iisdem</span> <span class='ocrx_word' id='word_1_300' title='bbox 1380 2054 1461 2111; x_wconf 90' lang='lat' dir='ltr'>paene</span> <span class='ocrx_word' id='word_1_301' title='bbox 1480 2037 1577 2093; x_wconf 76' lang='lat' dir='ltr'>verbis</span> <span class='ocrx_word' id='word_1_302' title='bbox 1589 2039 1708 2092; x_wconf 86' lang='lat' dir='ltr'>Zonaras</span> <span class='ocrx_word' id='word_1_303' title='bbox 1718 2034 1781 2100; x_wconf 84' lang='lat' dir='ltr'>lill,</span> 
     </span>
    </p>
   </div>
   <div class='ocr_carea' id='block_1_6' title="bbox 198 2113 1782 2207">
    <p class='ocr_par' dir='ltr' id='par_1_7' title="bbox 198 2113 1782 2207">
     <span class='ocr_line' id='line_1_23' title="bbox 198 2113 1782 2207; baseline -0.009 -17"><span class='ocrx_word' id='word_1_304' title='bbox 198 2137 324 2203; x_wconf 76' lang='lat' dir='ltr'>zonara,</span> <span class='ocrx_word' id='word_1_305' title='bbox 338 2134 389 2207; x_wconf 90' lang='lat' dir='ltr'>qui</span> <span class='ocrx_word' id='word_1_306' title='bbox 411 2132 519 2206; x_wconf 88' lang='lat' dir='ltr'>ubique</span> <span class='ocrx_word' id='word_1_307' title='bbox 533 2147 599 2187; x_wconf 90' lang='lat' dir='ltr'>cum</span> <span class='ocrx_word' id='word_1_308' title='bbox 619 2139 719 2186; x_wconf 87' lang='lat' dir='ltr'>nostro</span> <span class='ocrx_word' id='word_1_309' title='bbox 740 2131 889 2184; x_wconf 80' lang='lat' dir='ltr'>consentit.</span> <span class='ocrx_word' id='word_1_310' title='bbox 908 2129 979 2202; x_wconf 87' lang='lat' dir='ltr'>Quis</span> <span class='ocrx_word' id='word_1_311' title='bbox 1023 2125 1072 2201; x_wconf 83' lang='grc' dir='ltr'>αθ,</span> <span class='ocrx_word' id='word_1_312' title='bbox 1082 2145 1113 2202; x_wconf 89' lang='lat' dir='ltr'>p.</span> <span class='ocrx_word' id='word_1_313' title='bbox 1128 2123 1185 2180; x_wconf 86' lang='lat'>605</span> <span class='ocrx_word' id='word_1_314' title='bbox 1198 2143 1206 2180; x_wconf 85' lang='grc' dir='ltr'>ε</span> <span class='ocrx_word' id='word_1_315' title='bbox 1220 2121 1389 2188; x_wconf 68' lang='grc' dir='ltr'>’ἀπελθόντες</span> <span class='ocrx_word' id='word_1_316' title='bbox 1401 2121 1428 2180; x_wconf 83' lang='grc' dir='ltr'>δέ</span> <span class='ocrx_word' id='word_1_317' title='bbox 1438 2113 1691 2192; x_wconf 75' lang='grc' dir='ltr'>ταῐςἈθήναιςεῖλον</span> <span class='ocrx_word' id='word_1_318' title='bbox 1703 2117 1782 2182; x_wconf 83' lang='grc' dir='ltr'>αὐτός·</span> 
     </span>
    </p>
   </div>
   <div class='ocr_carea' id='block_1_7' title="bbox 199 2219 600 2278">
    <p class='ocr_par' dir='ltr' id='par_1_8' title="bbox 199 2219 600 2278">
     <span class='ocr_line' id='line_1_24' title="bbox 199 2219 600 2278; baseline -0.007 -2"><span class='ocrx_word' id='word_1_319' title='bbox 199 2223 284 2278; x_wconf 83' lang='lat' dir='ltr'>suerit</span> <span class='ocrx_word' id='word_1_320' title='bbox 294 2224 345 2277; x_wconf 86' lang='lat' dir='ltr'>iste</span> <span class='ocrx_word' id='word_1_321' title='bbox 361 2221 484 2277; x_wconf 81' lang='lat' dir='ltr'>Carinus</span> <span class='ocrx_word' id='word_1_322' title='bbox 494 2219 600 2276; x_wconf 86' lang='lat' dir='ltr'>nescio.</span> 
     </span>
    </p>
   </div>
   <div class='ocr_carea' id='block_1_8' title="bbox 240 2389 978 2634">
    <p class='ocr_par' dir='ltr' id='par_1_9' title="bbox 240 2389 978 2634">
     <span class='ocr_line' id='line_1_25' title="bbox 354 2389 816 2472; baseline -0.009 -18"><span class='ocrx_word' id='word_1_323' title='bbox 354 2415 385 2472; x_wconf 66' lang='grc' dir='ltr'>μ</span> <span class='ocrx_word' id='word_1_324' title='bbox 404 2392 608 2454; x_wconf 61' lang='lat' dir='ltr'>Kairatos.</span> <span class='ocrx_word' id='word_1_325' title='bbox 626 2390 701 2468; x_wconf 73' lang='lat'><strong>(269</strong></span> <span class='ocrx_word' id='word_1_326' title='bbox 714 2411 746 2468; x_wconf 90' lang='lat' dir='ltr'>p.</span> <span class='ocrx_word' id='word_1_327' title='bbox 762 2389 816 2468; x_wconf 78' lang='lat' dir='ltr'>G.)</span> 
     </span>
     <span class='ocr_line' id='line_1_26' title="bbox 240 2553 978 2634; baseline -0.008 -14"><span class='ocrx_word' id='word_1_328' title='bbox 240 2581 262 2622; x_wconf 89' lang='lat' dir='ltr'>t.</span> <span class='ocrx_word' id='word_1_329' title='bbox 276 2559 342 2622; x_wconf 83' lang='grc' dir='ltr'>Ὅτι</span> <span class='ocrx_word' id='word_1_330' title='bbox 352 2562 404 2634; x_wconf 81' lang='grc' dir='ltr'>τῶν</span> <span class='ocrx_word' id='word_1_331' title='bbox 415 2560 523 2620; x_wconf 82' lang='grc' dir='ltr'>Σκυθῶν</span> <span class='ocrx_word' id='word_1_332' title='bbox 535 2556 579 2618; x_wconf 69' lang='lat' dir='ltr'>tri</span> <span class='ocrx_word' id='word_1_333' title='bbox 589 2559 723 2619; x_wconf 83' lang='grc' dir='ltr'>Κλαυδίου</span> <span class='ocrx_word' id='word_1_334' title='bbox 732 2556 779 2623; x_wconf 88' lang='grc' dir='ltr'>τάς</span> <span class='ocrx_word' id='word_1_335' title='bbox 788 2554 896 2628; x_wconf 74' lang='grc' dir='ltr'>Ἀθήνας</span> <span class='ocrx_word' id='word_1_336' title='bbox 907 2553 978 2615; x_wconf 75' lang='lat' dir='ltr'>tiis-</span> 
     </span>
    </p>
   </div>
   <div class='ocr_carea' id='block_1_9' title="bbox 199 2644 982 3858">
    <p class='ocr_par' dir='ltr' id='par_1_10' title="bbox 200 2644 980 2724">
     <span class='ocr_line' id='line_1_27' title="bbox 200 2644 980 2724; baseline -0.006 -17"><span class='ocrx_word' id='word_1_337' title='bbox 200 2673 252 2706; x_wconf 90' lang='grc' dir='ltr'>των</span> <span class='ocrx_word' id='word_1_338' title='bbox 259 2649 357 2706; x_wconf 81' lang='grc' dir='ltr'>καλσυν</span> <span class='ocrx_word' id='word_1_339' title='bbox 361 2646 511 2724; x_wconf 87' lang='grc' dir='ltr'>αγαγόντωυ</span> <span class='ocrx_word' id='word_1_340' title='bbox 516 2644 603 2705; x_wconf 81' lang='grc' dir='ltr'>πόντοι</span> <span class='ocrx_word' id='word_1_341' title='bbox 608 2645 641 2704; x_wconf 83' lang='grc' dir='ltr'>τά</span> <span class='ocrx_word' id='word_1_342' title='bbox 650 2644 741 2724; x_wconf 82' lang='grc' dir='ltr'>βιύλία</span> <span class='ocrx_word' id='word_1_343' title='bbox 748 2644 794 2702; x_wconf 78' lang='grc' dir='ltr'>καὶ</span> <span class='ocrx_word' id='word_1_344' title='bbox 802 2645 980 2722; x_wconf 86' lang='grc' dir='ltr'>βουληθέντων</span> 
     </span>
    </p>

    <p class='ocr_par' dir='ltr' id='par_1_11' title="bbox 199 2721 978 2814">
     <span class='ocr_line' id='line_1_28' title="bbox 199 2721 978 2814; baseline -0.006 -19"><span class='ocrx_word' id='word_1_345' title='bbox 199 2741 310 2808; x_wconf 76' lang='grc' dir='ltr'>καῦσαι,</span> <span class='ocrx_word' id='word_1_346' title='bbox 325 2735 404 2800; x_wconf 87' lang='grc' dir='ltr'>ἀλλος</span> <span class='ocrx_word' id='word_1_347' title='bbox 414 2757 453 2800; x_wconf 89' lang='grc' dir='ltr'>τις</span> <span class='ocrx_word' id='word_1_348' title='bbox 466 2737 493 2792; x_wconf 85' lang='grc' dir='ltr'>ἐν</span> <span class='ocrx_word' id='word_1_349' title='bbox 506 2734 592 2800; x_wconf 82' lang='grc' dir='ltr'>αὐτοῖς</span> <span class='ocrx_word' id='word_1_350' title='bbox 603 2732 724 2814; x_wconf 85' lang='grc' dir='ltr'>φρόνιμος</span> <span class='ocrx_word' id='word_1_351' title='bbox 733 2721 800 2790; x_wconf 75' lang='grc' dir='ltr'>εἶναι</span> <span class='ocrx_word' id='word_1_352' title='bbox 812 2731 978 2808; x_wconf 81' lang='grc' dir='ltr'>νομιζόμενος</span> 
     </span>
    </p>

    <p class='ocr_par' dir='ltr' id='par_1_12' title="bbox 200 2818 980 2902">
     <span class='ocr_line' id='line_1_29' title="bbox 200 2818 980 2902; baseline -0.008 -20"><span class='ocrx_word' id='word_1_353' title='bbox 200 2825 315 2884; x_wconf 80' lang='grc' dir='ltr'>ἐκώλυσε</span> <span class='ocrx_word' id='word_1_354' title='bbox 329 2821 423 2900; x_wconf 85' lang='grc' dir='ltr'>λέγων,</span> <span class='ocrx_word' id='word_1_355' title='bbox 437 2822 477 2879; x_wconf 85' lang='grc' dir='ltr'>ότι</span> <span class='ocrx_word' id='word_1_356' title='bbox 489 2820 549 2902; x_wconf 80' lang='grc' dir='ltr'>περὶ</span> <span class='ocrx_word' id='word_1_357' title='bbox 563 2826 646 2878; x_wconf 78' lang='grc' dir='ltr'>ταῦτα</span> <span class='ocrx_word' id='word_1_358' title='bbox 659 2824 684 2880; x_wconf 84' lang='lat' dir='ltr'>oi</span> <span class='ocrx_word' id='word_1_359' title='bbox 696 2820 826 2894; x_wconf 83' lang='grc' dir='ltr'>Ῥωμαῖοι</span> <span class='ocrx_word' id='word_1_360' title='bbox 840 2818 980 2898; x_wconf 76' lang='grc' dir='ltr'>σχολάζον-</span> 
     </span>
    </p>

    <p class='ocr_par' dir='ltr' id='par_1_13' title="bbox 199 2899 977 2987">
     <span class='ocr_line' id='line_1_30' title="bbox 199 2899 977 2987; baseline -0.004 -18"><span class='ocrx_word' id='word_1_361' title='bbox 199 2934 241 2977; x_wconf 88' lang='grc' dir='ltr'>τες</span> <span class='ocrx_word' id='word_1_362' title='bbox 257 2908 373 2987; x_wconf 86' lang='grc' dir='ltr'>πολέμου</span> <span class='ocrx_word' id='word_1_363' title='bbox 389 2910 526 2986; x_wconf 83' lang='grc' dir='ltr'>ἀμελοῦσι.</span> <span class='ocrx_word' id='word_1_364' title='bbox 546 2911 631 2968; x_wconf 79' lang='grc' dir='ltr'>Τοῦτο</span> <span class='ocrx_word' id='word_1_365' title='bbox 646 2907 673 2966; x_wconf 87' lang='grc' dir='ltr'>δὲ</span> <span class='ocrx_word' id='word_1_366' title='bbox 687 2910 722 2973; x_wconf 81' lang='grc' dir='ltr'>ὡς</span> <span class='ocrx_word' id='word_1_367' title='bbox 735 2907 840 2987; x_wconf 85' lang='grc' dir='ltr'>ἀπειρος</span> <span class='ocrx_word' id='word_1_368' title='bbox 854 2899 940 2966; x_wconf 76' lang='grc' dir='ltr'>εἶπεν·</span> <span class='ocrx_word' id='word_1_369' title='bbox 954 2909 977 2966; x_wconf 85' lang='grc' dir='ltr'>εί</span> 
     </span>
    </p>

    <p class='ocr_par' dir='ltr' id='par_1_14' title="bbox 200 2991 978 3078">
     <span class='ocr_line' id='line_1_31' title="bbox 200 2991 978 3078; baseline -0.005 -22"><span class='ocrx_word' id='word_1_370' title='bbox 200 2997 250 3078; x_wconf 83' lang='grc' dir='ltr'>γθιρ</span> <span class='ocrx_word' id='word_1_371' title='bbox 263 2999 320 3078; x_wconf 81' lang='grc' dir='ltr'>ᾔδει</span> <span class='ocrx_word' id='word_1_372' title='bbox 331 2996 377 3062; x_wconf 84' lang='grc' dir='ltr'>τάς</span> <span class='ocrx_word' id='word_1_373' title='bbox 385 2999 437 3054; x_wconf 80' lang='grc' dir='ltr'>τῶν</span> <span class='ocrx_word' id='word_1_374' title='bbox 451 2995 592 3065; x_wconf 75' lang='grc' dir='ltr'>Ἀθηναίων</span> <span class='ocrx_word' id='word_1_375' title='bbox 603 2993 648 3053; x_wconf 83' lang='grc' dir='ltr'>καὶ</span> <span class='ocrx_word' id='word_1_376' title='bbox 663 2993 806 3072; x_wconf 86' lang='grc' dir='ltr'>Ῥωμαίων</span> <span class='ocrx_word' id='word_1_377' title='bbox 818 2994 927 3074; x_wconf 82' lang='grc' dir='ltr'>ἀρετάς,</span> <span class='ocrx_word' id='word_1_378' title='bbox 938 2991 978 3052; x_wconf 81' lang='grc' dir='ltr'>σί·</span> 
     </span>
    </p>

    <p class='ocr_par' dir='ltr' id='par_1_15' title="bbox 200 3081 981 3233">
     <span class='ocr_line' id='line_1_32' title="bbox 200 3081 981 3232; baseline -0.005 -90"><span class='ocrx_word' id='word_1_379' title='bbox 200 3107 266 3232; x_wconf 53' lang='lat' dir='ltr'>Esse</span> <span class='ocrx_word' id='word_1_380' title='bbox 277 3089 302 3144; x_wconf 83' lang='grc' dir='ltr'>ἐν</span> <span class='ocrx_word' id='word_1_381' title='bbox 314 3085 400 3163; x_wconf 79' lang='grc' dir='ltr'>λόγοις</span> <span class='ocrx_word' id='word_1_382' title='bbox 409 3083 489 3142; x_wconf 75' lang='grc' dir='ltr'>καὶέν</span> <span class='ocrx_word' id='word_1_383' title='bbox 499 3081 623 3160; x_wconf 76' lang='grc' dir='ltr'>πολέμοις</span> <span class='ocrx_word' id='word_1_384' title='bbox 632 3081 796 3158; x_wconf 85' lang='grc' dir='ltr'>εὐδοκίμουν,</span> <span class='ocrx_word' id='word_1_385' title='bbox 806 3083 855 3141; x_wconf 94' lang='grc' dir='ltr'>οὐκ</span> <span class='ocrx_word' id='word_1_386' title='bbox 864 3081 896 3140; x_wconf 83' lang='grc' dir='ltr'>ἀν</span> <span class='ocrx_word' id='word_1_387' title='bbox 904 3086 981 3140; x_wconf 83' lang='grc' dir='ltr'>τοῦτο</span> 
     </span>
     <span class='ocr_line' id='line_1_33' title="bbox 224 3195 282 3233; baseline 0.052 -3"><span class='ocrx_word' id='word_1_388' title='bbox 224 3195 282 3233; x_wconf 81' lang='grc' dir='ltr'>τεν.</span> 
     </span>
    </p>

    <p class='ocr_par' dir='ltr' id='par_1_16' title="bbox 202 3253 982 3773">
     <span class='ocr_line' id='line_1_34' title="bbox 240 3253 980 3334; baseline -0.004 -16"><span class='ocrx_word' id='word_1_389' title='bbox 240 3280 263 3319; x_wconf 81' lang='grc' dir='ltr'>υ.</span> <span class='ocrx_word' id='word_1_390' title='bbox 284 3257 347 3318; x_wconf 86' lang='grc' dir='ltr'>Ὅτι</span> <span class='ocrx_word' id='word_1_391' title='bbox 362 3259 385 3316; x_wconf 82' lang='grc' dir='ltr'>οἱ</span> <span class='ocrx_word' id='word_1_392' title='bbox 406 3255 506 3317; x_wconf 84' lang='grc' dir='ltr'>Σκύθαι</span> <span class='ocrx_word' id='word_1_393' title='bbox 520 3255 584 3334; x_wconf 84' lang='grc' dir='ltr'>πρὸς</span> <span class='ocrx_word' id='word_1_394' title='bbox 597 3253 657 3322; x_wconf 84' lang='grc' dir='ltr'>τούς</span> <span class='ocrx_word' id='word_1_395' title='bbox 674 3256 701 3313; x_wconf 84' lang='grc' dir='ltr'>ἐν</span> <span class='ocrx_word' id='word_1_396' title='bbox 715 3253 823 3314; x_wconf 75' lang='grc' dir='ltr'>τέλεσιν</span> <span class='ocrx_word' id='word_1_397' title='bbox 844 3256 980 3332; x_wconf 79' lang='grc' dir='ltr'>ἐγκεκλει-</span> 
     </span>
     <span class='ocr_line' id='line_1_35' title="bbox 202 3336 980 3423; baseline -0.004 -18"><span class='ocrx_word' id='word_1_398' title='bbox 202 3347 311 3423; x_wconf 89' lang='grc' dir='ltr'>σμένους</span> <span class='ocrx_word' id='word_1_399' title='bbox 331 3345 515 3415; x_wconf 86' lang='grc' dir='ltr'>ἀπέσκωπτον,</span> <span class='ocrx_word' id='word_1_400' title='bbox 531 3343 570 3402; x_wconf 81' lang='grc' dir='ltr'>ὅτι</span> <span class='ocrx_word' id='word_1_401' title='bbox 585 3336 655 3402; x_wconf 71' lang='grc' dir='ltr'>οὗτοι</span> <span class='ocrx_word' id='word_1_402' title='bbox 678 3345 725 3401; x_wconf 87' lang='grc' dir='ltr'>οὐκ</span> <span class='ocrx_word' id='word_1_403' title='bbox 743 3341 901 3422; x_wconf 79' lang='grc' dir='ltr'>ἀνθρώπινον</span> <span class='ocrx_word' id='word_1_404' title='bbox 926 3342 980 3423; x_wconf 86' lang='grc' dir='ltr'>βίον</span> 
     </span>
     <span class='ocr_line' id='line_1_36' title="bbox 202 3429 981 3512; baseline -0.004 -21"><span class='ocrx_word' id='word_1_405' title='bbox 202 3437 290 3505; x_wconf 83' lang='grc' dir='ltr'>ζῶσιν,</span> <span class='ocrx_word' id='word_1_406' title='bbox 304 3433 362 3490; x_wconf 90' lang='grc' dir='ltr'>ἀλλ’</span> <span class='ocrx_word' id='word_1_407' title='bbox 372 3432 478 3512; x_wconf 86' lang='grc' dir='ltr'>ὀρνίθων</span> <span class='ocrx_word' id='word_1_408' title='bbox 492 3433 523 3488; x_wconf 85' lang='grc' dir='ltr'>ἐν</span> <span class='ocrx_word' id='word_1_409' title='bbox 533 3432 637 3496; x_wconf 89' lang='grc' dir='ltr'>καλιαῖς</span> <span class='ocrx_word' id='word_1_410' title='bbox 651 3432 687 3496; x_wconf 82' lang='grc' dir='ltr'>εἷς</span> <span class='ocrx_word' id='word_1_411' title='bbox 700 3430 731 3488; x_wconf 78' lang='lat' dir='ltr'>rit</span> <span class='ocrx_word' id='word_1_412' title='bbox 742 3429 807 3510; x_wconf 73' lang='grc' dir='ltr'>ύψος</span> <span class='ocrx_word' id='word_1_413' title='bbox 818 3431 981 3506; x_wconf 81' lang='grc' dir='ltr'>καθημένων,</span> 
     </span>
     <span class='ocr_line' id='line_1_37' title="bbox 202 3516 979 3598; baseline -0.006 -17"><span class='ocrx_word' id='word_1_414' title='bbox 202 3523 248 3581; x_wconf 83' lang='grc' dir='ltr'>καλ</span> <span class='ocrx_word' id='word_1_415' title='bbox 263 3520 303 3580; x_wconf 83' lang='grc' dir='ltr'>ότι</span> <span class='ocrx_word' id='word_1_416' title='bbox 315 3519 505 3584; x_wconf 82' lang='grc' dir='ltr'>καταλιπόντες</span> <span class='ocrx_word' id='word_1_417' title='bbox 518 3516 567 3588; x_wconf 70' lang='grc' dir='ltr'>τὴν</span> <span class='ocrx_word' id='word_1_418' title='bbox 583 3521 633 3595; x_wconf 70' lang='grc' dir='ltr'>γῆν</span> <span class='ocrx_word' id='word_1_419' title='bbox 652 3517 700 3590; x_wconf 79' lang='grc' dir='ltr'>τὴν</span> <span class='ocrx_word' id='word_1_420' title='bbox 714 3518 857 3598; x_wconf 84' lang='grc' dir='ltr'>τρέφουσαν</span> <span class='ocrx_word' id='word_1_421' title='bbox 872 3517 979 3594; x_wconf 83' lang='grc' dir='ltr'>αὐτούς,</span> 
     </span>
     <span class='ocr_line' id='line_1_38' title="bbox 203 3602 982 3686; baseline 0.001 -22"><span class='ocrx_word' id='word_1_422' title='bbox 203 3607 336 3686; x_wconf 74' lang='grc' dir='ltr'>ἀκάρπους</span> <span class='ocrx_word' id='word_1_423' title='bbox 358 3605 445 3672; x_wconf 86' lang='grc' dir='ltr'>πόλεις</span> <span class='ocrx_word' id='word_1_424' title='bbox 467 3602 646 3681; x_wconf 82' lang='grc' dir='ltr'>ἐπιλέγονται,</span> <span class='ocrx_word' id='word_1_425' title='bbox 668 3603 713 3662; x_wconf 74' lang='grc' dir='ltr'>καί</span> <span class='ocrx_word' id='word_1_426' title='bbox 737 3603 777 3663; x_wconf 86' lang='grc' dir='ltr'>ότι</span> <span class='ocrx_word' id='word_1_427' title='bbox 797 3604 851 3672; x_wconf 81' lang='grc' dir='ltr'>τοῖς</span> <span class='ocrx_word' id='word_1_428' title='bbox 871 3605 982 3686; x_wconf 75' lang='grc' dir='ltr'>ἀψύχοις</span> 
     </span>
     <span class='ocr_line' id='line_1_39' title="bbox 202 3690 640 3773; baseline -0.007 -22"><span class='ocrx_word' id='word_1_429' title='bbox 202 3697 324 3773; x_wconf 82' lang='grc' dir='ltr'>θαρροῦσι</span> <span class='ocrx_word' id='word_1_430' title='bbox 336 3692 435 3767; x_wconf 74' lang='grc' dir='ltr'>μᾶλλον</span> <span class='ocrx_word' id='word_1_431' title='bbox 450 3690 517 3768; x_wconf 80' lang='grc' dir='ltr'>ἤπερ</span> <span class='ocrx_word' id='word_1_432' title='bbox 529 3690 640 3756; x_wconf 76' lang='grc' dir='ltr'>ἑαυτοῖς.</span> 
     </span>
    </p>

    <p class='ocr_par' dir='ltr' id='par_1_17' title="bbox 242 3767 979 3858">
     <span class='ocr_line' id='line_1_40' title="bbox 242 3767 979 3858; baseline -0.001 -20"><span class='ocrx_word' id='word_1_433' title='bbox 242 3799 264 3838; x_wconf 80' lang='lat' dir='ltr'>a.</span> <span class='ocrx_word' id='word_1_434' title='bbox 284 3777 349 3840; x_wconf 87' lang='grc' dir='ltr'>Ὅτι</span> <span class='ocrx_word' id='word_1_435' title='bbox 362 3776 577 3842; x_wconf 81' lang='grc' dir='ltr'>Ἀνδοννόύαλλός</span> <span class='ocrx_word' id='word_1_436' title='bbox 592 3799 631 3842; x_wconf 90' lang='grc' dir='ltr'>τις</span> <span class='ocrx_word' id='word_1_437' title='bbox 651 3767 695 3850; x_wconf 72' lang='grc' dir='ltr'>ἦν,</span> <span class='ocrx_word' id='word_1_438' title='bbox 714 3775 743 3844; x_wconf 72' lang='lat' dir='ltr'>t&lt;</span> <span class='ocrx_word' id='word_1_439' title='bbox 760 3777 814 3836; x_wconf 85' lang='grc' dir='ltr'>ἀπὸ</span> <span class='ocrx_word' id='word_1_440' title='bbox 829 3776 979 3858; x_wconf 83' lang='grc' dir='ltr'>Ἐρούλλων</span> 
     </span>
    </p>
   </div>
   <div class='ocr_carea' id='block_1_10' title="bbox 470 3969 708 4028">
    <p class='ocr_par' dir='ltr' id='par_1_18' title="bbox 470 3969 708 4028">
     <span class='ocr_line' id='line_1_41' title="bbox 470 3969 708 4028; baseline 0 -2"><span class='ocrx_word' id='word_1_441' title='bbox 470 3973 500 4026; x_wconf 78' lang='grc' dir='ltr'>θ.</span> <span class='ocrx_word' id='word_1_442' title='bbox 510 3969 708 4028; x_wconf 81' lang='lat' dir='ltr'>CLAUDIUS.</span> 
     </span>
    </p>
   </div>
   <div class='ocr_carea' id='block_1_11' title="bbox 206 4091 985 4230">
    <p class='ocr_par' dir='ltr' id='par_1_19' title="bbox 206 4091 985 4230">
     <span class='ocr_line' id='line_1_42' title="bbox 238 4091 984 4156; baseline 0.001 -14"><span class='ocrx_word' id='word_1_443' title='bbox 238 4101 260 4142; x_wconf 91' lang='grc' dir='ltr'>ι.</span> <span class='ocrx_word' id='word_1_444' title='bbox 274 4093 357 4150; x_wconf 82' lang='lat' dir='ltr'>Quum</span> <span class='ocrx_word' id='word_1_445' title='bbox 366 4091 486 4153; x_wconf 73' lang='lat' dir='ltr'>Athenas,</span> <span class='ocrx_word' id='word_1_446' title='bbox 494 4092 608 4153; x_wconf 79' lang='lat' dir='ltr'>regnante</span> <span class='ocrx_word' id='word_1_447' title='bbox 616 4091 729 4152; x_wconf 81' lang='lat' dir='ltr'>claudio,</span> <span class='ocrx_word' id='word_1_448' title='bbox 738 4091 835 4154; x_wconf 77' lang='lat' dir='ltr'>scythae</span> <span class='ocrx_word' id='word_1_449' title='bbox 843 4091 984 4156; x_wconf 75' lang='lat' dir='ltr'>omopavis·</span> 
     </span>
     <span class='ocr_line' id='line_1_43' title="bbox 206 4166 985 4230; baseline 0.001 -13"><span class='ocrx_word' id='word_1_450' title='bbox 206 4166 985 4230; x_wconf 78' lang='lat' dir='ltr'>sent,conquisitosqueomneslibrosorematnriesseut,quidam</span> 
     </span>
    </p>
   </div>
   <div class='ocr_carea' id='block_1_12' title="bbox 1023 2205 1803 3864">
    <p class='ocr_par' dir='ltr' id='par_1_20' title="bbox 1023 2205 1803 3864">
     <span class='ocr_line' id='line_1_44' title="bbox 1023 2205 1784 2288; baseline -0.011 -19"><span class='ocrx_word' id='word_1_451' title='bbox 1023 2211 1068 2270; x_wconf 80' lang='grc' dir='ltr'>καλ</span> <span class='ocrx_word' id='word_1_452' title='bbox 1082 2207 1270 2286; x_wconf 80' lang='grc' dir='ltr'>συναγαγόντες</span> <span class='ocrx_word' id='word_1_453' title='bbox 1279 2208 1367 2268; x_wconf 81' lang='grc' dir='ltr'>πάντα</span> <span class='ocrx_word' id='word_1_454' title='bbox 1389 2207 1423 2267; x_wconf 86' lang='grc' dir='ltr'>τά</span> <span class='ocrx_word' id='word_1_455' title='bbox 1434 2210 1509 2288; x_wconf 81' lang='grc' dir='ltr'>ἀυτῇ</span> <span class='ocrx_word' id='word_1_456' title='bbox 1525 2209 1600 2267; x_wconf 87' lang='grc' dir='ltr'>πόλει</span> <span class='ocrx_word' id='word_1_457' title='bbox 1620 2205 1717 2287; x_wconf 78' lang='grc' dir='ltr'>βιύλία,</span> <span class='ocrx_word' id='word_1_458' title='bbox 1727 2208 1784 2263; x_wconf 85' lang='grc' dir='ltr'>καύ-</span> 
     </span>
     <span class='ocr_line' id='line_1_45' title="bbox 1023 2285 1784 2370; baseline -0.013 -14"><span class='ocrx_word' id='word_1_459' title='bbox 1023 2320 1069 2358; x_wconf 90' lang='grc' dir='ltr'>σαι</span> <span class='ocrx_word' id='word_1_460' title='bbox 1082 2301 1166 2356; x_wconf 78' lang='grc' dir='ltr'>ταῦτα</span> <span class='ocrx_word' id='word_1_461' title='bbox 1177 2296 1333 2368; x_wconf 79' lang='grc' dir='ltr'>ἠύσύλοντο.</span> <span class='ocrx_word' id='word_1_462' title='bbox 1350 2285 1397 2362; x_wconf 81' lang='grc' dir='ltr'>Εἷς</span> <span class='ocrx_word' id='word_1_463' title='bbox 1409 2293 1437 2353; x_wconf 90' lang='grc' dir='ltr'>δέ</span> <span class='ocrx_word' id='word_1_464' title='bbox 1446 2319 1485 2364; x_wconf 84' lang='grc' dir='ltr'>τις</span> <span class='ocrx_word' id='word_1_465' title='bbox 1497 2297 1551 2354; x_wconf 88' lang='grc' dir='ltr'>τῶν</span> <span class='ocrx_word' id='word_1_466' title='bbox 1562 2297 1672 2354; x_wconf 78' lang='grc' dir='ltr'>συνετῶν</span> <span class='ocrx_word' id='word_1_467' title='bbox 1681 2290 1735 2370; x_wconf 83' lang='grc' dir='ltr'>παρ’</span> <span class='ocrx_word' id='word_1_468' title='bbox 1746 2291 1784 2347; x_wconf 88' lang='grc' dir='ltr'>αὐ-</span> 
     </span>
     <span class='ocr_line' id='line_1_46' title="bbox 1024 2377 1785 2463; baseline -0.013 -19"><span class='ocrx_word' id='word_1_469' title='bbox 1024 2385 1078 2452; x_wconf 82' lang='grc' dir='ltr'>τοῖς</span> <span class='ocrx_word' id='word_1_470' title='bbox 1089 2383 1234 2444; x_wconf 89' lang='grc' dir='ltr'>δοκούντων</span> <span class='ocrx_word' id='word_1_471' title='bbox 1243 2383 1349 2462; x_wconf 77' lang='grc' dir='ltr'>ἀπεῖρξε</span> <span class='ocrx_word' id='word_1_472' title='bbox 1360 2381 1419 2450; x_wconf 89' lang='grc' dir='ltr'>τούς</span> <span class='ocrx_word' id='word_1_473' title='bbox 1431 2383 1578 2463; x_wconf 82' lang='grc' dir='ltr'>ὁμοφύλους</span> <span class='ocrx_word' id='word_1_474' title='bbox 1588 2387 1634 2442; x_wconf 78' lang='grc' dir='ltr'>τοῦ</span> <span class='ocrx_word' id='word_1_475' title='bbox 1647 2377 1785 2460; x_wconf 68' lang='grc' dir='ltr'>ἐγχειρήμα·</span> 
     </span>
     <span class='ocr_line' id='line_1_47' title="bbox 1023 2467 1786 2554; baseline -0.014 -22"><span class='ocrx_word' id='word_1_476' title='bbox 1023 2495 1081 2545; x_wconf 88' lang='grc' dir='ltr'>τος,</span> <span class='ocrx_word' id='word_1_477' title='bbox 1093 2472 1208 2554; x_wconf 81' lang='grc' dir='ltr'>φάμενος</span> <span class='ocrx_word' id='word_1_478' title='bbox 1216 2475 1251 2540; x_wconf 79' lang='grc' dir='ltr'>ὡς</span> <span class='ocrx_word' id='word_1_479' title='bbox 1264 2472 1325 2552; x_wconf 85' lang='grc' dir='ltr'>περὶ</span> <span class='ocrx_word' id='word_1_480' title='bbox 1338 2477 1422 2530; x_wconf 80' lang='grc' dir='ltr'>ταῦτα</span> <span class='ocrx_word' id='word_1_481' title='bbox 1435 2473 1460 2529; x_wconf 85' lang='grc' dir='ltr'>οἱ</span> <span class='ocrx_word' id='word_1_482' title='bbox 1468 2468 1603 2542; x_wconf 77' lang='grc' dir='ltr'>Ἕλληνες</span> <span class='ocrx_word' id='word_1_483' title='bbox 1613 2467 1786 2548; x_wconf 77' lang='grc' dir='ltr'>ἀσχολούμενοι</span> 
     </span>
     <span class='ocr_line' id='line_1_48' title="bbox 1023 2551 1790 2638; baseline -0.016 -17"><span class='ocrx_word' id='word_1_484' title='bbox 1023 2563 1174 2638; x_wconf 84' lang='grc' dir='ltr'>πολεμικῶν</span> <span class='ocrx_word' id='word_1_485' title='bbox 1190 2561 1331 2636; x_wconf 79' lang='grc' dir='ltr'>ἀμελοῦσιν</span> <span class='ocrx_word' id='word_1_486' title='bbox 1347 2558 1428 2636; x_wconf 80' lang='grc' dir='ltr'>ἐργων</span> <span class='ocrx_word' id='word_1_487' title='bbox 1443 2560 1487 2618; x_wconf 82' lang='grc' dir='ltr'>καὶ</span> <span class='ocrx_word' id='word_1_488' title='bbox 1503 2557 1588 2626; x_wconf 80' lang='grc' dir='ltr'>οὕτως</span> <span class='ocrx_word' id='word_1_489' title='bbox 1601 2557 1744 2637; x_wconf 78' lang='grc' dir='ltr'>εὐχείρωτοι</span> <span class='ocrx_word' id='word_1_490' title='bbox 1754 2551 1790 2630; x_wconf 87' lang='grc' dir='ltr'>γί-</span> 
     </span>
     <span class='ocr_line' id='line_1_49' title="bbox 1025 2645 1792 2727; baseline -0.008 -21"><span class='ocrx_word' id='word_1_491' title='bbox 1025 2649 1206 2725; x_wconf 71' lang='lat' dir='ltr'>sorren—S</span> <span class='ocrx_word' id='word_1_492' title='bbox 1225 2649 1253 2710; x_wconf 85' lang='grc'>3.</span> <span class='ocrx_word' id='word_1_493' title='bbox 1276 2645 1480 2727; x_wconf 78' lang='grc' dir='ltr'>Βιύούλῳτῷ</span> <span class='ocrx_word' id='word_1_494' title='bbox 1503 2645 1678 2725; x_wconf 83' lang='grc' dir='ltr'>βασιλεῖ.]</span> <span class='ocrx_word' id='word_1_495' title='bbox 1701 2646 1792 2700; x_wconf 76' lang='lat' dir='ltr'>«Num</span> 
     </span>
     <span class='ocr_line' id='line_1_50' title="bbox 1028 2731 1791 2816; baseline -0.013 -21"><span class='ocrx_word' id='word_1_496' title='bbox 1028 2757 1083 2816; x_wconf 90' lang='lat' dir='ltr'>pro</span> <span class='ocrx_word' id='word_1_497' title='bbox 1098 2736 1202 2794; x_wconf 83' lang='lat' dir='ltr'>Bibulo</span> <span class='ocrx_word' id='word_1_498' title='bbox 1213 2737 1394 2794; x_wconf 87' lang='lat' dir='ltr'>scribendum</span> <span class='ocrx_word' id='word_1_499' title='bbox 1405 2747 1447 2792; x_wconf 85' lang='lat' dir='ltr'>est</span> <span class='ocrx_word' id='word_1_500' title='bbox 1459 2739 1574 2808; x_wconf 72' lang='lat' dir='ltr'>bajulus</span> <span class='ocrx_word' id='word_1_501' title='bbox 1593 2736 1710 2812; x_wconf 86' lang='lat' dir='ltr'>(nempe</span> <span class='ocrx_word' id='word_1_502' title='bbox 1721 2731 1791 2787; x_wconf 89' lang='lat' dir='ltr'>lecti-</span> 
     </span>
     <span class='ocr_line' id='line_1_51' title="bbox 1025 2822 1792 2901; baseline -0.012 -18"><span class='ocrx_word' id='word_1_503' title='bbox 1025 2829 1117 2884; x_wconf 80' lang='lat' dir='ltr'>carius</span> <span class='ocrx_word' id='word_1_504' title='bbox 1127 2825 1136 2901; x_wconf 86' lang='lat'><strong>)</strong></span> <span class='ocrx_word' id='word_1_505' title='bbox 1147 2867 1156 2895; x_wconf 92' lang='lat'><strong>,</strong></span> <span class='ocrx_word' id='word_1_506' title='bbox 1169 2829 1208 2881; x_wconf 93' lang='lat' dir='ltr'>ita</span> <span class='ocrx_word' id='word_1_507' title='bbox 1216 2837 1366 2900; x_wconf 84' lang='lat' dir='ltr'>utgraecus</span> <span class='ocrx_word' id='word_1_508' title='bbox 1377 2836 1468 2880; x_wconf 81' lang='lat' dir='ltr'>textus</span> <span class='ocrx_word' id='word_1_509' title='bbox 1477 2825 1621 2880; x_wconf 82' lang='lat' dir='ltr'>latinitate</span> <span class='ocrx_word' id='word_1_510' title='bbox 1630 2827 1665 2879; x_wconf 90' lang='lat' dir='ltr'>sit</span> <span class='ocrx_word' id='word_1_511' title='bbox 1675 2822 1792 2887; x_wconf 59' lang='lat' dir='ltr'>intectum</span> 
     </span>
     <span class='ocr_line' id='line_1_52' title="bbox 1025 2904 1794 2978; baseline -0.012 -8"><span class='ocrx_word' id='word_1_512' title='bbox 1025 2915 1147 2971; x_wconf 84' lang='lat' dir='ltr'>Herulus</span> <span class='ocrx_word' id='word_1_513' title='bbox 1160 2925 1255 2971; x_wconf 87' lang='lat' dir='ltr'>autem</span> <span class='ocrx_word' id='word_1_514' title='bbox 1275 2915 1322 2968; x_wconf 91' lang='lat' dir='ltr'>ille</span> <span class='ocrx_word' id='word_1_515' title='bbox 1341 2932 1401 2968; x_wconf 92' lang='lat' dir='ltr'>non</span> <span class='ocrx_word' id='word_1_516' title='bbox 1419 2932 1483 2968; x_wconf 88' lang='lat' dir='ltr'>curn</span> <span class='ocrx_word' id='word_1_517' title='bbox 1498 2913 1604 2968; x_wconf 87' lang='lat' dir='ltr'>Bibulo</span> <span class='ocrx_word' id='word_1_518' title='bbox 1620 2913 1735 2978; x_wconf 71' lang='lat' dir='ltr'>casua,</span> <span class='ocrx_word' id='word_1_519' title='bbox 1752 2904 1794 2961; x_wconf 82' lang='lat' dir='ltr'>scd</span> 
     </span>
     <span class='ocr_line' id='line_1_53' title="bbox 1026 2999 1796 3073; baseline -0.013 -15"><span class='ocrx_word' id='word_1_520' title='bbox 1026 3020 1090 3058; x_wconf 90' lang='lat' dir='ltr'>cum</span> <span class='ocrx_word' id='word_1_521' title='bbox 1102 3000 1213 3059; x_wconf 78' lang='lat' dir='ltr'>Claudii</span> <span class='ocrx_word' id='word_1_522' title='bbox 1221 3001 1334 3058; x_wconf 89' lang='lat' dir='ltr'>Gothici</span> <span class='ocrx_word' id='word_1_523' title='bbox 1348 3000 1445 3072; x_wconf 84' lang='lat' dir='ltr'>bajulo</span> <span class='ocrx_word' id='word_1_524' title='bbox 1457 3001 1613 3073; x_wconf 85' lang='lat' dir='ltr'>loquatur?</span> <span class='ocrx_word' id='word_1_525' title='bbox 1625 2999 1708 3072; x_wconf 78' lang='lat' dir='ltr'>Atqui</span> <span class='ocrx_word' id='word_1_526' title='bbox 1721 2999 1748 3051; x_wconf 91' lang='lat' dir='ltr'>in</span> <span class='ocrx_word' id='word_1_527' title='bbox 1758 3013 1796 3050; x_wconf 85' lang='lat' dir='ltr'>co·</span> 
     </span>
     <span class='ocr_line' id='line_1_54' title="bbox 1026 3077 1796 3163; baseline -0.013 -18"><span class='ocrx_word' id='word_1_528' title='bbox 1026 3089 1095 3145; x_wconf 88' lang='lat' dir='ltr'>dicis</span> <span class='ocrx_word' id='word_1_529' title='bbox 1109 3106 1226 3163; x_wconf 91' lang='lat' dir='ltr'>quoque</span> <span class='ocrx_word' id='word_1_530' title='bbox 1238 3089 1366 3162; x_wconf 78' lang='lat' dir='ltr'>margine</span> <span class='ocrx_word' id='word_1_531' title='bbox 1380 3091 1482 3143; x_wconf 86' lang='lat' dir='ltr'>lemma</span> <span class='ocrx_word' id='word_1_532' title='bbox 1493 3089 1674 3144; x_wconf 86' lang='lat' dir='ltr'>rubricatum</span> <span class='ocrx_word' id='word_1_533' title='bbox 1692 3097 1731 3141; x_wconf 89' lang='lat' dir='ltr'>est</span> <span class='ocrx_word' id='word_1_534' title='bbox 1746 3077 1796 3156; x_wconf 76' lang='grc' dir='ltr'>περὶ</span> 
     </span>
     <span class='ocr_line' id='line_1_55' title="bbox 1028 3169 1797 3253; baseline -0.009 -23"><span class='ocrx_word' id='word_1_535' title='bbox 1028 3173 1152 3253; x_wconf 84' lang='grc' dir='ltr'>βιύούλσυ</span> <span class='ocrx_word' id='word_1_536' title='bbox 1164 3178 1210 3231; x_wconf 81' lang='grc' dir='ltr'>τοῦ</span> <span class='ocrx_word' id='word_1_537' title='bbox 1226 3169 1364 3252; x_wconf 89' lang='grc' dir='ltr'>βασιλέως.</span> <span class='ocrx_word' id='word_1_538' title='bbox 1381 3177 1481 3249; x_wconf 87' lang='lat' dir='ltr'>Neque</span> <span class='ocrx_word' id='word_1_539' title='bbox 1496 3187 1597 3232; x_wconf 84' lang='lat' dir='ltr'>tamen</span> <span class='ocrx_word' id='word_1_540' title='bbox 1607 3178 1709 3231; x_wconf 83' lang='lat' dir='ltr'>lemma</span> <span class='ocrx_word' id='word_1_541' title='bbox 1719 3170 1797 3246; x_wconf 88' lang='lat' dir='ltr'>suspi-</span> 
     </span>
     <span class='ocr_line' id='line_1_56' title="bbox 1027 3261 1797 3333; baseline -0.009 -15"><span class='ocrx_word' id='word_1_542' title='bbox 1027 3265 1137 3319; x_wconf 85' lang='lat' dir='ltr'>cionem</span> <span class='ocrx_word' id='word_1_543' title='bbox 1149 3265 1254 3319; x_wconf 87' lang='lat' dir='ltr'>erroris</span> <span class='ocrx_word' id='word_1_544' title='bbox 1266 3261 1402 3319; x_wconf 83' lang='lat' dir='ltr'>excludit.</span> <span class='ocrx_word' id='word_1_545' title='bbox 1419 3287 1432 3314; x_wconf 81' lang='grc' dir='ltr'>ι</span> <span class='ocrx_word' id='word_1_546' title='bbox 1450 3264 1521 3318; x_wconf 79' lang='lat' dir='ltr'>list.</span> <span class='ocrx_word' id='word_1_547' title='bbox 1538 3265 1583 3320; x_wconf 89' lang='lat' dir='ltr'>Ut</span> <span class='ocrx_word' id='word_1_548' title='bbox 1595 3263 1632 3318; x_wconf 92' lang='lat' dir='ltr'>de</span> <span class='ocrx_word' id='word_1_549' title='bbox 1645 3261 1797 3333; x_wconf 30' lang='lat' dir='ltr'>bojnlolco·</span> 
     </span>
     <span class='ocr_line' id='line_1_57' title="bbox 1026 3347 1799 3430; baseline 0 -26"><span class='ocrx_word' id='word_1_550' title='bbox 1026 3351 1144 3425; x_wconf 82' lang='lat' dir='ltr'>gitaret,</span> <span class='ocrx_word' id='word_1_551' title='bbox 1157 3352 1393 3407; x_wconf 83' lang='lat' dir='ltr'>movisselllniurn</span> <span class='ocrx_word' id='word_1_552' title='bbox 1403 3347 1516 3405; x_wconf 84' lang='lat' dir='ltr'>videtur</span> <span class='ocrx_word' id='word_1_553' title='bbox 1527 3369 1588 3407; x_wconf 84' lang='lat' dir='ltr'>vox</span> <span class='ocrx_word' id='word_1_554' title='bbox 1599 3347 1715 3430; x_wconf 89' lang='grc' dir='ltr'>φορέσαι,</span> <span class='ocrx_word' id='word_1_555' title='bbox 1725 3363 1799 3420; x_wconf 78' lang='lat' dir='ltr'>quam</span> 
     </span>
     <span class='ocr_line' id='line_1_58' title="bbox 1027 3435 1800 3512; baseline -0.003 -22"><span class='ocrx_word' id='word_1_556' title='bbox 1027 3437 1113 3492; x_wconf 87' lang='lat' dir='ltr'>vertit</span> <span class='ocrx_word' id='word_1_557' title='bbox 1133 3437 1296 3507; x_wconf 81' lang='lat' dir='ltr'>bajulando.</span> <span class='ocrx_word' id='word_1_558' title='bbox 1317 3437 1403 3508; x_wconf 90' lang='lat' dir='ltr'>Quod</span> <span class='ocrx_word' id='word_1_559' title='bbox 1424 3455 1484 3491; x_wconf 88' lang='lat' dir='ltr'>non</span> <span class='ocrx_word' id='word_1_560' title='bbox 1504 3447 1549 3492; x_wconf 86' lang='lat' dir='ltr'>est</span> <span class='ocrx_word' id='word_1_561' title='bbox 1571 3437 1731 3512; x_wconf 89' lang='lat' dir='ltr'>probabile.</span> <span class='ocrx_word' id='word_1_562' title='bbox 1751 3435 1800 3488; x_wconf 81' lang='lat' dir='ltr'>Aut</span> 
     </span>
     <span class='ocr_line' id='line_1_59' title="bbox 1026 3522 1801 3600; baseline -0.012 -22"><span class='ocrx_word' id='word_1_563' title='bbox 1026 3523 1114 3578; x_wconf 89' lang='lat' dir='ltr'>scrib.</span> <span class='ocrx_word' id='word_1_564' title='bbox 1124 3523 1286 3600; x_wconf 81' lang='grc' dir='ltr'>ἐμφορῆσαι,</span> <span class='ocrx_word' id='word_1_565' title='bbox 1296 3533 1346 3578; x_wconf 87' lang='lat' dir='ltr'>aut</span> <span class='ocrx_word' id='word_1_566' title='bbox 1354 3522 1456 3579; x_wconf 92' lang='lat' dir='ltr'>eodem</span> <span class='ocrx_word' id='word_1_567' title='bbox 1465 3541 1551 3580; x_wconf 89' lang='lat' dir='ltr'>sensu</span> <span class='ocrx_word' id='word_1_568' title='bbox 1562 3524 1704 3579; x_wconf 84' lang='lat' dir='ltr'>barbarus</span> <span class='ocrx_word' id='word_1_569' title='bbox 1713 3529 1801 3576; x_wconf 90' lang='lat' dir='ltr'>noster</span> 
     </span>
     <span class='ocr_line' id='line_1_60' title="bbox 1025 3601 1800 3688; baseline -0.004 -24"><span class='ocrx_word' id='word_1_570' title='bbox 1025 3611 1176 3684; x_wconf 83' lang='lat' dir='ltr'>usurpavit</span> <span class='ocrx_word' id='word_1_571' title='bbox 1183 3629 1285 3666; x_wconf 88' lang='lat' dir='ltr'>vocem</span> <span class='ocrx_word' id='word_1_572' title='bbox 1294 3607 1411 3688; x_wconf 87' lang='grc' dir='ltr'>φορέσαι.</span> <span class='ocrx_word' id='word_1_573' title='bbox 1422 3611 1557 3668; x_wconf 81' lang='lat' dir='ltr'>Fortasse</span> <span class='ocrx_word' id='word_1_574' title='bbox 1568 3612 1624 3667; x_wconf 84' lang='lat' dir='ltr'>tuit</span> <span class='ocrx_word' id='word_1_575' title='bbox 1637 3601 1711 3680; x_wconf 66' lang='grc' dir='ltr'>ἦλθεν</span> <span class='ocrx_word' id='word_1_576' title='bbox 1720 3608 1753 3670; x_wconf 83' lang='grc' dir='ltr'>είς</span> <span class='ocrx_word' id='word_1_577' title='bbox 1764 3601 1800 3661; x_wconf 82' lang='lat' dir='ltr'>ti·</span> 
     </span>
     <span class='ocr_line' id='line_1_61' title="bbox 1026 3689 1803 3778; baseline 0.005 -26"><span class='ocrx_word' id='word_1_578' title='bbox 1026 3716 1086 3771; x_wconf 90' lang='grc' dir='ltr'>γους</span> <span class='ocrx_word' id='word_1_579' title='bbox 1101 3694 1216 3776; x_wconf 81' lang='grc' dir='ltr'>εὐνούχῳ</span> <span class='ocrx_word' id='word_1_580' title='bbox 1232 3699 1276 3753; x_wconf 81' lang='lat' dir='ltr'>vel</span> <span class='ocrx_word' id='word_1_581' title='bbox 1296 3695 1381 3776; x_wconf 83' lang='grc' dir='ltr'>δούλῳ</span> <span class='ocrx_word' id='word_1_582' title='bbox 1396 3699 1441 3754; x_wconf 85' lang='lat' dir='ltr'>vel</span> <span class='ocrx_word' id='word_1_583' title='bbox 1454 3695 1587 3778; x_wconf 81' lang='grc' dir='ltr'>τριύσύνιρ</span> <span class='ocrx_word' id='word_1_584' title='bbox 1600 3695 1653 3755; x_wconf 78' lang='grc' dir='ltr'>τινὶ</span> <span class='ocrx_word' id='word_1_585' title='bbox 1674 3689 1803 3775; x_wconf 71' lang='grc' dir='ltr'>βασιλέως,</span> 
     </span>
     <span class='ocr_line' id='line_1_62' title="bbox 1026 3780 1509 3864; baseline 0.008 -24"><span class='ocrx_word' id='word_1_586' title='bbox 1026 3785 1074 3840; x_wconf 86' lang='lat' dir='ltr'>vel</span> <span class='ocrx_word' id='word_1_587' title='bbox 1084 3780 1205 3864; x_wconf 82' lang='grc' dir='ltr'>Βιύούλῳ</span> <span class='ocrx_word' id='word_1_588' title='bbox 1218 3785 1256 3862; x_wconf 82' lang='grc' dir='ltr'>τῷ</span> <span class='ocrx_word' id='word_1_589' title='bbox 1270 3782 1299 3810; x_wconf 75' lang='lat'>¹*</span> <span class='ocrx_word' id='word_1_590' title='bbox 1312 3788 1358 3841; x_wconf 82' lang='grc' dir='ltr'>τοῦ</span> <span class='ocrx_word' id='word_1_591' title='bbox 1370 3783 1509 3861; x_wconf 85' lang='grc' dir='ltr'>βασιλέως.</span> 
     </span>
    </p>
   </div>
   <div class='ocr_carea' id='block_1_13' title="bbox 1026 3946 1811 4244">
    <p class='ocr_par' dir='ltr' id='par_1_21' title="bbox 1026 3946 1811 4244">
     <span class='ocr_line' id='line_1_63' title="bbox 1028 3946 1809 4013; baseline -0.004 -18"><span class='ocrx_word' id='word_1_592' title='bbox 1028 3947 1115 3997; x_wconf 84' lang='lat' dir='ltr'>rntoris</span> <span class='ocrx_word' id='word_1_593' title='bbox 1125 3947 1285 4010; x_wconf 85' lang='lat' dir='ltr'>(ministro),</span> <span class='ocrx_word' id='word_1_594' title='bbox 1297 3951 1339 4012; x_wconf 84' lang='lat' dir='ltr'>qui</span> <span class='ocrx_word' id='word_1_595' title='bbox 1351 3949 1494 3999; x_wconf 82' lang='lat' dir='ltr'>hortabatur</span> <span class='ocrx_word' id='word_1_596' title='bbox 1504 3950 1576 4000; x_wconf 88' lang='lat' dir='ltr'>illum</span> <span class='ocrx_word' id='word_1_597' title='bbox 1594 3951 1626 4000; x_wconf 91' lang='lat' dir='ltr'>ut</span> <span class='ocrx_word' id='word_1_598' title='bbox 1641 3946 1809 4013; x_wconf 79' lang='lat' dir='ltr'>imperatoriae</span> 
     </span>
     <span class='ocr_line' id='line_1_64' title="bbox 1026 4024 1807 4090; baseline -0.006 -16"><span class='ocrx_word' id='word_1_599' title='bbox 1026 4024 1142 4074; x_wconf 70' lang='lat' dir='ltr'>traderet,</span> <span class='ocrx_word' id='word_1_600' title='bbox 1149 4027 1180 4076; x_wconf 81' lang='lat' dir='ltr'>At</span> <span class='ocrx_word' id='word_1_601' title='bbox 1189 4029 1209 4075; x_wconf 83' lang='lat' dir='ltr'>ts</span> <span class='ocrx_word' id='word_1_602' title='bbox 1219 4027 1304 4075; x_wconf 84' lang='lat' dir='ltr'>muira</span> <span class='ocrx_word' id='word_1_603' title='bbox 1312 4027 1449 4090; x_wconf 81' lang='lat' dir='ltr'>appellabat</span> <span class='ocrx_word' id='word_1_604' title='bbox 1458 4026 1572 4076; x_wconf 80' lang='lat' dir='ltr'>bibulum</span> <span class='ocrx_word' id='word_1_605' title='bbox 1578 4026 1747 4077; x_wconf 78' lang='lat' dir='ltr'>servilianimn</span> <span class='ocrx_word' id='word_1_606' title='bbox 1756 4033 1807 4085; x_wconf 81' lang='lat' dir='ltr'>pre·</span> 
     </span>
     <span class='ocr_line' id='line_1_65' title="bbox 1027 4096 1809 4166; baseline -0.001 -16"><span class='ocrx_word' id='word_1_607' title='bbox 1027 4100 1107 4150; x_wconf 83' lang='lat' dir='ltr'>ditum</span> <span class='ocrx_word' id='word_1_608' title='bbox 1117 4103 1243 4164; x_wconf 84' lang='lat' dir='ltr'>ventrique</span> <span class='ocrx_word' id='word_1_609' title='bbox 1253 4102 1376 4164; x_wconf 82' lang='lat' dir='ltr'>deditum,</span> <span class='ocrx_word' id='word_1_610' title='bbox 1391 4105 1434 4166; x_wconf 88' lang='lat' dir='ltr'>qui</span> <span class='ocrx_word' id='word_1_611' title='bbox 1443 4105 1559 4154; x_wconf 88' lang='lat' dir='ltr'>nimirum</span> <span class='ocrx_word' id='word_1_612' title='bbox 1575 4105 1716 4155; x_wconf 83' lang='lat' dir='ltr'>libertatem</span> <span class='ocrx_word' id='word_1_613' title='bbox 1725 4096 1809 4152; x_wconf 83' lang='lat' dir='ltr'>edendo</span> 
     </span>
     <span class='ocr_line' id='line_1_66' title="bbox 1027 4177 1811 4244; baseline -0.004 -17"><span class='ocrx_word' id='word_1_614' title='bbox 1027 4177 1053 4227; x_wconf 84' lang='lat' dir='ltr'>et</span> <span class='ocrx_word' id='word_1_615' title='bbox 1071 4178 1235 4241; x_wconf 78' lang='lat' dir='ltr'>ingurgitando</span> <span class='ocrx_word' id='word_1_616' title='bbox 1253 4180 1378 4231; x_wconf 84' lang='lat' dir='ltr'>amisisset.</span> <span class='ocrx_word' id='word_1_617' title='bbox 1396 4181 1439 4230; x_wconf 84' lang='lat' dir='ltr'>tile</span> <span class='ocrx_word' id='word_1_618' title='bbox 1461 4193 1520 4230; x_wconf 77' lang='lat' dir='ltr'>vero</span> <span class='ocrx_word' id='word_1_619' title='bbox 1539 4181 1669 4244; x_wconf 86' lang='lat' dir='ltr'>respondit</span> <span class='ocrx_word' id='word_1_620' title='bbox 1690 4199 1724 4230; x_wconf 74' lang='grc' dir='ltr'>«ι</span> <span class='ocrx_word' id='word_1_621' title='bbox 1741 4181 1811 4227; x_wconf 86' lang='lat' dir='ltr'>imno</span> 
     </span>
    </p>
   </div>
   <div class='ocr_carea' id='block_1_14' title="bbox 207 4239 1811 4320">
    <p class='ocr_par' dir='ltr' id='par_1_22' title="bbox 207 4239 1811 4320">
     <span class='ocr_line' id='line_1_67' title="bbox 207 4239 1811 4320; baseline 0.002 -26"><span class='ocrx_word' id='word_1_622' title='bbox 207 4246 465 4308; x_wconf 86' lang='lat' dir='ltr'>interensprudentior</span> <span class='ocrx_word' id='word_1_623' title='bbox 474 4245 559 4294; x_wconf 83' lang='lat' dir='ltr'>oeter&#39;u</span> <span class='ocrx_word' id='word_1_624' title='bbox 567 4245 685 4305; x_wconf 87' lang='lat' dir='ltr'>creditus,</span> <span class='ocrx_word' id='word_1_625' title='bbox 698 4239 749 4296; x_wconf 77' lang='lat' dir='ltr'>reni</span> <span class='ocrx_word' id='word_1_626' title='bbox 761 4246 874 4296; x_wconf 85' lang='lat' dir='ltr'>inhibuit.</span> <span class='ocrx_word' id='word_1_627' title='bbox 885 4247 986 4298; x_wconf 78' lang='lat' dir='ltr'>Dicebat</span> <span class='ocrx_word' id='word_1_628' title='bbox 1028 4266 1072 4316; x_wconf 79' lang='lat' dir='ltr'>ngn</span> <span class='ocrx_word' id='word_1_629' title='bbox 1082 4267 1140 4304; x_wconf 76' lang='lat' dir='ltr'>sum</span> <span class='ocrx_word' id='word_1_630' title='bbox 1157 4255 1231 4316; x_wconf 85' lang='lat' dir='ltr'>tiher;</span> <span class='ocrx_word' id='word_1_631' title='bbox 1250 4268 1306 4306; x_wconf 85' lang='lat' dir='ltr'>nam</span> <span class='ocrx_word' id='word_1_632' title='bbox 1325 4257 1393 4306; x_wconf 88' lang='lat' dir='ltr'>tsnto</span> <span class='ocrx_word' id='word_1_633' title='bbox 1407 4256 1508 4320; x_wconf 84' lang='lat' dir='ltr'>principi</span> <span class='ocrx_word' id='word_1_634' title='bbox 1527 4269 1602 4308; x_wconf 85' lang='lat' dir='ltr'>eartrs</span> <span class='ocrx_word' id='word_1_635' title='bbox 1619 4269 1690 4318; x_wconf 85' lang='lat' dir='ltr'>sum,</span> <span class='ocrx_word' id='word_1_636' title='bbox 1706 4255 1811 4313; x_wconf 79' lang='lat' dir='ltr'>nullaque</span> 
     </span>
    </p>
   </div>
   <div class='ocr_carea' id='block_1_15' title="bbox 206 4323 1819 5016">
    <p class='ocr_par' dir='ltr' id='par_1_23' title="bbox 206 4323 1819 5016">
     <span class='ocr_line' id='line_1_68' title="bbox 206 4323 1811 4400; baseline 0.004 -28"><span class='ocrx_word' id='word_1_637' title='bbox 206 4325 326 4374; x_wconf 78' lang='lat' dir='ltr'>enimiore</span> <span class='ocrx_word' id='word_1_638' title='bbox 336 4327 363 4374; x_wconf 89' lang='lat' dir='ltr'>ut</span> <span class='ocrx_word' id='word_1_639' title='bbox 373 4323 485 4386; x_wconf 78' lang='lat' dir='ltr'>Romani,</span> <span class='ocrx_word' id='word_1_640' title='bbox 494 4324 553 4374; x_wconf 86' lang='lat' dir='ltr'>dum</span> <span class='ocrx_word' id='word_1_641' title='bbox 565 4324 632 4374; x_wconf 87' lang='lat' dir='ltr'>tibris</span> <span class='ocrx_word' id='word_1_642' title='bbox 640 4328 828 4387; x_wconf 82' lang='lat' dir='ltr'>occuparentur,</span> <span class='ocrx_word' id='word_1_643' title='bbox 839 4325 930 4375; x_wconf 85' lang='lat' dir='ltr'>bellum</span> <span class='ocrx_word' id='word_1_644' title='bbox 942 4339 985 4377; x_wconf 88' lang='lat' dir='ltr'>ne·</span> <span class='ocrx_word' id='word_1_645' title='bbox 1030 4345 1056 4381; x_wconf 88' lang='lat' dir='ltr'>re</span> <span class='ocrx_word' id='word_1_646' title='bbox 1067 4331 1131 4381; x_wconf 85' lang='lat' dir='ltr'>bona</span> <span class='ocrx_word' id='word_1_647' title='bbox 1142 4331 1273 4395; x_wconf 85' lang='lat' dir='ltr'>destituor;</span> <span class='ocrx_word' id='word_1_648' title='bbox 1284 4332 1329 4384; x_wconf 91' lang='lat' dir='ltr'>tibi</span> <span class='ocrx_word' id='word_1_649' title='bbox 1344 4345 1402 4384; x_wconf 79' lang='lat' dir='ltr'>vero</span> <span class='ocrx_word' id='word_1_650' title='bbox 1422 4346 1501 4397; x_wconf 85' lang='lat' dir='ltr'>nequo</span> <span class='ocrx_word' id='word_1_651' title='bbox 1514 4335 1590 4386; x_wconf 83' lang='lat' dir='ltr'>testis</span> <span class='ocrx_word' id='word_1_652' title='bbox 1603 4347 1687 4400; x_wconf 87' lang='lat' dir='ltr'>neque</span> <span class='ocrx_word' id='word_1_653' title='bbox 1698 4331 1746 4383; x_wconf 86' lang='lat' dir='ltr'>o&#39;bi</span> <span class='ocrx_word' id='word_1_654' title='bbox 1758 4330 1811 4380; x_wconf 76' lang='lat' dir='ltr'>atta·</span> 
     </span>
     <span class='ocr_line' id='line_1_69' title="bbox 207 4399 1149 4463; baseline -0.001 -13"><span class='ocrx_word' id='word_1_655' title='bbox 207 4402 330 4463; x_wconf 73' lang='lat' dir='ltr'>gligerent.</span> <span class='ocrx_word' id='word_1_656' title='bbox 344 4403 395 4450; x_wconf 85' lang='lat' dir='ltr'>{loo</span> <span class='ocrx_word' id='word_1_657' title='bbox 403 4401 485 4450; x_wconf 84' lang='lat' dir='ltr'>autent</span> <span class='ocrx_word' id='word_1_658' title='bbox 494 4402 523 4449; x_wconf 89' lang='lat' dir='ltr'>ut</span> <span class='ocrx_word' id='word_1_659' title='bbox 531 4399 597 4448; x_wconf 88' lang='lat' dir='ltr'>rudis</span> <span class='ocrx_word' id='word_1_660' title='bbox 605 4399 668 4450; x_wconf 77' lang='lat' dir='ltr'>dixit</span> <span class='ocrx_word' id='word_1_661' title='bbox 679 4414 685 4447; x_wconf 79' lang='grc' dir='ltr'>ι</span> <span class='ocrx_word' id='word_1_662' title='bbox 696 4403 780 4452; x_wconf 86' lang='lat' dir='ltr'>namsi</span> <span class='ocrx_word' id='word_1_663' title='bbox 792 4403 899 4453; x_wconf 71' lang='lat' dir='ltr'>nosmet</span> <span class='ocrx_word' id='word_1_664' title='bbox 909 4403 985 4454; x_wconf 67' lang='lat' dir='ltr'>stne·</span> <span class='ocrx_word' id='word_1_665' title='bbox 1028 4409 1074 4459; x_wconf 77' lang='lat' dir='ltr'>tim</span> <span class='ocrx_word' id='word_1_666' title='bbox 1082 4411 1127 4459; x_wconf 60' lang='grc' dir='ltr'>ως,</span> <span class='ocrx_word' id='word_1_667' title='bbox 1135 4425 1149 4454; x_wconf 77' lang='lat'>.</span> 
     </span>
     <span class='ocr_line' id='line_1_70' title="bbox 208 4477 1812 4552; baseline 0.007 -26"><span class='ocrx_word' id='word_1_668' title='bbox 208 4479 324 4528; x_wconf 87' lang='lat' dir='ltr'>niensium</span> <span class='ocrx_word' id='word_1_669' title='bbox 336 4481 361 4526; x_wconf 91' lang='lat' dir='ltr'>et</span> <span class='ocrx_word' id='word_1_670' title='bbox 369 4479 532 4527; x_wconf 77' lang='lat' dir='ltr'>Romanorum</span> <span class='ocrx_word' id='word_1_671' title='bbox 544 4477 659 4538; x_wconf 80' lang='lat' dir='ltr'>virtutes,</span> <span class='ocrx_word' id='word_1_672' title='bbox 667 4479 712 4540; x_wconf 88' lang='lat' dir='ltr'>qui</span> <span class='ocrx_word' id='word_1_673' title='bbox 720 4479 907 4530; x_wconf 82' lang='lat' dir='ltr'>literisetnrmis</span> <span class='ocrx_word' id='word_1_674' title='bbox 917 4491 987 4544; x_wconf 77' lang='lat' dir='ltr'>nsque</span> <span class='ocrx_word' id='word_1_675' title='bbox 1059 4487 1084 4536; x_wconf 83' lang='lat' dir='ltr'>t.</span> <span class='ocrx_word' id='word_1_676' title='bbox 1096 4487 1152 4536; x_wconf 81' lang='lat' dir='ltr'>Post</span> <span class='ocrx_word' id='word_1_677' title='bbox 1165 4485 1290 4536; x_wconf 81' lang='lat' dir='ltr'>victoriam</span> <span class='ocrx_word' id='word_1_678' title='bbox 1303 4487 1334 4537; x_wconf 85' lang='lat' dir='ltr'>dn</span> <span class='ocrx_word' id='word_1_679' title='bbox 1343 4487 1438 4550; x_wconf 74' lang='lat' dir='ltr'>scythis</span> <span class='ocrx_word' id='word_1_680' title='bbox 1446 4487 1547 4538; x_wconf 80' lang='lat' dir='ltr'>relatam</span> <span class='ocrx_word' id='word_1_681' title='bbox 1557 4489 1622 4540; x_wconf 90' lang='lat' dir='ltr'>dom</span> <span class='ocrx_word' id='word_1_682' title='bbox 1633 4487 1764 4552; x_wconf 82' lang='lat' dir='ltr'>imperator</span> <span class='ocrx_word' id='word_1_683' title='bbox 1774 4483 1812 4533; x_wconf 77' lang='lat' dir='ltr'>ts·</span> 
     </span>
     <span class='ocr_line' id='line_1_71' title="bbox 208 4554 1815 4636; baseline -0.007 -18"><span class='ocrx_word' id='word_1_684' title='bbox 208 4557 360 4636; x_wconf 60' lang='lat' dir='ltr'>thwetum,</span> <span class='ocrx_word' id='word_1_685' title='bbox 370 4554 432 4604; x_wconf 85' lang='lat' dir='ltr'>baud</span> <span class='ocrx_word' id='word_1_686' title='bbox 442 4554 476 4605; x_wconf 65' lang='lat'>5¹⁸</span> <span class='ocrx_word' id='word_1_687' title='bbox 484 4557 547 4606; x_wconf 56' lang='grc' dir='ltr'>ΟΜ</span> <span class='ocrx_word' id='word_1_688' title='bbox 559 4555 661 4606; x_wconf 58' lang='lat' dir='ltr'>imiimi·</span> <span class='ocrx_word' id='word_1_689' title='bbox 1029 4562 1090 4613; x_wconf 70' lang='lat' dir='ltr'>titire</span> <span class='ocrx_word' id='word_1_690' title='bbox 1102 4563 1211 4626; x_wconf 79' lang='lat' dir='ltr'>indulget</span> <span class='ocrx_word' id='word_1_691' title='bbox 1228 4566 1253 4614; x_wconf 87' lang='lat' dir='ltr'>et</span> <span class='ocrx_word' id='word_1_692' title='bbox 1261 4565 1414 4626; x_wconf 81' lang='lat' dir='ltr'>convivatur,</span> <span class='ocrx_word' id='word_1_693' title='bbox 1428 4565 1548 4627; x_wconf 79' lang='lat' dir='ltr'>ingressus</span> <span class='ocrx_word' id='word_1_694' title='bbox 1560 4569 1602 4616; x_wconf 82' lang='lat' dir='ltr'>est</span> <span class='ocrx_word' id='word_1_695' title='bbox 1613 4580 1699 4618; x_wconf 84' lang='lat' dir='ltr'>coram</span> <span class='ocrx_word' id='word_1_696' title='bbox 1710 4563 1815 4615; x_wconf 80' lang='lat' dir='ltr'>omnibns</span> 
     </span>
     <span class='ocr_line' id='line_1_72' title="bbox 239 4634 1812 4704; baseline 0 -18"><span class='ocrx_word' id='word_1_697' title='bbox 239 4643 261 4686; x_wconf 73' lang='grc' dir='ltr'>υ.</span> <span class='ocrx_word' id='word_1_698' title='bbox 272 4634 473 4696; x_wconf 79' lang='lat' dir='ltr'>scyttreurntum</span> <span class='ocrx_word' id='word_1_699' title='bbox 483 4634 572 4684; x_wconf 84' lang='lat' dir='ltr'>incolas</span> <span class='ocrx_word' id='word_1_700' title='bbox 581 4635 726 4697; x_wconf 83' lang='lat' dir='ltr'>irridebant,</span> <span class='ocrx_word' id='word_1_701' title='bbox 737 4637 804 4698; x_wconf 84' lang='lat' dir='ltr'>qnod</span> <span class='ocrx_word' id='word_1_702' title='bbox 815 4637 841 4688; x_wconf 90' lang='lat' dir='ltr'>bi</span> <span class='ocrx_word' id='word_1_703' title='bbox 850 4650 899 4688; x_wconf 87' lang='lat' dir='ltr'>non</span> <span class='ocrx_word' id='word_1_704' title='bbox 908 4639 986 4690; x_wconf 77' lang='lat' dir='ltr'>bonit-</span> <span class='ocrx_word' id='word_1_705' title='bbox 1030 4639 1243 4704; x_wconf 76' lang='lat' dir='ltr'>sudonnolrallus,</span> <span class='ocrx_word' id='word_1_706' title='bbox 1255 4642 1337 4704; x_wconf 85' lang='lat' dir='ltr'>aitque</span> <span class='ocrx_word' id='word_1_707' title='bbox 1348 4641 1410 4692; x_wconf 81' lang='lat' dir='ltr'>telle</span> <span class='ocrx_word' id='word_1_708' title='bbox 1420 4654 1447 4692; x_wconf 85' lang='lat' dir='ltr'>se</span> <span class='ocrx_word' id='word_1_709' title='bbox 1462 4642 1610 4692; x_wconf 84' lang='lat' dir='ltr'>beneficium</span> <span class='ocrx_word' id='word_1_710' title='bbox 1623 4644 1656 4692; x_wconf 91' lang='lat' dir='ltr'>ab</span> <span class='ocrx_word' id='word_1_711' title='bbox 1675 4643 1717 4691; x_wconf 87' lang='lat' dir='ltr'>itto</span> <span class='ocrx_word' id='word_1_712' title='bbox 1728 4643 1812 4702; x_wconf 80' lang='lat' dir='ltr'>petere·</span> 
     </span>
     <span class='ocr_line' id='line_1_73' title="bbox 209 4710 1816 4782; baseline 0.001 -20"><span class='ocrx_word' id='word_1_713' title='bbox 209 4725 268 4762; x_wconf 89' lang='lat' dir='ltr'>num</span> <span class='ocrx_word' id='word_1_714' title='bbox 278 4710 318 4761; x_wconf 84' lang='lat' dir='ltr'>scd</span> <span class='ocrx_word' id='word_1_715' title='bbox 335 4711 418 4760; x_wconf 81' lang='lat' dir='ltr'>svium</span> <span class='ocrx_word' id='word_1_716' title='bbox 430 4711 505 4760; x_wconf 83' lang='lat' dir='ltr'>vitam</span> <span class='ocrx_word' id='word_1_717' title='bbox 516 4711 627 4772; x_wconf 77' lang='lat' dir='ltr'>agerent,</span> <span class='ocrx_word' id='word_1_718' title='bbox 639 4725 695 4773; x_wconf 75' lang='lat' dir='ltr'>ntra</span> <span class='ocrx_word' id='word_1_719' title='bbox 706 4713 775 4763; x_wconf 86' lang='lat' dir='ltr'>nidos</span> <span class='ocrx_word' id='word_1_720' title='bbox 784 4714 921 4766; x_wconf 85' lang='lat' dir='ltr'>sublimiter</span> <span class='ocrx_word' id='word_1_721' title='bbox 933 4729 986 4768; x_wconf 85' lang='lat' dir='ltr'>sus·</span> <span class='ocrx_word' id='word_1_722' title='bbox 1030 4720 1164 4779; x_wconf 86' lang='lat' dir='ltr'>imperator</span> <span class='ocrx_word' id='word_1_723' title='bbox 1172 4719 1313 4768; x_wconf 76' lang='lat' dir='ltr'>existimans</span> <span class='ocrx_word' id='word_1_724' title='bbox 1326 4729 1440 4780; x_wconf 77' lang='lat' dir='ltr'>magnum</span> <span class='ocrx_word' id='word_1_725' title='bbox 1449 4719 1548 4769; x_wconf 83' lang='lat' dir='ltr'>sortasse</span> <span class='ocrx_word' id='word_1_726' title='bbox 1562 4719 1661 4782; x_wconf 85' lang='lat' dir='ltr'>aliquid</span> <span class='ocrx_word' id='word_1_727' title='bbox 1673 4717 1816 4782; x_wconf 83' lang='lat' dir='ltr'>petiturum,</span> 
     </span>
     <span class='ocr_line' id='line_1_74' title="bbox 209 4786 1815 4861; baseline 0.002 -23"><span class='ocrx_word' id='word_1_728' title='bbox 209 4801 295 4851; x_wconf 83' lang='lat' dir='ltr'>pensos</span> <span class='ocrx_word' id='word_1_729' title='bbox 305 4786 427 4846; x_wconf 83' lang='lat' dir='ltr'>babitant;</span> <span class='ocrx_word' id='word_1_730' title='bbox 436 4786 532 4848; x_wconf 86' lang='lat' dir='ltr'>etquod</span> <span class='ocrx_word' id='word_1_731' title='bbox 540 4788 624 4838; x_wconf 86' lang='lat' dir='ltr'>altrice</span> <span class='ocrx_word' id='word_1_732' title='bbox 636 4790 701 4838; x_wconf 83' lang='lat' dir='ltr'>terra</span> <span class='ocrx_word' id='word_1_733' title='bbox 710 4791 807 4851; x_wconf 79' lang='lat' dir='ltr'>relicta,</span> <span class='ocrx_word' id='word_1_734' title='bbox 817 4792 988 4844; x_wconf 87' lang='lat' dir='ltr'>sterilesurbes</span> <span class='ocrx_word' id='word_1_735' title='bbox 1030 4797 1184 4847; x_wconf 86' lang='lat' dir='ltr'>nihilominus</span> <span class='ocrx_word' id='word_1_736' title='bbox 1197 4796 1295 4847; x_wconf 86' lang='lat' dir='ltr'>indulsit</span> <span class='ocrx_word' id='word_1_737' title='bbox 1304 4797 1340 4859; x_wconf 88' lang='lat' dir='ltr'>ei,</span> <span class='ocrx_word' id='word_1_738' title='bbox 1359 4801 1387 4846; x_wconf 90' lang='lat' dir='ltr'>ut</span> <span class='ocrx_word' id='word_1_739' title='bbox 1400 4800 1500 4861; x_wconf 84' lang='lat' dir='ltr'>peteret.</span> <span class='ocrx_word' id='word_1_740' title='bbox 1521 4799 1589 4849; x_wconf 86' lang='lat' dir='ltr'>Tum</span> <span class='ocrx_word' id='word_1_741' title='bbox 1603 4795 1815 4850; x_wconf 80' lang='lat' dir='ltr'>sodonnonattus,</span> 
     </span>
     <span class='ocr_line' id='line_1_75' title="bbox 210 4865 1819 4939; baseline 0.002 -25"><span class='ocrx_word' id='word_1_742' title='bbox 210 4868 382 4930; x_wconf 73' lang='grc' dir='ltr'>ριπορῑιιιοιιθ,</span> <span class='ocrx_word' id='word_1_743' title='bbox 402 4865 514 4928; x_wconf 80' lang='lat' dir='ltr'>quodque</span> <span class='ocrx_word' id='word_1_744' title='bbox 532 4866 603 4916; x_wconf 84' lang='lat' dir='ltr'>rebus</span> <span class='ocrx_word' id='word_1_745' title='bbox 619 4869 700 4930; x_wconf 85' lang='lat' dir='ltr'>potius</span> <span class='ocrx_word' id='word_1_746' title='bbox 722 4869 833 4921; x_wconf 79' lang='lat' dir='ltr'>menimis</span> <span class='ocrx_word' id='word_1_747' title='bbox 853 4879 928 4935; x_wconf 83' lang='lat' dir='ltr'>quarn</span> <span class='ocrx_word' id='word_1_748' title='bbox 943 4873 988 4923; x_wconf 88' lang='lat' dir='ltr'>sibi</span> <span class='ocrx_word' id='word_1_749' title='bbox 1032 4893 1044 4918; x_wconf 82' lang='grc' dir='ltr'>ι</span> <span class='ocrx_word' id='word_1_750' title='bbox 1056 4878 1091 4925; x_wconf 85' lang='lat' dir='ltr'>Da</span> <span class='ocrx_word' id='word_1_751' title='bbox 1100 4875 1173 4936; x_wconf 87' lang='lat' dir='ltr'>milri,</span> <span class='ocrx_word' id='word_1_752' title='bbox 1189 4875 1282 4938; x_wconf 89' lang='lat' dir='ltr'>inquit,</span> <span class='ocrx_word' id='word_1_753' title='bbox 1297 4877 1381 4925; x_wconf 84' lang='lat' dir='ltr'>vinum</span> <span class='ocrx_word' id='word_1_754' title='bbox 1404 4877 1537 4939; x_wconf 82' lang='lat' dir='ltr'>optimum,</span> <span class='ocrx_word' id='word_1_755' title='bbox 1556 4878 1597 4937; x_wconf 70' lang='lat' dir='ltr'>ut,</span> <span class='ocrx_word' id='word_1_756' title='bbox 1609 4874 1753 4926; x_wconf 75' lang='lat' dir='ltr'>necessariis</span> <span class='ocrx_word' id='word_1_757' title='bbox 1763 4869 1819 4921; x_wconf 84' lang='lat' dir='ltr'>meis</span> 
     </span>
     <span class='ocr_line' id='line_1_76' title="bbox 210 4945 1819 5016; baseline -0.007 -8"><span class='ocrx_word' id='word_1_758' title='bbox 210 4945 365 4994; x_wconf 65' lang='grc' dir='ltr'>ωθθθθῐθΰῑ·</span> <span class='ocrx_word' id='word_1_759' title='bbox 1031 4955 1144 5004; x_wconf 88' lang='lat' dir='ltr'>omnibus</span> <span class='ocrx_word' id='word_1_760' title='bbox 1154 4955 1302 5013; x_wconf 88' lang='lat' dir='ltr'>convocatis,</span> <span class='ocrx_word' id='word_1_761' title='bbox 1315 4967 1364 5004; x_wconf 90' lang='lat' dir='ltr'>una</span> <span class='ocrx_word' id='word_1_762' title='bbox 1377 4955 1492 5006; x_wconf 89' lang='lat' dir='ltr'>oblecter.</span> <span class='ocrx_word' id='word_1_763' title='bbox 1502 4974 1515 4999; x_wconf 76' lang='grc' dir='ltr'>ν</span> <span class='ocrx_word' id='word_1_764' title='bbox 1527 4953 1621 5004; x_wconf 86' lang='lat' dir='ltr'>ttideus</span> <span class='ocrx_word' id='word_1_765' title='bbox 1635 4951 1819 5016; x_wconf 75' lang='lat' dir='ltr'>imperatorius·</span> 
     </span>
    </p>
   </div>
   <div class='ocr_carea' id='block_1_16' title="bbox 212 5021 1818 5172">
    <p class='ocr_par' dir='ltr' id='par_1_24' title="bbox 212 5021 1818 5172">
     <span class='ocr_line' id='line_1_77' title="bbox 242 5021 1818 5096; baseline 0.007 -25"><span class='ocrx_word' id='word_1_766' title='bbox 242 5027 265 5071; x_wconf 76' lang='lat' dir='ltr'>a.</span> <span class='ocrx_word' id='word_1_767' title='bbox 274 5021 469 5074; x_wconf 78' lang='lat' dir='ltr'>andonnobsttns</span> <span class='ocrx_word' id='word_1_768' title='bbox 481 5023 580 5086; x_wconf 85' lang='lat' dir='ltr'>qnidam</span> <span class='ocrx_word' id='word_1_769' title='bbox 590 5025 622 5076; x_wconf 86' lang='lat' dir='ltr'>ab</span> <span class='ocrx_word' id='word_1_770' title='bbox 632 5025 728 5076; x_wconf 86' lang='lat' dir='ltr'>lterulis</span> <span class='ocrx_word' id='word_1_771' title='bbox 737 5027 767 5076; x_wconf 85' lang='lat' dir='ltr'>nd</span> <span class='ocrx_word' id='word_1_772' title='bbox 779 5029 897 5079; x_wconf 87' lang='lat' dir='ltr'>ltomanos</span> <span class='ocrx_word' id='word_1_773' title='bbox 908 5032 987 5082; x_wconf 84' lang='lat' dir='ltr'>trans·</span> <span class='ocrx_word' id='word_1_774' title='bbox 1031 5031 1090 5082; x_wconf 83' lang='lat' dir='ltr'>silei</span> <span class='ocrx_word' id='word_1_775' title='bbox 1103 5035 1184 5084; x_wconf 79' lang='lat' dir='ltr'>tinum</span> <span class='ocrx_word' id='word_1_776' title='bbox 1196 5032 1341 5096; x_wconf 81' lang='lat' dir='ltr'>suppeditari</span> <span class='ocrx_word' id='word_1_777' title='bbox 1348 5068 1356 5095; x_wconf 82' lang='lat'><em>,</em></span> <span class='ocrx_word' id='word_1_778' title='bbox 1369 5034 1423 5083; x_wconf 89' lang='lat' dir='ltr'>tutu</span> <span class='ocrx_word' id='word_1_779' title='bbox 1433 5033 1456 5083; x_wconf 88' lang='lat' dir='ltr'>et</span> <span class='ocrx_word' id='word_1_780' title='bbox 1464 5031 1568 5083; x_wconf 84' lang='lat' dir='ltr'>aliorum</span> <span class='ocrx_word' id='word_1_781' title='bbox 1584 5043 1721 5084; x_wconf 86' lang='lat' dir='ltr'>munerum</span> <span class='ocrx_word' id='word_1_782' title='bbox 1730 5027 1818 5091; x_wconf 60' lang='lat' dir='ltr'>copiam</span> 
     </span>
     <span class='ocr_line' id='line_1_78' title="bbox 212 5099 1130 5172; baseline 0.015 -24"><span class='ocrx_word' id='word_1_783' title='bbox 212 5099 303 5163; x_wconf 76' lang='lat' dir='ltr'>lugiens</span> <span class='ocrx_word' id='word_1_784' title='bbox 312 5102 377 5152; x_wconf 85' lang='lat' dir='ltr'>venit</span> <span class='ocrx_word' id='word_1_785' title='bbox 390 5103 540 5165; x_wconf 85' lang='lat' dir='ltr'>incolloquia</span> <span class='ocrx_word' id='word_1_786' title='bbox 554 5115 611 5155; x_wconf 86' lang='lat' dir='ltr'>cum</span> <span class='ocrx_word' id='word_1_787' title='bbox 622 5105 723 5167; x_wconf 87' lang='lat' dir='ltr'>Bibulo,</span> <span class='ocrx_word' id='word_1_788' title='bbox 738 5107 899 5158; x_wconf 82' lang='lat' dir='ltr'>Romanorum</span> <span class='ocrx_word' id='word_1_789' title='bbox 911 5108 987 5172; x_wconf 85' lang='lat' dir='ltr'>impe·</span> <span class='ocrx_word' id='word_1_790' title='bbox 1032 5110 1130 5164; x_wconf 82' lang='lat' dir='ltr'>addidit.</span> 
     </span>
    </p>
   </div>
   <div class='ocr_carea' id='block_1_17' title="bbox 0 0 1947 5716">
    <p class='ocr_par' dir='ltr' id='par_1_25' title="bbox 0 0 1947 5716">
     <span class='ocr_line' id='line_1_79' title="bbox 0 0 1947 5716; baseline 0 0"><span class='ocrx_word' id='word_1_791' title='bbox 0 0 1947 5716; x_wconf 95' lang='lat' dir='ltr'> </span> 
     </span>
    </p>
   </div>
  </div>
 </body>
</html>
