3792 5728
229 351 265 402 bt
876 333 994 394 nbisci
1018 333 1169 396 Panium

228 468 327 528 σύόιον.
344 467 507 528 Καθεσθέντα
522 465 549 524 δέ
564 465 640 523 αὑτὸν
655 467 692 545 τῷ
707 461 802 544 [αὐτῷ]
814 464 900 544 τρόπῳ
916 467 938 520 σί
951 487 1002 520 πα·
1048 463 1116 521 οἴνου
1132 463 1219 540 πλήρη
1236 463 1319 532 ἐξέπιε
1340 462 1447 534 κύλικα,
1467 463 1508 520 τὸν
1535 447 1654 534 Ἀττήλαν
1678 469 1724 524 σῶν
1746 461 1800 528 εἶναι

230 558 314 638 ρόντες
334 555 441 632 ἐτίμων,
457 553 591 631 δεχόμενοι
612 551 657 618 rt<
678 553 783 619 κύλικας
806 552 850 609 καί
872 551 938 626 μετθι
961 551 1003 608 τόν
1049 550 1228 626 ἐπευξάμενος.
1247 549 1298 610 Καὶ
1314 556 1402 609 τοῦτον
1418 551 1566 626 τιμηθέντος
1582 554 1655 609 αὐτοῦ
1667 553 1706 610 τόν
1720 556 1799 633 τρόπον

230 643 371 720 ἀσπασμόν
398 642 592 716 ἀπογενόμενοι.
623 631 747 719 Ἱίκάστιρ
779 637 806 696 δέ
831 629 865 704 εἷς
892 636 1005 715 οίνσχόος
1049 637 1234 712 ἐκαθέσθημεν,
1247 639 1292 695 καί
1311 638 1427 716 δεύτερος
1442 639 1541 716 ’ἑκάστη
1559 638 1669 716 τραπέζῃ
1688 643 1800 700 ἐπετίθετο

230 736 326 810 παρῆν,
341 729 369 788 θν
381 729 433 786 ἔδει
445 727 512 786 κατά
528 734 630 804 στοῖχον
647 725 766 797 εἰσιέναι,
777 731 822 782 τοῦ
840 724 950 794 Ἀττήλα
965 728 1005 781 ai·
1049 723 1124 790 πίναξ
1139 723 1213 802 έτερα
1228 723 1295 802 ἔχων
1307 725 1431 800 ἐδώδιμα.
1447 723 1495 790 Ὡς
1509 727 1535 782 δέ
1550 725 1594 782 καί
1605 727 1711 784 αὐτοῖσί
1722 728 1801 794 πάντες

230 816 321 895 νοχάου
336 814 489 882 υπεξιοντος.
505 816 664 890 Ίιμηθεντος
678 811 703 870 δέ
716 812 761 869 καί
772 817 816 868 τοὺ
832 810 950 885 δευτέρου
962 809 1006 867 καὶ
1050 810 1201 884 μετίλσὺον,
1221 811 1265 869 καί
1286 815 1323 890 τῷ
1344 814 1415 890 αὐτῷ
1436 811 1617 878 ἐξαναστάντες
1637 812 1732 891 τρόπῳ,
1746 806 1803 880 αδθις

231 907 282 960 τῶν
294 901 350 972 ἐξῆς
362 945 370 977 ,
388 900 431 958 καί
446 905 516 973 ἡμᾶς
537 907 589 964 τοῖς
609 897 673 963 ἴσοις
685 902 698 955 ὑ
710 896 834 966 Ἀττήλας
855 895 1006 963 ἐδεξιώσατο
1050 899 1180 964 ἐκπιόντες
1189 897 1372 972 ἐκαθέσθημεν.
1382 897 1584 972 Ἰίπιγενομένης
1594 899 1619 955 δέ
1630 899 1732 978 ἑσπέρας
1741 903 1803 978 δᾷδες

230 987 358 1058 κατθιτῆν
373 991 424 1045 τῶν
438 984 618 1052 θάκωντοῖξιν.
642 975 678 1066 ᾯ
701 982 732 1054 δή
756 986 888 1062 ἀσπασμῷ
902 982 1006 1040 πάντων
1051 983 1211 1058 ἀνήρθησαν,
1226 983 1272 1042 δύο
1286 983 1313 1040 δέ
1333 983 1436 1064 ἀντικρὺ
1460 989 1503 1040 τοῦ
1525 983 1634 1054 Ἀττήλα
1654 987 1804 1063 παρελθόντες

231 1073 402 1150 τιμηθέντων,
419 1071 563 1150 ὑπεξήισαν
587 1070 634 1146 μὲν
649 1073 672 1127 οἱ
686 1069 812 1148 οἰνοχόαι,
834 1069 959 1147 τράπεζαι
979 1067 1006 1126 δέ
1052 1070 1179 1148 βάρύαροι
1191 1070 1297 1150 ᾅσματα
1311 1069 1474 1146 πεποιημένα
1489 1069 1585 1148 ἔλεγον,
1603 1070 1671 1136 νίκας
1683 1073 1753 1128 αὐτοῦ
1766 1075 1804 1128 καί

234 1161 300 1238 μετὰ
312 1158 360 1230 τῆν
373 1165 416 1218 τοῦ
430 1158 541 1228 barile
557 1156 722 1235 παρετίθεντο
734 1155 802 1213 κατὰ
815 1163 883 1234 τρεῖς
896 1155 941 1212 καί
954 1153 1007 1212 τέτ·
1050 1157 1095 1222 τθς
1109 1157 1178 1214 κατά
1192 1159 1305 1233 πόλεμον
1319 1157 1422 1236 ᾄδοντες
1436 1157 1542 1234 ἀρετάς·
1557 1159 1581 1222 ἐς
1594 1155 1635 1223 οθς
1652 1161 1674 1215 οἱ
1692 1163 1732 1227 τῆς
1749 1161 1804 1216 εὐω-

234 1271 315 1326 ταρας
336 1247 431 1326 ἀνδρας
450 1245 467 1316 ἢ
483 1245 527 1303 καί
546 1244 665 1308 πλείους·
678 1243 734 1301 ὅθεν
749 1243 856 1309 ἕκαστος
870 1233 920 1306 οἷός
934 1265 961 1299 τι
975 1233 1006 1312 ήν
1050 1243 1109 1322 χίας
1127 1243 1283 1315 ἀπέόλεπον,
1298 1245 1342 1302 καί
1356 1247 1379 1302 σί
1398 1243 1444 1320 μέν
1463 1243 1554 1314 ῆδοντο
1566 1251 1618 1309 τοῖς
1632 1245 1775 1320 ποιήμασιν,
1786 1249 1805 1302 οἱ

232 1337 283 1390 τῶν
300 1338 330 1412 τῇ
350 1331 439 1408 μαγίδι
454 1333 508 1390 τοδι
524 1329 613 1410 (ῖδίαέ
630 1333 712 1406 Vol.)
729 1329 910 1404 ἐπιτιθεμένων
926 1350 1005 1404 μετα·
1051 1328 1078 1387 δέ
1097 1334 1147 1388 τῶν
1169 1331 1291 1406 πολέμων
1315 1327 1570 1406 ἀναμιμνησκόμενοι
1594 1331 1675 1406 διηγεί
1690 1353 1743 1387 οντο
1764 1333 1806 1396 τοῖς

233 1419 322 1477 leden
333 1417 370 1496 μῆ
381 1416 490 1486 ὑπεξιὼν
503 1422 548 1486 τῆς
560 1420 611 1474 τῶν
621 1417 716 1496 θρόνων
726 1416 831 1483 τάξεως.
845 1415 899 1498 ΚαὶΙ
909 1420 1009 1494 πρῶτος
1053 1418 1224 1496 φρονήμασιν,
1239 1417 1314 1474 ἄλλοι
1325 1417 1351 1474 δέ
1364 1417 1477 1496 ἐχώρουν
1498 1418 1523 1482 ἐς
1538 1417 1650 1496 δάκρυα,
1664 1353 1698 1474 ύν
1711 1417 1756 1474 ὑπθ
1768 1423 1805 1476 τοῦ

234 1505 315 1583 είσήει
329 1509 342 1562 ό
356 1510 400 1563 τοῦ
415 1504 526 1575 ’Λττήλα
541 1502 686 1580 ὑπηρέτης,
706 1507 787 1582 κρεῶν
801 1502 888 1580 πλήρη
911 1502 1008 1560 πίνακα
1052 1503 1146 1582 χρόνου
1160 1502 1261 1573 ἠσθένει
1273 1501 1302 1574 τό
1314 1507 1391 1579 σῶμα
1406 1493 1450 1560 καί
1468 1503 1605 1580 ἡσυχάζειν
1620 1508 1634 1562 ό
1647 1504 1721 1579 θυμὸς
1739 1508 1808 1581 ἠναγ-

235 1593 329 1672 ρέρων,
344 1592 388 1650 καί
402 1595 425 1649 υί
440 1599 506 1650 πᾶσι
518 1589 710 1666 διακονούμενοι
723 1589 778 1664 μετ’
791 1591 867 1648 αὐτὸν
883 1593 953 1646 ’σῖτον
965 1589 1009 1646 καί
1053 1591 1154 1657 κάζετο.
1170 1590 1246 1649 bieria
1266 1589 1292 1647 δέ
1316 1589 1350 1646 τθι
1373 1589 1480 1669 ᾄσματα
1504 1588 1606 1659 Σκύθης
1628 1613 1664 1655 τις
1687 1590 1806 1667 παρελθὼν

233 1679 286 1758 ὄψα
310 1681 366 1743 ταῖς
380 1677 519 1756 τραπέζαις
534 1676 670 1735 ἐπέθεσαν.
689 1675 767 1734 'Alit
781 1684 833 1742 τοῖς
858 1673 905 1752 μέν
922 1675 1008 1740 ἄλλοις
1053 1675 1245 1756 φρενοθλαόῆς,
1260 1675 1388 1733 ἀλλόκοτα
1403 1675 1447 1733 καὶ
1463 1677 1609 1754 παράσημα
1622 1677 1665 1733 καί
1676 1677 1742 1734 οὑδέν
1752 1679 1808 1754 ὑγιές

236 1767 377 1846 βαρὸάροις
391 1765 437 1825 καί
458 1770 521 1842 ἡμῖν
542 1766 672 1836 πολυτελῆ
690 1766 780 1822 δεῖπνα
803 1764 1009 1834 κατεσκεύαστο,
1055 1763 1238 1840 φθεγγόμενος,
1246 1765 1279 1833 ,ἐς
1293 1763 1393 1838 γέλωτα
1412 1763 1511 1827 πάντας
1528 1761 1702 1841 παρεσκεύασε
1725 1767 1807 1840 παρλ-

232 1854 336 1920 κύκλοις
351 1853 501 1929 ἐπικείμενα
516 1855 650 1930 ἀργυροῖς·
664 1855 701 1930 τῷ
719 1850 745 1910 δέ
763 1851 876 1926 Ἀττήλαρ
899 1851 942 1909 ἐπὶ
964 1855 1010 1906 τοῦ
1054 1852 1116 1910 θεῖν.
1144 1853 1208 1908 ΜεθΙ
1223 1848 1250 1906 ὃν
1265 1851 1403 1920 ὑπεισῆλθε
1417 1847 1522 1928 Ζέρκων
1540 1854 1554 1907 ὑ
1569 1849 1724 1929 Μαυρούσιος
1743 1853 1806 1924 (rid.

236 1940 336 2008 ξυλίνου
350 1940 456 2005 πίνακος
477 1931 508 2010 ῆν
531 1937 603 1996 ούδέν
624 1941 702 1996 πλέον
722 1942 815 2016 κρεῶν.
840 1937 953 2016 Μέτρισν
982 1937 1009 1994 δέ
1056 1941 1090 1996 fr.
1105 1935 1371 2014 σι)·θγάρἘδέκων
1382 1936 1460 1993 αὐτόν
1471 1935 1544 2014 παρὰ
1554 1935 1596 1994 τδν
1609 1936 1727 2006 Ἀττήλσν
1740 1937 1808 1992 ἐλθεῖν

234 2027 325 2084 ἑαυτὸν
339 2026 384 2084 καί
398 2028 425 2082 ἐν
439 2033 492 2091 τοῖς
503 2024 590 2090 ἀλλοις
602 2025 697 2082 ἀπασιν
711 2023 819 2082 ἐδείκνυ.
833 2027 895 2088 Τοῖς
906 2023 956 2103 γθρ
967 2027 1011 2094 τῆς
1055 2023 1221 2101 παρέπεισεν,
1233 2027 1267 2090 ὡς
1280 2028 1312 2102 τῇ
1327 2022 1424 2080 ἐκείνου
1437 2024 1536 2098 σπουδῇ
1548 2021 1594 2093 τήν
1607 2022 1717 2100 γαμετήν
1726 2025 1809 2090 ἀπολη-

234 2113 344 2192 ιίιωχίας
358 2111 464 2192 ἀνδράσι
479 2112 580 2177 κύλικες
599 2119 695 2190 χρυσαῖ
708 2135 736 2168 τε
758 2111 802 2168 καί
823 2112 936 2190 ἀργυραῖ
950 2113 1010 2168 ἐπει
1055 2109 1174 2189 ψόμενον,
1188 2110 1220 2180 ἣν
1235 2109 1302 2166 κατθι
1315 2111 1361 2179 τήν
1376 2113 1427 2166 τῶν
1448 2107 1589 2186 βαρὸάρων
1609 2109 1704 2188 εἰλήφει
1725 2109 1808 2187 χώραν,

234 2199 425 2270 δίδοντα,τὸδέ
439 2201 517 2256 αὑτοῦ
529 2199 639 2274 ἔκπωμα
652 2196 751 2266 ξύλινον
762 2190 804 2268 ῆν.
817 2197 884 2268 Λιτλ
899 2196 925 2254 δέ
941 2198 1010 2273 αύτῷ
1055 2199 1092 2275 τῷ
1108 2195 1196 2272 Βλήδρι
1211 2196 1432 2273 περισπούδαστος
1448 2194 1493 2255 ὧν.
1518 2195 1728 2254 ἰθπολελυίπειδέ
1741 2195 1809 2262 αὐτήν

234 2287 310 2356 καλή
331 2285 405 2356 ἐσθής
427 2284 566 2362 ἐτύγχανεν
588 2275 666 2357 α’ύσα,
679 2283 760 2359 μηδὲν
774 2286 825 2340 τῶν
844 2282 930 2340 ἀλλων
943 2283 1011 2352 πλήν
1055 2285 1082 2339 ἐν
1097 2287 1128 2360 τῇ
1145 2285 1259 2360 Σκυθικῆ
1273 2281 1345 2362 παρά
1365 2286 1410 2339 τοῦ
1433 2281 1546 2350 Ἀττήλα
1561 2284 1641 2361 δῶρον
1655 2281 1737 2360 Ἀετίιρ
1749 2303 1808 2355 πεμ-

234 2377 278 2431 τοὺ
291 2372 393 2450 καθαρδι
407 2363 473 2430 εἶναι
485 2371 708 2450 διαφυλάττουσα·
723 2370 766 2428 καί
785 2369 886 2432 οὔτετθ
900 2391 1009 2448 παρηω-
1056 2369 1134 2448 φθείς,
1152 2369 1230 2429 Ἀλλά
1244 2375 1290 2438 τῆς
1305 2369 1351 2444 μὲν
1365 2369 1485 2440 τοιαύτης
1499 2369 1641 2448 διήμαρτεν
1656 2369 1761 2440 ἐλπίδος,
1773 2373 1810 2424 τοῖν

236 2460 346 2538 ρημένον
366 2459 437 2537 αὐτῷ
450 2457 534 2537 ξίφος,
547 2457 605 2515 οὔτε
619 2461 643 2516 σί
659 2461 710 2515 τῶν
727 2457 892 2535 βαρὸαρικῶν
913 2457 1012 2527 ὑποδη-
1056 2455 1166 2526 Ἄττήλα
1186 2455 1393 2532 χαλεπήναντος,
1407 2457 1445 2513 ὅτι
1466 2478 1495 2532 γε
1513 2454 1546 2525 δή
1562 2458 1587 2522 ἐς
1600 2462 1647 2527 τήν
1664 2457 1736 2513 αὑτοῦ
1754 2458 1808 2511 ἐπα-

236 2548 324 2622 μάτων
339 2546 447 2621 δεσμοί,
464 2544 522 2603 οὔτε
536 2551 581 2602 τοῦ
593 2544 674 2602 ἵππου
689 2549 703 2601 θ
718 2544 836 2622 χαλινὸς,
854 2542 942 2621 ὥσπερ
961 2547 1012 2600 τῶν
1055 2544 1141 2612 νῆλθε.
1164 2542 1231 2602 Τότε
1246 2543 1272 2600 δὲ
1291 2542 1333 2600 διὰ
1346 2542 1389 2600 τδν
1404 2547 1449 2610 τῆς
1462 2542 1575 2618 εὐωχίας
1591 2543 1677 2622 καιρὸν
1691 2541 1808 2619 παρελθὼν

235 2632 322 2690 ἀλλων
333 2634 450 2702 Σκυθιῆν,
462 2633 552 2709 χρυσῷ
565 2629 582 2700 ῆ
597 2629 676 2695 λίθοις
690 2631 707 2702 ή
719 2653 768 2686 τινι
781 2632 832 2686 τῶν
847 2629 938 2704 τιμίων
951 2631 1009 2686 tao·
1056 2632 1093 2708 τῷ
1111 2651 1139 2686 τε
1159 2630 1219 2686 εἴδει
1241 2629 1286 2688 καί
1302 2630 1354 2694 τοῖς
1373 2628 1503 2702 ἐσθήμασι
1517 2629 1563 2686 καὶ
1581 2632 1613 2706 τῇ
1634 2633 1703 2708 φωνῇ
1717 2627 1812 2690 καὶτοῖς

235 2727 336 2793 σμεῖτσ.
351 2719 410 2776 Τῶν
422 2717 449 2773 δέ
463 2717 533 2794 ὄψων
547 2720 597 2772 τῶν
612 2719 638 2774 ἐν
650 2720 702 2782 τοῖς
713 2715 824 2795 πρώτοις
837 2714 938 2783 πίναξιν
951 2719 1011 2774 ἐπι·
1056 2715 1255 2794 συγκεχυμένοις
1279 2716 1340 2794 παρ’
1356 2718 1432 2774 αὐτοῦ
1446 2715 1646 2794 προφερσμένοις
1667 2716 1768 2794 ῥήμασι·
1786 2717 1811 2790 τῇ

236 2804 358 2862 τεθέντων
381 2802 574 2878 ἀναλωθέντων,
598 2802 692 2868 πάντες
713 2803 892 2877 διανέστημεν,
915 2802 959 2859 καὶ
982 2803 1011 2858 σύ
1056 2801 1106 2879 γάρ
1119 2803 1251 2862 Αὑσονίων
1273 2801 1318 2872 τήν
1333 2805 1384 2859 τῶν
1399 2801 1505 2861 Οὔννων
1518 2803 1565 2860 καί
1586 2802 1633 2876 τήν
1656 2806 1704 2860 τῶν
1724 2800 1812 2860 Γότθων

235 2891 357 2971 πρότερον
381 2891 422 2949 ἐπί
437 2890 480 2948 τὸν
500 2891 588 2970 δίφρον
602 2890 715 2955 ἀναστάς
729 2882 806 2963 ήλθε,
824 2889 884 2969 πρὶν
904 2887 920 2958 ἢ
943 2887 1011 2946 κατά
1056 2887 1221 2966 παραμιγνὺς
1241 2891 1359 2965 γλῶτταν
1373 2888 1471 2955 πάντας
1495 2888 1594 2967 διέχεεν
1609 2891 1652 2947 καὶ
1666 2892 1690 2954 ἐς
1703 2887 1812 2945 ἀσόεστον

235 2977 282 3047 τὴν
297 2976 423 3056 προτέραν
448 2975 518 3044 τάξιν
542 2976 649 3042 ἕκαστος
669 2974 717 3047 τὴν
741 2973 921 3051 ἐπιδιδομένην
942 2977 1013 3054 αὐτῷ
1057 2979 1173 3054 ὁρμῆσαι
1186 2974 1286 3051 γέλωτα
1301 2972 1497 3054 παρεσκεύασε,
1517 2973 1587 3046 πλήν
1602 2976 1719 3046 Ἀττήλσ.
1743 2971 1813 3034 Αὐτός

236 3183 329 3217 merum
343 3169 481 3230 degustans,
498 3169 622 3217 autetiam
632 3169 742 3226 ebibens,
754 3169 867 3229 poculum
878 3167 1011 3228 pocillator!
1057 3179 1125 3214 suam
1134 3169 1169 3215 est
1179 3179 1296 3228 reversus,
1306 3179 1378 3228 quam
1388 3167 1432 3215 sibi
1439 3166 1550 3215 traditam
1562 3171 1666 3229 pateram
1678 3165 1815 3226 rioiplennn,

237 3245 355 3294 redderet.
370 3245 466 3294 sedenti
480 3251 559 3294 autem
572 3245 652 3294 Attilae
665 3244 749 3293 eodem
763 3244 843 3303 modo,
853 3244 894 3304 qui
902 3243 1013 3291 eonrtno
1056 3247 1150 3292 servato
1158 3245 1235 3306 priore
1248 3245 1340 3304 ordine,
1351 3245 1448 3293 Attilam
1459 3245 1553 3293 salviam
1563 3249 1588 3294 et
1600 3245 1737 3293 incolumem
1747 3253 1813 3303 preca·

238 3324 382 3382 intererant,
400 3321 485 3383 pocula
504 3321 658 3382 suscipientes
674 3325 698 3370 et
712 3323 766 3382 post
784 3321 950 3370 salutationem
970 3318 1012 3367 de·
1057 3322 1104 3378 tus,
1114 3320 1234 3369 ebibisset.
1252 3323 1287 3369 Eo
1298 3322 1328 3369 ad
1339 3322 1403 3369 trunc
1413 3321 1512 3369 modum
1524 3322 1617 3370 honore
1628 3321 1704 3380 culto,
1715 3319 1814 3368 sedimus.

237 3403 367 3459 gustantes,
376 3399 490 3447 honorem
501 3397 653 3446 eutribebant.
687 3397 822 3461 Unicuique.
834 3409 890 3444 vero
900 3409 961 3444 unns
974 3407 1013 3457 po·
1058 3402 1120 3448 'rum
1132 3412 1195 3447 nova
1205 3399 1292 3447 terrula
1305 3399 1392 3461 cuique
1403 3411 1490 3447 mensae
1504 3403 1560 3448 sunt
1570 3401 1644 3459 illota,
1655 3411 1708 3460 quae
1716 3397 1758 3444 alia
1770 3407 1815 3441 eon·

239 3477 331 3525 oillator
350 3476 442 3536 aderat,
461 3488 543 3536 quern,
563 3489 638 3536 quum
650 3475 762 3536 pincerna
782 3475 861 3523 attilae
877 3474 962 3534 exiret,
975 3473 1012 3520 in·
1058 3475 1166 3524 tinebant
1177 3477 1304 3534 molente,
1314 3489 1346 3524 ea
1357 3476 1444 3536 quibus
1454 3476 1494 3523 ubi
1504 3487 1597 3534 ornnes,
1610 3475 1688 3536 quoad
1695 3473 1748 3521 salis
1756 3470 1815 3525 esset,

239 3553 312 3601 troire
324 3567 367 3601 suo
379 3552 463 3600 ordine
476 3551 590 3612 oportuit.
602 3551 711 3600 εοευιιθυ
721 3553 745 3599 et
757 3551 854 3611 reliquis
865 3550 976 3610 deinceps
984 3550 1013 3597 ad
1059 3551 1223 3611 cometissent,
1234 3551 1317 3600 eodem
1325 3552 1396 3600 modo
1403 3552 1560 3609 surrentinus,
1568 3555 1592 3601 et
1600 3556 1669 3612 epoto
1675 3550 1743 3598 calice
1749 3558 1817 3594 rums

241 3629 306 3676 lrrrne
327 3627 425 3675 modom
444 3627 534 3675 bonore
544 3628 644 3687 affectis,
661 3627 745 3676 attilas
762 3640 806 3674 nos
818 3639 915 3687 quoque
930 3626 1013 3674 eodem
1059 3629 1216 3677 consedimus.
1230 3629 1375 3677 inveniente
1385 3641 1490 3690 vespere,
1508 3629 1647 3689 facibusque
1661 3626 1766 3683 arcensis,
1778 3622 1817 3669 diro

238 3705 310 3754 modo
318 3705 430 3752 salutavit
441 3704 572 3752 secundum
582 3704 689 3752 ordinem
699 3705 819 3752 sellarum.
831 3707 892 3752 Tum
904 3703 1015 3752 omnibus
1059 3705 1154 3765 scytha
1165 3717 1246 3752 coram
1259 3705 1331 3754 Attila
1344 3705 1492 3766 prodierunt,
1502 3707 1526 3752 et
1537 3717 1620 3752 versus
1630 3717 1643 3752 a
1652 3717 1677 3751 se
1686 3703 1764 3759 iactos,
1773 3697 1817 3758 qni·

238 3781 386 3830 salutationis
409 3781 498 3828 bonore
509 3780 601 3840 delato,
622 3781 740 3842 pincerna
753 3783 908 3828 recesserant.
926 3784 1013 3829 llensaa
1059 3780 1103 3830 bus
1116 3781 1168 3841 eius
1180 3781 1290 3829 victorias
1301 3784 1326 3829 et
1336 3781 1432 3829 bellicas
1447 3779 1548 3828 virtutes
1557 3781 1683 3838 canebant,
1694 3779 1817 3826 recitarunt.

240 3871 297 3906 vero
309 3856 379 3918 juxta
390 3857 469 3904 attila
484 3869 590 3904 mensam
601 3859 670 3904 erant
678 3859 774 3916 erecta,
784 3856 928 3918 excipiendis
940 3857 1016 3905 tribus
1059 3860 1087 3905 ln
1099 3871 1160 3919 quos
1169 3858 1278 3905 conviva
1291 3858 1373 3905 oculos
1385 3857 1530 3916 defixerunt3
1539 3857 1564 3904 et
1575 3857 1614 3904 alii
1624 3856 1717 3917 quidem
1726 3851 1823 3901 rersilrns‘

239 3938 263 3984 et
272 3937 393 3996 quattuor,
405 3935 447 3982 aut
457 3935 527 3981 etiam
538 3935 645 3996 pluribus
654 3935 759 3983 convivis
767 3934 867 3995 idonere,
878 3935 911 3984 ita
919 3938 945 3982 ut
954 3935 1015 3996 quis·
1060 3933 1251 3993 delectabantur,
1261 3934 1313 3982 aliis
1322 3933 1440 3981 bellorum
1455 3933 1588 3980 recordatio
1604 3934 1695 3981 animos
1705 3929 1818 3984 excitabat,

241 4024 288 4072 que
301 4011 324 4058 in
335 4010 400 4058 sedili
411 4023 455 4058 suo
465 4012 577 4072 residens,
587 4011 617 4059 de
626 4011 741 4072 impositis
752 4012 942 4060 mensaaierouiis
953 4025 1016 4060 com·
1059 4010 1111 4058 aliis
1125 4010 1253 4059 manabant
1266 4010 1378 4068 lacrima,
1392 4021 1494 4070 quorum
1505 4021 1593 4070 corpus
1601 4011 1671 4058 rotate
1684 4007 1819 4056 debilitatum

242 4086 313 4135 mode
330 4099 424 4135 surrrerc
438 4089 525 4148 posset.
547 4087 636 4136 Deinde
648 4090 739 4150 primus
752 4089 776 4136 in
795 4088 902 4136 medium
911 4089 1016 4136 uersor
1060 4092 1110 4137 erat
1120 4090 1144 4137 et
1155 4088 1221 4149 rigor
1230 4089 1303 4138 animi
1314 4091 1435 4150 quiescere
1444 4087 1579 4148 cogebatur.
1595 4091 1651 4137 Post
1660 4088 1740 4134 cantus
1749 4086 1820 4132 etcer-

241 4163 322 4212 Attiiaa
330 4163 437 4211 minister
444 4164 550 4224 patinam
559 4164 670 4213 carnibus
677 4165 770 4226 plenam
778 4165 867 4224 lerens;
877 4167 930 4226 post
940 4164 1016 4224 ipsum
1062 4165 1126 4212 mina
1138 4165 1226 4226 Scytha
1243 4165 1386 4226 nescioquis
1402 4167 1482 4214 mente
1500 4167 1586 4226 coptus
1598 4163 1700 4212 absurda
1715 4164 1738 4210 et
1752 4159 1820 4218 inepta

240 4240 282 4300 qui
303 4253 387 4300 panem
405 4241 571 4290 ministrabant
584 4243 609 4289 et
629 4243 727 4292 obsonia
745 4243 832 4291 mensis
847 4244 1015 4304 apposuerunt.
1061 4253 1105 4289 noc
1116 4241 1166 4290 sani
1177 4241 1306 4303 quiequam
1317 4240 1820 4294 babentiasilandensrisuroomnibuscum·

241 4315 704 4376 Scdccterisqaidembarbarisetuobis
714 4319 1016 4380 lautissimacoenaproepa·
1062 4319 1144 4367 norit.
1160 4321 1517 4369 Postremozerconltlaurusius
1533 4320 1648 4370 introivit.
1664 4318 1754 4368 udemn
1765 4313 1819 4362 arian

241 4393 351 4440 rataerat
360 4393 489 4441 etindiscis
498 4395 613 4454 argenteis
623 4396 734 4456 reposita,
744 4395 1016 4457 Attilaeveroinquadre
1060 4396 1094 4444 illi
1108 4399 1264 4458 persuaserat,
1277 4399 1305 4445 ut
1315 4397 1345 4445 ad
1359 4398 1457 4446 Attilam
1477 4397 1577 4458 reniret,
1594 4409 1689 4446 omnem
1698 4405 1787 4456 operam
1800 4389 1821 4436 τί

242 4467 333 4528 lignea,
345 4470 370 4516 ot
385 4469 445 4520 nibil
456 4473 544 4536 praeter
555 4484 645 4520 carnos.
663 4471 811 4521 Moderatum
824 4472 947 4533 paritario
961 4473 1016 4521 reli·
1060 4473 1166 4521 studium
1184 4473 1310 4535 pollicitus,
1326 4487 1376 4534 quo
1394 4487 1493 4523 uxorem
1511 4477 1670 4536 recuperaret.
1682 4475 1745 4522 lianc
1757 4467 1820 4524 errim,

241 4545 296 4606 quis
304 4546 415 4595 omnibus
422 4559 472 4596 sese
483 4549 612 4608 praebebat.
623 4551 736 4599 convivis
744 4563 816 4599 auree
826 4554 849 4599 et
857 4554 966 4612 argentea
976 4565 1016 4613 po·
1061 4563 1137 4612 qurrrn
1148 4550 1181 4598 iili
1194 4550 1265 4599 Bieda
1278 4551 1381 4610 tarmei,
1393 4549 1417 4598 in
1428 4551 1582 4599 barbarorum
1592 4552 1687 4612 regione
1697 4547 1820 4606 acceperat.

241 4621 297 4670 cula
305 4623 532 4684 suppeditabantur;
545 4625 626 4674 Attilae
637 4627 750 4686 poculum
763 4629 815 4676 erat
828 4627 941 4688 ligneum.
954 4629 1016 4677 Sim·
1061 4642 1161 4691 eamque
1171 4631 1194 4676 in
1210 4629 1315 4690 Scythia,
1325 4629 1356 4677 ab
1369 4629 1443 4678 Attila
1453 4629 1483 4677 ad
1497 4630 1590 4679 aetium
1602 4629 1666 4677 dono
1677 4627 1766 4682 missus,
1777 4621 1821 4668 reti·

243 4699 298 4759 ples
311 4698 440 4746 admodum
456 4700 519 4749 illius
531 4701 723 4762 noetianorum,
737 4703 782 4751 nisi
796 4703 921 4764 munditie,
933 4707 1017 4752 ornata
1061 4709 1152 4769 querat.
1172 4707 1218 4756 Sed
1230 4709 1274 4756 bac
1289 4720 1330 4768 spe
1340 4707 1466 4756 frustratus
1474 4709 1518 4768 est,
1530 4707 1587 4769 quia
1596 4707 1681 4756 attilas
1689 4704 1723 4753 ilii
1735 4710 1822 4750 succen-

242 4778 301 4824 erat.
313 4777 396 4836 Neque
408 4775 460 4836 ejus
471 4777 542 4836 ensis,
555 4778 775 4838 nequecalceorum
790 4779 945 4828 barbarorum
957 4782 1016 4842 lige·
1061 4785 1185 4846 suit,qood
1196 4785 1435 4846 adsuarcmigrasset.
1446 4775 1822 4846 ltaquetuncarreptafestivitatis

244 4852 317 4910 mina,
331 4865 408 4913 neque
424 4852 476 4912 eius
487 4854 544 4915 equi
562 4854 642 4916 irena,
657 4858 684 4903 ut
700 4856 847 4916 reliquorum
859 4847 1015 4920 soytlrarnm,
1061 4861 1197 4921 occasione,
1214 4875 1348 4923 progressus
1357 4865 1381 4910 et
1391 4863 1468 4910 torma
1477 4864 1502 4911 et
1514 4863 1594 4911 babitu
1607 4864 1632 4910 et
1642 4855 1821 4922 pronuntiatione

243 4942 303 4977 atrro
312 4933 354 4978 aut
366 4930 482 4991 lapidibus
493 4934 536 4979 aut
545 4932 591 4979 alia
601 4945 745 4992 quacunque
757 4947 782 4982 re
792 4935 892 4994 pretiosa
902 4938 970 4984 erant
979 4949 1016 4985 or·
1060 4940 1085 4986 et
1095 4938 1173 4986 verbis
1182 4939 1278 4987 contuse
1286 4938 1316 4986 ab
1325 4951 1354 4987 eo
1363 4939 1469 4999 prolatis,
1480 4942 1592 4987 Romana.
1602 4941 1740 4986 ilunaornm
1748 4935 1770 4979 et
1782 4935 1820 4976 Ger·

244 5008 308 5053 nata.
323 5009 355 5055 ut
366 5007 463 5056 obsonia
481 5007 612 5068 primorum
628 5009 770 5057 serculorum
788 5011 854 5059 tuere
867 5015 1016 5075 consumpta,
1062 5017 1158 5063 iliorum
1172 5015 1275 5076 linguam
1288 5015 1463 5075 intermiscens,
1475 5028 1558 5064 omnes
1574 5015 1656 5063 laetitia
1669 5009 1785 5072 implevit.
1801 5007 1821 5048 “1

244 5083 405 5143 surreximus,
425 5095 503 5145 neque
522 5085 586 5145 prius
609 5085 735 5146 quisquam
754 5089 863 5137 nostrum
886 5089 924 5158 aql
936 5090 1015 5140 εεθσιιι
1062 5093 1140 5140 eiieclt
1150 5094 1178 5140 ut
1188 5092 1212 5140 ln
1223 5092 1387 5142 veliementeru
1400 5093 1473 5142 risum
1484 5093 1671 5153 prorumperent.
1689 5087 1732 5138 sed
1747 5081 1822 5132 attilas
