3868 5728
795 363 1035 427 calonnam.
1674 387 1707 440 9,

114 495 194 552 αὑτοῦ
207 494 371 573 θεράποντές
385 497 435 552 εἶσι
447 493 604 574 στρατηγοί,
620 495 690 572 αὐτῷ
706 491 732 550 δὲ
744 496 766 552 οἱ
779 501 830 560 τοῖς
848 499 894 568 βα·
941 497 967 560 ἐς
987 495 1035 566 τὴν
1056 496 1164 576 σκηνὴν,
1178 502 1191 556 δ
1205 503 1250 558 τοὺ
1265 499 1388 580 Ὀρέστου
1408 501 1495 582 πατὴρ
1511 495 1559 574 ἧκε
1573 505 1664 582 λόγοιν,
1678 511 1712 574 ὡς

113 581 246 641 σιλεύουσι
267 582 414 658 Ῥωμαίων
443 583 572 657 ὁμότιμοι.
596 579 722 640 Ἐσεσθαι
745 579 773 636 δὲ
796 581 842 638 οὐκ
861 581 896 646 εἰς
941 582 1099 663 ἀμφοτέρους
1113 591 1179 661 ὑμᾶς
1192 586 1316 656 'dr-riba<
1330 589 1372 646 ἐπὶ
1388 589 1417 647 τό
1432 593 1574 665 συμπόσιον
1588 614 1710 670 nepam.

114 667 218 748 μακρὰν
236 675 286 738 τῆς
306 669 441 766 παρούσης
465 670 534 747 αὐτῷ
558 668 688 741 δυνάμεως
707 665 829 737 αὔξησιν·
845 688 893 736 ση-
940 670 992 740 λεῖ,
1006 669 1157 744 γενήσεσθαι
1171 671 1197 729 δέ
1211 673 1273 731 αὐτὸ
1286 674 1344 752 περί
1360 675 1381 734 θ’
1395 680 1440 745 τῆς
1453 676 1561 756 ἡμέρας.
1576 677 1621 744 Ὡς
1631 679 1658 737 δὲ
1667 682 1711 738 τὸν

115 757 215 828 μιαίνειν
231 756 278 814 καὶ
291 761 369 815 τοῦτο
383 757 428 814 τὸν
444 755 499 814 θεὸν
511 754 540 812 τὸ
553 761 598 813 τοῦ
618 751 706 833 Ἄρεος
726 753 895 832 ἀναφήναντα
940 755 1029 833 καιρὸν
1040 757 1201 835 ἐφυλάξαμεν
1215 759 1259 817 καί
1273 760 1315 818 ἐπὶ
1329 760 1358 818 τὸ
1370 763 1470 820 δεῖπνον
1482 763 1617 833 κληθέντες
1630 789 1711 846 traps.

115 842 197 921 ξίφος,
210 841 278 922 ὅπερ
292 841 321 901 δν
333 841 403 922 ίιρίιν
416 841 462 900 καλ
472 840 544 921 παρά
555 845 608 914 τῶν
620 843 754 900 Σκυθικῶν
768 839 895 918 βασιλέων
940 841 1064 918 γενόμεθα
1080 845 1154 918 ἡμεῖς
1167 845 1252 903 τεκαὶ
1266 849 1290 904 οἱ
1304 847 1355 922 ἀπὸ
1370 851 1419 906 τῶν
1434 849 1557 928 ἑσπερίων
1573 849 1712 929 Ῥωμαίων

115 929 275 1003 τιμώμενον,
286 921 330 988 οἶα
343 930 375 1000 δὴ
387 933 425 1008 τῷ
436 929 518 1008 έφόριμ
527 932 578 986 τῶν
590 927 711 1002 πολέμων
721 927 896 1001 ἀνακείμενον,
940 928 1078 1008 πρέσόιις,
1093 930 1203 1008 ἔστημεν
1218 933 1260 990 ἐπὶ
1272 939 1317 992 τοῦ
1335 936 1410 994 οὐδοῦ
1424 936 1498 994 ἀντία
1512 937 1633 1007 Ἀπήλα,
1660 939 1713 997 Καὶ

116 1019 140 1072 ἐν
155 1027 207 1082 τοῖς
217 1018 306 1074 πάλαι
319 1021 491 1096 ἀφανισθῆναι
502 1015 619 1095 χρόνοις,
631 1006 687 1072 εἶτα
702 1013 744 1072 διὰ
755 1014 814 1092 βοὸς
824 1017 894 1093 εὑρε-

116 1107 189 1172 θῆναι
201 1106 256 1178 (cf.
271 1107 307 1160 fr.
326 1125 376 1174 to,
389 1125 419 1180 p.
435 1107 500 1180 96).

157 1191 210 1250 liei
222 1191 340 1250 ἑκάστου
355 1191 438 1270 λέγειν
450 1215 475 1248 τι
485 1192 544 1270 περὶ
555 1193 605 1248 τῶν
618 1190 788 1248 καθεστώτων
804 1191 896 1266 βουλυ-

117 1277 210 1350 μένου,
226 1277 389 1354 Ὀνηγησίου
404 1277 594 1350 ὑπεξελθόντες,
607 1279 671 1355 παρ’
684 1277 760 1334 αύτδν
772 1277 895 1352 ἤλθομεν,

117 1365 159 1420 καὶ
174 1363 344 1443 ἐπειρώμεθα
358 1365 419 1442 περὶ
433 1368 484 1422 τῶν
505 1362 721 1438 ἐσπουδασμένων
743 1363 893 1438 μανθάνειν.

116 1451 150 1508 ‘tl
171 1450 200 1508 δι’
220 1473 278 1508 τισι
296 1449 421 1529 πρότερον
440 1449 580 1530 βαρὺάροις
601 1451 754 1528 διαλεχθεὶς,
770 1449 894 1506 πυθέσθαι

116 1561 148 1612 με
162 1537 237 1615 παρὰ
255 1537 405 1613 Μαξιμίνου
425 1537 548 1615 ἀπέτρεπε
572 1535 630 1593 τίνα
653 1529 787 1610 Ῥωμαῖοι
814 1534 895 1611 ἀνδρα

116 1631 165 1682 τῶν
176 1627 317 1683 ὑπατικῶν
328 1624 401 1703 παρὰ
414 1622 458 1682 τόν
469 1623 592 1694 Ἀττήλαν
605 1621 809 1700 πρεσθευόμενον
821 1621 894 1680 στέλ·

116 1715 214 1771 λουσιν.
231 1711 281 1777 Ὡς
292 1711 321 1769 δὲ
337 1709 474 1788 παρελθὼν
485 1712 522 1776 εἰς
532 1709 579 1780 τὴν
590 1709 688 1781 σκηνὴν
702 1709 818 1788 ἔφραζον,
830 1707 895 1786 άπερ

115 1799 201 1874 ιῖρητό
217 1821 280 1872 μοι,
303 1797 349 1855 καλ
365 1795 381 1854 ὅ
390 1819 414 1854 τι
432 1798 471 1855 δεῖ
488 1797 570 1873 λέγειν
585 1788 620 1853 ὧν
640 1795 718 1874 χάριν
733 1799 747 1853 ὑ
765 1794 895 1873 βάρὺαμος

115 1889 189 1956 ἡμῶν
205 1886 320 1944 ἐπύθετο
335 1885 391 1960 ἅμα
405 1887 443 1964 τῷ
455 1883 593 1962 Matralia
609 1881 811 1960 βουλευσάμενος
825 1884 890 1939 ἐπα-

115 1975 207 2042 ιῆλθσν
230 1977 269 2038 ὡς
290 1972 335 2030 τδν
360 1970 528 2047 Ὀνηγήσισν,
550 1971 643 2047 λέγων,
663 1973 698 2035 ὑις
716 1969 830 2027 ἐθέλουσι
848 1965 895 2044 μέν

116 2059 248 2134 Ῥωμαῖοι
271 2057 350 2116 αὑτὸν
368 2057 442 2136 παρά
463 2066 528 2136 σφᾶς
548 2055 654 2116 ἐλθόντα
672 2059 723 2114 τῶν
742 2055 895 2134 ἀμφιὺόλων

115 2146 189 2204 ἕνεκα
202 2145 389 2222 διαλέγεσθαι,
401 2148 424 2202 εἰ
434 2143 461 2202 δὲ
473 2143 562 2202 τούτου
572 2142 746 2221 διαμάρτοιεν,
755 2142 895 2220 ἐκπέμψειν

117 2232 228 2310 βασιλέα
246 2233 276 2291 δν
293 2233 415 2312 βούλεται
433 2229 664 2310 πρισὺευσόμενον.
683 2229 737 2290 Καὶ
757 2229 828 2294 ιύθίις
847 2252 895 2303 με·

116 2321 194 2378 τιέναι
207 2343 243 2394 με
258 2322 304 2378 τὀν
325 2318 470 2394 θΙαξιμῑνον
491 2317 715 2396 παρεκελεύσατο,
739 2313 783 2373 καί
796 2316 894 2386 ἥκοντα

116 2411 190 2466 αὑτὸν
213 2401 266 2484 ἦγε
287 2405 361 2485 παρὰ
383 2405 426 2462 τὸν
450 2405 586 2476 Ἀττήλαν.
606 2405 662 2464 Καὶ
681 2403 772 2482 μικρὸν
789 2402 896 2481 ὕστερον

116 2495 264 2562 ὑπεξελθὼν
281 2497 296 2551 ὑ
312 2490 455 2568 Μαξιμῒνος
476 2493 571 2569 ἔλεγεν,
586 2490 682 2549 ἐθέλειν
697 2490 741 2548 τὸν
765 2489 896 2569 βάρὺαρον

119 2583 209 2656 λύμαν
221 2580 240 2651 ἢ
254 2580 403 2638 ’λνατόλισν
415 2576 432 2648 ἢ
445 2577 577 2656 Σενάτορα
588 2574 788 2654 πρεσύεύεσθαι·
801 2573 838 2650 μὴ
847 2574 897 2651 γὰρ

117 2669 145 2724 ἀν
158 2669 241 2726 ἀλλον
251 2663 327 2744 παρά
341 2663 399 2730 τοὺς
412 2663 559 2742 εἰρημένους
571 2663 696 2731 δέξεσθαι.
709 2662 763 2722 Καὶ
772 2665 807 2728 ὡς
819 2663 897 2720 αὐτοῦ

117 2752 344 2833 ἀποκριναμένου,
364 2751 401 2826 μὴ
425 2755 520 2829 χρῆναι
542 2750 585 2808 ἐπὶ
608 2748 654 2820 τὴν
677 2749 818 2828 πρεσύείαν
841 2747 898 2815 τοὺς

118 2841 209 2920 ἀνδρας
220 2841 355 2898 καλοῦντα
367 2837 498 2904 ὑπόπτους
508 2843 632 2895 καθιστᾶν
644 2838 745 2914 βασιλεῖ
753 2881 761 2909 ,
769 2835 898 2915 εἰρηκέναι

116 2931 156 2986 τὸν
171 2927 313 2997 itan-riberii,
327 2928 350 2984 el
365 2923 402 3000 μὴ
417 2921 514 2983 ἕλοιντο
528 2931 609 2982 ποιεῖν
625 2923 642 2980 ὑ
658 2923 794 3002 βούλεται,
808 2919 898 2989 ὅπλοις

117 3015 147 3072 τά
160 3013 299 3092 ἀμφίὺολα
314 3011 533 3088 διακριθήσεσθαι.
549 3011 759 3070 Ἐπανελθόντων
774 3009 800 3068 δὲ
819 3013 894 3086 ἡμῶν

117 3181 198 3238 orbat,
217 3179 253 3226 illi
267 3189 351 3226 corros
361 3189 414 3224 csse
431 3175 582 3224 exercituum
599 3175 687 3235 duces,
700 3175 744 3224 sibi
761 3187 817 3222 nero
832 3175 897 3222 rima

118 3255 303 3318 imperatoribus
320 3253 435 3302 Bouiania
452 3253 566 3314 dignitate
578 3267 654 3316 pares.
674 3255 704 3302 ut
722 3251 789 3300 breri
801 3251 897 3313 quidem

119 3335 145 3380 sit
155 3335 161 3380 i
172 3333 287 3394 potentiae
299 3330 459 3380 accessionem
478 3331 542 3390 lore,
554 3329 618 3392 quod
629 3332 653 3378 et
662 3328 735 3388 deus,
746 3327 829 3376 blartis
842 3341 897 3377 ense

120 3413 141 3457 Ιιιι
152 3411 230 3458 lucem
241 3409 378 3470 protracto,
389 3405 543 3467 portenderit.
555 3405 598 3455 lllc
606 3405 669 3454 ensis
677 3408 791 3465 tanquam
799 3415 865 3452 secer
873 3405 897 3454 et

120 3485 164 3531 ‹ta›
175 3487 296 3534 bellorum
310 3483 405 3546 presidi
416 3482 551 3542 delicatus,
561 3481 726 3544 ascytbarum
737 3479 830 3543 regibus
839 3481 896 3530 olirn

120 3564 251 3621 intr-batur,
269 3565 295 3610 ct
315 3561 398 3610 miritis
413 3559 508 3610 suculis
525 3573 573 3608 non
589 3559 667 3620 risus,
683 3559 751 3608 bovis
767 3557 897 3608 ministerio

120 3645 194 3690 liu-rat
203 3644 264 3689 tuuc
276 3638 391 3700 temporis
403 3640 495 3686 errrtus.

150 3723 211 3766 llum
226 3718 262 3765 ita
272 3715 304 3764 de
314 3715 424 3776 praesenti
436 3727 515 3762 rerum
528 3714 591 3762 stato
604 3710 795 3771 confabulemur,
806 3715 896 3774 onega·

120 3797 167 3842 sius
186 3795 252 3844 toras
269 3791 371 3855 prodiit,
390 3791 420 3840 ad
433 3804 520 3852 quem,
539 3794 609 3840 ntea
628 3790 815 3840 eodiscerernus
843 3802 898 3851 qnae

121 3867 684 3924 praetecumcommissatoerantmmassimns.
717 3865 898 3928 ltlereroprius

121 3963 174 3996 ιιιιιι
193 3947 275 3998 neseio
293 3947 382 4010 quibus
402 3946 508 3994 barbaris
527 3946 671 4004 collocutus,
687 3957 793 4006 qrimrere
810 3957 849 3992 me
867 3956 897 3992 ex

122 4028 253 4076 liniimiuo
262 4024 349 4086 jussit,
364 4037 436 4086 quern
453 4023 552 4073 Romani
569 4037 596 4070 en
612 4022 776 4072 consularibus
794 4011 897 4082 legatum

121 4103 149 4150 ad
162 4105 260 4152 attilam
269 4104 348 4150 asana
357 4101 461 4148 missuri.
495 4101 526 4146 Ut
537 4099 561 4147 in
571 4099 700 4148 tentorium
710 4098 778 4156 veni,
788 4099 812 4146 ct
822 4097 896 4146 Marl-

123 4183 199 4240 miuo,
214 4191 272 4239 quae
284 4175 344 4226 milri
354 4177 484 4236 Onegesias
501 4175 607 4236 dixerat,
622 4174 706 4234 retuli,
722 4173 802 4222 babila
813 4173 842 4222 de
853 4187 881 4230 co
889 4209 896 4234 ,

122 4257 183 4316 ηιιιιιΙ
203 4253 314 4303 barbaris
328 4251 518 4315 impendendum
533 4253 607 4311 asset,
623 4250 805 4310 deliberatione,
824 4249 897 4310 raclii,

122 4333 220 4392 elisique
231 4331 365 4392 onegcsio,
385 4331 503 4378 Romanos
515 4340 654 4390 magnopere
669 4325 818 4385 desiderare,
829 4325 897 4374 illum

940 1015 1034 1074 κύλικα
1048 1019 1071 1074 οἱ
1085 1019 1195 1097 οἰνοχόοι
1215 1019 1284 1078 κατά
1305 1024 1334 1079 τὸ
1356 1023 1494 1101 ἐπιχώριον
1508 1024 1632 1082 ἐπέδοσαν
1647 1025 1713 1094 ἔθος,

940 1104 975 1168 ὡς
989 1102 1034 1160 καλ
1057 1108 1126 1178 ἡμᾶς
1139 1105 1190 1184 πρὸ
1210 1109 1255 1175 τῆς
1269 1106 1343 1186 ἕδρας
1356 1108 1521 1176 ἐπεύξασθαι.
1538 1103 1579 1170 Ob
1595 1111 1626 1180 δὴ
1641 1135 1712 1188 γενο·

941 1189 1033 1264 μένου,
1044 1195 1090 1260 τῆς
1101 1190 1202 1258 κύλικος
1216 1194 1422 1270 ἀπογευσάμενοι
1436 1195 1480 1254 ἐπὶ
1492 1195 1548 1263 τοὺς
1557 1197 1658 1275 θρόνους
1669 1199 1713 1268 ἧλ-

940 1283 1027 1353 θομεν,
1041 1269 1071 1334 οὑ
1085 1276 1135 1335 έδιι
1150 1279 1318 1346 καθεσθέντας
1330 1283 1450 1342 δειπνεῖν.
1466 1283 1535 1362 Πρὸς
1550 1283 1576 1340 δὲ
1590 1292 1642 1350 τοῖς
1659 1286 1711 1342 τοί-

939 1383 995 1439 χοις
1003 1368 1047 1420 τοῦ
1056 1363 1195 1438 οἰκήματος
1202 1364 1295 1431 πάντες
1302 1369 1417 1444 ὑπῆρχον
1425 1371 1448 1425 el
1459 1368 1542 1446 δίφροι
1553 1368 1578 1436 ἐξ
1589 1369 1711 1446 ἑκατέρας

940 1450 1062 1527 πλευρᾶς.
1076 1449 1122 1508 Ἐν
1136 1451 1277 1530 μεσωτάτιμ
1288 1452 1315 1509 δέ
1327 1445 1391 1522 ἧστο
1403 1453 1446 1512 ἐπὶ
1456 1453 1543 1526 κλίνης
1553 1458 1566 1511 ὑ
1577 1455 1711 1530 ’Λττήλας,

939 1535 1027 1612 ἑτέρας
1050 1535 1178 1603 ἐξόπισθεν
1200 1539 1287 1608 κλίνης
1310 1540 1477 1617 ὑπαρχούσης
1501 1543 1588 1620 αὐτῷ,
1606 1545 1661 1616 μεθ’
1680 1544 1712 1611 ἣν

941 1621 1037 1698 βαθμοί
1048 1643 1112 1689 τινες
1122 1625 1163 1680 ἐπὶ
1173 1623 1219 1693 τὴν
1228 1629 1306 1682 αὐτοῦ
1316 1631 1409 1702 ἀνῆγον
1418 1627 1502 1697 εὐνὴν,
1513 1629 1711 1704 καλυπτομένην

939 1709 1038 1774 ὀθόναις
1051 1709 1096 1766 καί
1116 1710 1241 1776 ποικιλοις
1264 1713 1486 1789 παραπετάσμασι
1506 1715 1603 1790 κόσμου
1622 1716 1711 1792 χάριν,

940 1794 1057 1872 καθάπερ
1069 1797 1112 1854 ἐπὶ
1123 1800 1174 1854 τῶν
1186 1797 1338 1873 γαμούντων
1349 1797 1477 1870 Ἔλληνές
1488 1824 1515 1858 τε
1527 1801 1572 1858 καλ
1584 1800 1712 1876 Ῥωμαῖοι

940 1883 1170 1951 κατασκευάζουσι.
1191 1885 1243 1943 Καὶ
1264 1883 1369 1964 πριύτην
1391 1883 1438 1960 μέν
1453 1887 1569 1961 ένόμιξον
1587 1891 1637 1944 τῶν
1657 1889 1710 1944 δει-

939 1969 1068 2028 πνούντων
1083 1969 1153 2037 τάξιν
1168 1970 1214 2039 τὴν
1228 1975 1255 2029 ἐν
1269 1971 1339 2051 δεξιᾷ
1355 1978 1399 2030 τοῦ
1414 1972 1540 2046 Ἀττήλα,
1554 1973 1674 2052 δευτέραν
1685 1973 1711 2031 δὲ

940 2055 986 2124 τὴν
999 2056 1140 2132 εὐώνυμον,
1153 2060 1179 2116 έν
1190 2050 1208 2136 ᾗ
1220 2059 1393 2136 ἐτυγχάνομεν
1402 2059 1487 2131 ὄντες,
1498 2059 1713 2137 προκαθεσθέντος

939 2146 1015 2218 ἡμῶν
1039 2145 1162 2221 Βερίχου,
1184 2143 1256 2222 παρδι
1281 2143 1394 2211 Σκύθαις
1416 2137 1445 2203 εὑ
1464 2145 1595 2223 γεγονότος
1613 2147 1711 2226 ἀνδρός.

941 2226 974 2287 ‘0
996 2229 1046 2304 γάρ
1069 2229 1221 2306 Ὀνηγήσιος
1236 2230 1279 2287 teri
1294 2231 1382 2310 δίφρου
1396 2224 1461 2302 ἧστο
1479 2235 1506 2290 ἐν
1525 2231 1594 2312 δεξιᾷ
1607 2238 1653 2302 τῆς
1667 2239 1711 2292 τοῦ

942 2314 1068 2391 βασιλέως
1081 2317 1178 2386 κλίνης.
1195 2315 1310 2394 ’ἀντικρὺ
1324 2317 1351 2375 δέ
1363 2323 1409 2376 τοῦ
1432 2319 1589 2392 Ὀνηγησίου
1610 2321 1653 2378 ἐπὶ
1674 2321 1712 2379 δέ·

941 2423 1005 2479 φρου
1022 2401 1169 2470 ἐκαθίζοντο
1182 2403 1227 2462 δύο
1247 2407 1296 2462 τῶν
1311 2403 1421 2476 Ἀττήλα
1439 2405 1546 2462 παίδων·
1558 2410 1572 2463 ὁ
1585 2405 1636 2486 γάρ
1650 2431 1712 2484 πρε-

942 2486 1064 2564 οὑύτερος
1075 2490 1118 2546 ἐπὶ
1130 2493 1176 2559 τῆς
1187 2490 1283 2548 ἐκείνου
1297 2482 1362 2560 ἧστο
1376 2491 1479 2568 κλίνης,
1494 2495 1541 2550 οὐκ
1551 2493 1640 2569 ἐγγὺς,
1654 2495 1713 2552 ἀλλ’

941 2575 982 2631 ἐπ’
998 2574 1092 2651 άκρου,
1107 2577 1175 2632 αἰδοῖ
1193 2580 1236 2634 τοῦ
1254 2576 1351 2654 πατρὸς
1367 2575 1469 2655 βλέπων
1485 2580 1509 2642 ἐς
1522 2581 1581 2654 γῆν.
1602 2577 1713 2637 Πάνειον

942 2659 968 2718 δέ
995 2663 1021 2718 ἓν
1046 2659 1137 2740 κόσμῳ
1168 2659 1345 2734 καθιστάντων,
1371 2662 1507 2744 παρελθὼν
1538 2663 1650 2742 οἰνοχόος
1675 2669 1712 2744 τῷ

941 2747 1053 2828 {bertila
1067 2747 1135 2808 οἴνου
1153 2748 1286 2807 κισσύὺιον
1306 2749 1447 2808 ἐπιδίδωσι.
1468 2750 1613 2826 Δεξάμενος
1627 2752 1654 2810 el
1669 2752 1712 2810 τὸν

940 2839 973 2914 τῇ
983 2834 1053 2898 τάξει
1062 2839 1163 2914 πρῶτον
1173 2836 1313 2906 ἠσπάζετο.
1324 2835 1359 2896 ‘0
1368 2836 1396 2894 δέ
1406 2839 1444 2916 τῷ
1456 2840 1590 2917 ἀσπασμῷ
1598 2839 1714 2914 τιμηθείς

941 2922 1101 2981 διανίστατο·
1115 2923 1160 2981 καὶ
1169 2925 1198 2980 οὗ
1208 2922 1332 3002 πρότερον
1343 2926 1430 2993 itiam
1440 2923 1510 2999 θέμις
1522 2917 1563 2995 ἦν,
1577 2925 1636 3002 πρὶν
1647 2924 1664 2995 ἢ
1675 2929 1713 3005 τῷ

942 3009 1049 3089 οἰνοχόῳ
1064 3009 1272 3086 ἀπογευσάμενος
1285 3005 1302 3078 ἢ
1317 3008 1361 3068 καλ
1376 3009 1471 3068 έκπιὼν
1486 3011 1604 3070 ἀπέδωκε
1616 3012 1646 3070 τό
1659 3035 1713 3070 κισ-

939 3173 1012 3222 arinis
1025 3187 1049 3222 se
1059 3175 1232 3222 controversias
1248 3172 1444 3234 disceptaturum.
1479 3177 1587 3223 Reversis
1604 3175 1672 3222 nobis
1689 3177 1712 3222 in

939 3252 1083 3311 tentorium,
1092 3265 1147 3300 ecce
1155 3251 1184 3299 ad
1197 3265 1240 3300 nos
1249 3251 1340 3301 Orestis
1350 3254 1423 3312 paler,
1436 3271 1447 3292 e
1459 3255 1507 3300 vos
1517 3253 1612 3312 anrbos,
1622 3253 1712 3313 inquit,

938 3327 969 3376 ad
978 3328 1114 3376 corrrivium
1127 3327 1209 3375 invitat
1219 3327 1319 3386 attilas,
1336 3327 1375 3376 liet
1386 3340 1444 3376 vero
1454 3326 1512 3376 illud
1525 3327 1555 3374 ml
1565 3339 1653 3376 nonam
1666 3328 1712 3375 diei

940 3407 1032 3455 beram.
1045 3427 1056 3448 ν
1067 3409 1184 3467 'tempore
1194 3405 1304 3454 condicto
1314 3405 1452 3464 oliscrveto,
1463 3407 1490 3452 ut
1499 3403 1620 3464 uenimus,
1630 3406 1654 3453 et
1665 3419 1712 3452 nna

940 3496 1035 3545 utroque
1052 3485 1214 3532 Romanorum
1227 3481 1415 3530 Occidentalium
1432 3481 1513 3541 legati,
1527 3479 1636 3530 stetimus
1648 3481 1672 3529 in
1684 3481 1712 3529 li-

940 3562 1004 3609 mine
1015 3561 1131 3609 eoenacuti
1140 3573 1221 3610 coram
1236 3559 1319 3609 Attila.
1333 3563 1394 3608 'lum
1404 3559 1536 3620 pinearum,
1546 3559 1573 3605 ut
1582 3571 1633 3606 mos
1644 3558 1712 3606 estin

940 3637 986 3684 iltis
1005 3636 1151 3697 regionibus,
1165 3637 1263 3684 calicem
1283 3635 1445 3692 tradiderunt,
1463 3635 1490 3682 ut
1507 3635 1561 3682 ante
1575 3633 1710 3682 accubitum

939 3716 997 3762 vcta
1008 3713 1148 3762 laceremus.
1160 3714 1214 3770 Quo
1227 3713 1288 3761 lecto
1298 3747 1305 3771 ,
1315 3713 1338 3760 et
1348 3710 1420 3760 calice
1429 3709 1568 3770 degustato,
1580 3709 1630 3772 ipsa
1639 3712 1711 3770 solia,

941 3791 965 3839 in
990 3791 1077 3852 qrribns
1101 3790 1268 3840 abscedentes
1288 3801 1381 3838 camare
1398 3788 1536 3850 oportebat,
1555 3787 1711 3837 ascerrdirmrs.

940 3869 1026 3916 Omnia
1037 3868 1117 3916 sedilia
1131 3867 1194 3916 circa
1201 3867 1301 3928 parietes
1311 3865 1415 3914 cubiculi
1430 3865 1460 3912 ab
1473 3868 1573 3925 utraque
1588 3867 1653 3924 parte
1663 3865 1711 3913 dis·

941 3947 1016 4006 posita
1025 3947 1092 3994 erent
1103 3964 1109 3993 ι
1120 3943 1211 3993 malins
1220 3943 1244 3992 in
1255 3945 1315 3992 lecto
1324 3943 1420 3992 sedebat
1432 3943 1530 4001 nttllas,
1541 3945 1615 3990 allero
1627 3943 1710 3992 lactea

941 4025 1006 4080 terge
1018 4023 1106 4080 strato,
1117 4033 1177 4082 pone
1188 4033 1260 4080 quem
1272 4022 1341 4066 crant
1352 4018 1449 4079 quidam
1459 4017 1558 4077 gradus,
1570 4019 1610 4078 qm
1623 4017 1651 4065 ad
1662 4018 1713 4078 ejus

940 4098 1018 4146 cubile
1029 4098 1147 4150 irretiant,
1164 4096 1241 4144 linteis
1253 4095 1357 4144 candidis
1367 4099 1391 4142 ct
1400 4095 1472 4142 uariis
1484 4095 1600 4155 tapetibus
1616 4101 1713 4144 ornatus

940 4175 1015 4235 gratia
1025 4175 1176 4233 contectum,
1188 4172 1264 4220 similo
1273 4171 1406 4226 cubitibus,
1419 4183 1472 4230 qum
1487 4171 1584 4218 llonmni
1595 4173 1619 4220 et
1635 4172 1711 4219 ermol

940 4250 1083 4299 nubentibus
1092 4249 1208 4298 adornare
1218 4262 1260 4309 pro
1271 4261 1336 4296 inore
1351 4247 1446 4296 liabent.
1461 4249 1489 4294 ec
1502 4245 1603 4306 primum
1614 4247 1711 4308 quidem

942 4327 1095 4376 convivarum
1113 4327 1192 4374 lecum
1205 4325 1256 4384 ejus
1267 4323 1399 4382 trabebant,
1412 4321 1452 4383 ηιιί
1465 4320 1494 4368 ud
1512 4323 1590 4370 Attilae
1602 4322 1710 4371 dertmru

121 4425 216 4459 uiarum
236 4423 295 4458 mim
314 4407 389 4458 Attila
401 4405 616 4456 controversiarum
632 4405 813 4467 disceptatorem
829 4405 859 4453 nd
872 4418 898 4454 se
941 4406 1053 4464 seniebat,
1065 4404 1196 4454 secundum
1207 4402 1270 4462 eius,
1280 4401 1320 4463 qui
1331 4400 1359 4448 nd
1372 4399 1457 4448 lauram
1471 4399 1511 4447 :in
1519 4414 1567 4460 ηιιο
1577 4413 1619 4448 nes
1630 4405 1655 4450 et
1668 4405 1710 4451 lie·

122 4487 243 4535 arrodere.
256 4488 312 4542 Qua
329 4497 372 4545 spe
384 4484 403 4530 si
415 4482 559 4542 exciderint,
572 4483 751 4544 imperatorem,
763 4495 835 4542 quem
853 4481 897 4531 sibi
940 4481 1034 4542 ricinus,
1052 4480 1088 4528 eir
1099 4479 1162 4540 apud
1177 4478 1277 4539 scythas
1290 4476 1387 4536 nobilis,
1407 4474 1447 4524 sed
1463 4477 1576 4524 llericlrus
1591 4478 1712 4537 ειηιοιὶοιε

124 4565 229 4625 litari-rit,
242 4564 352 4625 legatum
362 4561 498 4610 missurum.
511 4561 634 4622 Extemplo
649 4574 687 4609 me
697 4559 853 4610 Maximinum
860 4574 897 4609 ar·
941 4559 1001 4608 leco.
1013 4561 1071 4607 llam
1079 4555 1207 4616 Onegesius
1215 4553 1239 4602 in
1248 4553 1304 4602 sella
1314 4553 1343 4600 ad
1353 4552 1461 4600 dextram
1472 4551 1526 4612 rogii
1537 4553 1609 4613 ttrori,
1620 4557 1643 4601 et
1653 4567 1666 4601 c
1677 4568 1711 4604 re·

124 4655 212 4689 uasere
221 4641 307 4702 jussit,
320 4651 409 4700 quem,
419 4639 447 4686 ut
460 4638 539 4697 venit,
549 4637 579 4686 ed
589 4637 685 4686 Attilam
694 4637 802 4685 deluxit.
830 4636 897 4686 Unde
941 4639 1009 4698 pone
1028 4634 1135 4695 Onegesii
1148 4633 1196 4680 duo
1210 4647 1240 4680 cx
1254 4632 1333 4681 Attilae
1346 4630 1399 4678 filiis
1417 4629 1538 4678 sedebant.
1551 4630 1634 4678 Senior
1647 4631 1710 4678 enim

124 4729 167 4764 ιιιιιι
188 4716 267 4765 multo
287 4720 342 4778 prat
356 4713 501 4762 blariminus
516 4725 635 4774 reversus,
647 4711 754 4761 narrarit
768 4712 897 4761 barbarum
941 4715 965 4764 in
979 4713 1069 4770 eodem
1079 4725 1127 4773 quc
1137 4713 1212 4771 paler,
1225 4709 1320 4768 linono,
1333 4721 1380 4756 non
1389 4719 1471 4769 prope,
1482 4707 1522 4756 scd
1536 4708 1639 4756 multum
1650 4706 1710 4756 inira

126 4795 182 4842 ιιΙέ
192 4795 365 4854 imperatorem
379 4789 446 4839 adse
460 4790 553 4838 mittere
572 4789 660 4850 legatus
680 4792 722 4837 aut
737 4790 839 4837 liumum
855 4791 897 4838 aut
940 4791 1109 4850 accumbebat,
1124 4788 1199 4838 oeulis
1209 4801 1257 4848 pree
1273 4785 1362 4848 pudore
1374 4787 1469 4846 propter
1479 4785 1551 4846 patris
1561 4785 1709 4846 praesentiam

124 4871 256 4918 anatolium
274 4867 317 4916 aet
333 4867 490 4925 senatorem,
506 4879 582 4928 ιιοηυο
600 4865 735 4914 aliosalios
751 4869 836 4926 prater
854 4865 897 4914 lios
940 4881 1032 4930 semper
1042 4867 1065 4914 iu
1072 4869 1159 4915 terram
1167 4863 1285 4924 coniectis.
1295 4861 1412 4911 Omnibus
1421 4861 1504 4909 ordine
1514 4859 1659 4920 sedentibus,
1667 4861 1709 4921 qni

124 4949 291 4996 eliirusurum.
326 4948 357 4993 Et
369 4957 445 5005 urium
455 4943 595 4997 llaniminus
610 4943 723 5004 objiceret
735 4943 832 4991 minime
841 4956 895 4991 con·
939 4947 1019 4996 Attilae
1030 4946 1080 4992 erat
1095 4957 1109 4990 a
1123 4944 1223 5004 poculis,
1236 4940 1368 5002 ingrediens
1378 4942 1482 5001 pateram
1491 4938 1538 4986 nini
1550 4937 1629 4986 tradit.
1643 4941 1708 4986 ltane

124 5027 199 5073 ιιιιιιε
213 5025 321 5086 legatus,
334 5022 377 5082 qui
387 5021 417 5070 ad
428 5035 454 5071 se
471 5025 605 5082 mittantur,
616 5021 758 5083 designando
775 5026 898 5082 ειιηιιϊίυε
941 5025 982 5072 nbi
991 5023 1101 5084 suscepit,
1110 5021 1244 5082 proximum
1252 5016 1508 5078 orilirrcsalutarit,qrrl
1518 5014 1658 5073 salutatione
1668 5015 1707 5063 lm·

124 5101 258 5164 ἰοηιεττιοιί
271 5101 388 5160 reddere,
399 5101 495 5149 Attilam
505 5101 662 5164 respondisse,
673 5103 691 5150 si
702 5101 894 5162 imeabnuerinl,
940 5105 1037 5152 noralns
1057 5099 1167 5157 surrenti,
1180 5111 1257 5158 nepte
1273 5095 1337 5158 prius
1350 5107 1404 5142 υιιιιι
1420 5091 1501 5142 sedere
1516 5091 1549 5139 las
1563 5091 1622 5150 erat,
1635 5103 1707 5152 quam
