3908 5732
185 478 271 554 μαίων
285 474 474 558 παρειληφότος
491 471 588 554 ἀρχήν,
604 473 728 555 Ῥικίμερ
743 479 847 556 ἡμεροῦν
866 475 929 534 είσω
937 475 964 534 λ’

184 563 310 624 καταλύει
321 561 366 623 τόν
377 561 448 642 βίον,
461 559 571 636 αὑρατος
581 564 652 642 αὑτῷ
664 561 787 622 πλείστου
797 561 964 639 ίξιμεθίντος.

185 648 362 732 Ὀλύόριοςδί
378 648 445 727 μετά
458 653 548 710 τοῦτον
565 647 597 728 ιγ’
616 649 696 727 μόνας
719 649 834 716 ίπιόιοὺς
847 648 964 730 ἡμέρας,

185 739 270 822 ὑδέριρ
283 738 418 819 συσχεθεὶς
431 737 606 816 μεταλλάττει
624 745 678 805 τοῖς
687 739 838 816 βασιλεῦσιν
854 737 965 818 [ίν]αρι-

185 827 292 904 θμηθεὶς
300 829 337 892 εἱς
349 830 432 904 μῆνας
440 825 476 894 ἐξ.
488 823 547 896 Τήν
554 824 581 884 δέ
591 831 635 884 τοῦ
646 825 796 906 Ῥεκίμερος
808 823 965 884 ὑπεισελθὼν

186 913 403 988 Γουνδουόάλης,’
414 912 517 993 ἀνεψιός
534 910 570 971 ὧν
585 914 678 987 αὑτοῦ,
694 912 846 994 Γλυκέριον,
862 911 909 984 τήν
920 917 965 971 τοῦ

186 1003 310 1079 Κόμητος
320 1005 371 1060 τῶν
385 1001 546 1077 δομεατίκων
561 1000 634 1069 ἀξίαν
649 1001 760 1080 έχοντα,
774 1001 815 1060 ἀπ]
826 999 874 1072 τήν
887 1005 965 1081 βασι-

112 1143 115 1152 .
184 1091 257 1150 λείαν
264 1093 331 1168 ἀγιι.
340 1087 420 1155 Γνοὺς
430 1089 456 1147 δὲ
465 1089 537 1148 Λέων
548 1091 562 1146 ό
572 1093 622 1146 τῶν
631 1087 724 1169 Ἐῴων
734 1087 855 1168 βασιλεῦς
864 1087 911 1160 τήν
921 1092 966 1146 τοῦ

186 1177 329 1258 Γλυκερίου
342 1176 522 1256 ἀναγόρευσιν,
538 1175 719 1256 ἐπιστρατεύει
732 1181 791 1234 κατ’
807 1177 902 1245 αὐτοῦ,
915 1174 966 1234 Νέ·

186 1289 263 1326 ποντα
277 1264 423 1345 στρατηγὸν
444 1261 590 1331 ἀποδείξας.
613 1262 666 1331 Ὃς
687 1263 777 1335 ἐπειδὴ
797 1263 844 1334 τήν
857 1263 966 1340 Ῥώμην

184 1351 341 1430 κατέλαόιν,
354 1350 453 1430 ἀμαχεί
465 1349 509 1410 τδν
524 1349 664 1431 Γλυκέριον
676 1350 850 1432 ἐχειρώσατο,
860 1351 965 1409 καὶτῶν

187 1439 327 1520 βασιλείων
347 1438 443 1507 ίξώσας
456 1437 597 1498 ἐπίσκοπον
622 1437 744 1506 Σίλωνος
758 1439 965 1518 προχειρίζιται,

776 341 936 404 tonnnls
957 341 1194 404 nnnocflnni

1011 471 1092 544 αὑτήν
1102 471 1219 550 ίγένετο,
1229 471 1278 552 ίρη
1293 472 1401 551 ταχείαν
1411 473 1496 538 αὐτοῖς
1511 473 1563 531 δεῖν
1578 473 1672 552 φυγήν,
1685 473 1702 546 ν’]
1715 476 1791 552 γενέ-

1012 565 1071 620 σθαι
1085 559 1136 618 ὑπὸ
1148 567 1201 626 τοῖς
1215 563 1376 640 ἀναιροῦσιν·
1390 557 1512 619 ἁπάντων
1524 559 1575 638 γάρ
1590 564 1625 628 είς
1636 567 1713 620 τοῦτο
1727 585 1791 621 συν·

1013 645 1223 720 εληλυθέναιτήν
1237 645 1354 724 γνώμην.
1381 645 1415 708 ‘0
1437 645 1484 724 μέν
1499 637 1542 708 οὑν
1556 649 1647 720 Ζήνων
1662 651 1697 717 εἰς
1717 649 1791 708 οῦδὲν

1011 734 1234 810 ἀναῦαλλόμενος,
1252 735 1310 813 [εὑς]
1336 733 1446 805 ήκουσεν
1465 737 1500 800 ώς
1523 733 1579 793 δέον
1606 735 1700 801 αῦτοὺς
1724 739 1789 794 ἀπο·

1011 823 1115 904 δρδναι,
1127 822 1227 903 νύκτωρ
1242 822 1299 902 άμα
1311 827 1344 900 τῇ
1355 827 1458 904 γαμετῇ
1469 822 1589 902 Ἀριάδνῃ
1602 823 1692 900 anim*
1711 825 1793 882 αὑτοῦ

1012 911 1092 988 μητρί
1105 910 1218 970 Λαλλίδι
1231 909 1369 969 ἀναλαόὼν
1382 910 1469 968 πάντα
1484 909 1568 970 όπόσα
1581 911 1635 978 τοῖς
1650 911 1793 989 βασιλείοις

1012 996 1137 1073 κειμήλια
1150 987 1180 1070 ήν
1192 997 1218 1055 ἀν
1228 1019 1256 1055 τε
1266 999 1354 1068 ίαθήτι
1364 996 1453 1075 καὶτῷ
1463 996 1536 1078 ἀλλην
1544 996 1650 1076 κόσμῳ,
1658 998 1737 1076 ένάτῃ
1746 1003 1797 1069 τῆς

1012 1082 1137 1150 ὑπατείας
1148 1083 1246 1164 ἡμέρᾳ,
1259 1083 1488 1164 περαιωθείςκιιτά
1498 1085 1657 1157 Χαλκηδόνα
1668 1085 1716 1144 αλκ
1726 1087 1795 1142 πολ-

1011 1173 1064 1240 λοῖς
1073 1174 1125 1230 τῶν
1134 1169 1259 1250 Ίσαύρων
1269 1170 1361 1252 ᾤχετο,
1369 1172 1484 1249 ἡμιόνοις
1494 1171 1636 1240 καίίπποις
1645 1171 1795 1254 χρώμενος.

1371 1307 1438 1348 sslh

1052 1393 1127 1454 ibid.
1142 1415 1173 1468 p.
1193 1391 1230 1448 80
1244 1411 1250 1452 :
1264 1389 1330 1451 'Ort
1350 1391 1417 1468 μετά
1441 1389 1488 1462 τήν
1511 1391 1636 1452 ἐπάνοδον
1661 1391 1796 1465 Ζήνωνος,

1012 1478 1173 1558 φωραθέντες
1194 1478 1259 1546 τινές
1280 1476 1323 1536 ini
1340 1478 1468 1559 προράσει
1481 1479 1629 1558 τυραννίδος
1645 1479 1795 1540 ἀπώλοντο.

184 1529 211 1600 n‘
226 1532 310 1606 ρῆνκτ
324 1526 519 1608 ἐντρυφήσαντα
530 1530 563 1606 τῇ
574 1529 655 1605 ἀρχῇ.
670 1525 754 1594 Etsi<
762 1533 824 1606 γοῦν
841 1531 856 1586 δ
869 1526 967 1593 Νέπως

186 1607 306 1695 βασιλεὺς
317 1613 489 1694 ἀναδειχθεὶς,
501 1605 567 1693 ήρχε
586 1617 632 1686 τῆς
643 1612 759 1692 Ῥώμης.

1014 1565 1100 1625 Οὔπω
1122 1567 1149 1625 δὲ
1169 1573 1216 1626 τοῦ
1237 1567 1342 1646 πρώτου
1366 1564 1546 1645 διαγενομένου
1561 1569 1679 1627 ἐνιαυτοῦ
1701 1570 1732 1626 ἐκ
1748 1573 1797 1638 τῆς

1012 1653 1138 1713 ἀπανόδου
1149 1653 1281 1728 Ζήνωνος,
1296 1658 1389 1734 μικροῦ
1403 1653 1467 1734 πρδς
1485 1653 1609 1735 διαροράν
1621 1655 1725 1727 ἤλασαν
1737 1655 1797 1714 Ἰλ·

1011 1742 1071 1808 λοῦς
1082 1764 1109 1800 τε
1123 1741 1169 1800 καί
1181 1741 1272 1814 αὐτός,
1282 1744 1312 1800 ἐκ
1321 1746 1366 1800 τοῦ
1381 1745 1541 1819 κρατηθῆναι
1561 1743 1681 1818 Παῦλον,
1694 1741 1737 1800 τόν
1748 1747 1797 1800 τοῦ

1014 1829 1142 1906 βασιλέως
1155 1830 1267 1902 οἰκέτην,
1279 1827 1419 1908 πρόκωπον
1433 1828 1528 1908 ἔχοντα
1539 1828 1609 1910 ξίρος
1628 1831 1664 1896 είς
1686 1827 1796 1888 ἀπνόου-

1012 1915 1059 1987 λὴν
1071 1916 1169 1976 Ἰλλοῦ.
1182 1916 1261 1975 Ἀλλά
1273 1919 1331 1975 τότε
1341 1915 1389 1993 μέν
1402 1919 1416 1975 δ
1429 1916 1521 1988 Ζήνων
1536 1917 1693 1996 ἐθεράπευσε
1701 1917 1731 1975 τὸ
1742 1919 1797 1974 δει-

1011 2003 1063 2077 νόν,
1076 2003 1165 2071 έκδοὺς
1174 2006 1210 2068 είς
1218 2003 1344 2083 τιμωρίαν
1357 2003 1401 2062 τδν
1409 2005 1501 2064 παῖδα.
1509 2007 1534 2064 Τ
1535 2029 1557 2062 ω
1569 2003 1596 2062 δέ
1604 2004 1700 2062 ἀπιόντι
1709 2005 1797 2063 ένιαυ-

186 2088 286 2170 δίριχος
300 2087 466 2168 δΤριοιρίοο,
476 2089 523 2159 τήν
537 2089 698 2167 στρατηγίδα
715 2089 766 2145 τῶν
779 2084 902 2167 Θρᾳκίων
915 2087 966 2144 διέ·
1012 2097 1049 2170 τῷ
1059 2094 1130 2170 (ιτα),
1144 2091 1244 2152 ὑπάτου
1257 2091 1305 2170 μίν
1320 2091 1538 2170 ἀποδεδειγμένου
1559 2091 1657 2163 Ἰλλοῦ,
1673 2092 1718 2152 καί
1732 2093 1798 2170 πρὸς

186 2201 254 2248 πων,
265 2175 420 2255 Ἡράκλειον
431 2175 475 2235 τόν
489 2173 603 2256 Φλώρου
617 2175 681 2255 πρὸς
693 2173 723 2232 τό
735 2173 901 2253 Χερρονήσου
911 2183 967 2234 τεῑ-
1011 2179 1058 2252 τὴν
1069 2179 1245 2255 ἐπανόρθωσιν
1268 2184 1315 2251 τῆς
1340 2182 1477 2258 βασιλικῆς
1494 2180 1683 2246 ἐσπουδακότος
1697 2189 1796 2256 στοᾶς,

186 2289 232 2344 χος
246 2267 358 2342 ἀνεῖλεν,
374 2263 419 2323 καί
438 2267 485 2335 τῆς
498 2262 719 2343 πρὺςῬωμοίονς
739 2265 856 2332 ὑπακοῆς
881 2285 966 2321 κατα·
1013 2267 1088 2348 ίτίρα
1105 2291 1143 2334 τις
1151 2291 1202 2326 κατ
1224 2290 1302 2325 αυτου
1315 2291 1414 2343 γινεται
1428 2265 1569 2340 ε’πιόουλή,
1584 2266 1609 2334 ἐξ
1632 2266 1717 2334 αἰτίας
1735 2290 1796 2324 τοι-

186 2352 331 2432 openiens,
346 2352 468 2430 ἐμφανῶς
491 2351 528 2416 είς
541 2349 655 2424 mihim
675 2347 808 2428 ὥρρνὶνῑν·
825 2349 966 2422 Βοηθῦοννν
1013 2357 1085 2414 ἀσδε.
1099 2354 1236 2434 Βάρῦαρός
1248 2379 1287 2423 τις
1301 2354 1405 2422 Ἀλανός
1417 2353 1535 2432 τὺγίνος,
1548 2353 1617 2412 κατά
1627 2352 1674 2426 τήν
1683 2359 1728 2413 τοῦ
1739 2379 1797 2430 μα·

185 2441 272 2499 τοίνυν
286 2447 338 2507 τοῖς
348 2441 431 2496 ἐκεῖσε
442 2442 456 2496 δ
468 2437 569 2504 Ἰλλοῦς
583 2436 687 2502 σταλεὶς
700 2435 752 2494 ini
762 2435 889 2508 Ζήνωνος,
902 2441 965 2496 πολ·
1011 2443 1117 2523 γίστρου
1131 2441 1230 2522 σχολὴν
1242 2441 1357 2501 ἐπελθὼν
1371 2445 1408 2522 τῷ
1423 2441 1507 2502 Ἰλλοῦ
1520 2443 1628 2521 ξιφήρης
1640 2441 1797 2520 συνέχεται,

185 2527 235 2598 tin
255 2527 382 2609 ὠφέλειαν
401 2525 560 2592 ἐπεδείξατο.
584 2523 748 2604 Ἄναμιχθελς
766 2523 792 2582 δέ
817 2523 966 2608 Βασιλίσκιρ
1015 2528 1061 2588 καί
1086 2530 1208 2606 βασάνοις
1234 2529 1383 2600 ὑποπεσὼν,
1407 2528 1433 2597 ἐξ
1459 2530 1591 2600 ὑποθήκης
1611 2529 1748 2590 Ἐπινίκου
1765 2530 1798 2587 τὸ

185 2612 231 2673 καί
245 2613 429 2694 συνδιατρίψας
445 2614 534 2691 αὐτῷ,
548 2611 668 2670 κοινωνὺν
684 2615 729 2682 τ’ής
739 2610 808 2669 κατά
824 2617 867 2670 τοῦ
884 2617 966 2692 βασι-
1011 2617 1127 2698 πραχθέν
1140 2617 1317 2694 ὡμολόγησεν,
1329 2609 1413 2683 Οῦςος
1424 2617 1452 2675 δὲ
1467 2609 1498 2688 ἦν
1510 2617 1582 2695 γένος
1596 2616 1644 2694 μὲν
1657 2617 1733 2694 Φρὺξ
1741 2661 1751 2688 ,
1767 2621 1797 2675 ἐν

185 2701 251 2768 λέως
275 2703 387 2762 ποιεῖται
403 2702 507 2780 βουλῆς.
524 2699 578 2760 Καί
592 2699 624 2770 δή
637 2697 683 2758 καλ
699 2698 838 2779 Ἁρμάτιον
852 2723 966 2780 προστε-
1014 2705 1041 2763 tt
1053 2713 1105 2772 τοῖς
1116 2703 1307 2793 τάσυμόολαια
1320 2707 1423 2763 τελοῦσι
1436 2704 1591 2782 τεταγμένος
1600 2749 1608 2777 ,
1618 2703 1755 2784 θύρῦικίεμ
1766 2705 1796 2762 δέ

185 2794 263 2863 θῆναι
276 2789 362 2856 αὐτοῖς
373 2787 554 2868 ὑποσχομένου
569 2785 743 2864 Βασιλίσκου,
756 2786 902 2867 γράμματα
914 2791 966 2848 λα·
1011 2795 1049 2873 τῷ
1059 2794 1110 2851 τῶν
1119 2792 1193 2852 θείων
1204 2793 1290 2851 αὐλῶν
1299 2793 1428 2873 προκοίπρ
1436 2792 1465 2851 έκ
1473 2814 1540 2859 τινος
1552 2791 1718 2871 περιπετείας
1726 2817 1796 2872 γνω·

187 2877 241 2935 όών
253 2882 268 2937 δ
279 2877 377 2944 Ἰλλοῦς
390 2875 453 2956 πρός
464 2875 508 2933 τδν
517 2874 664 2954 Ἁρμάτιον,
678 2873 756 2946 ίςτήν
768 2875 965 2936 Κωνσταντίνου
1012 2881 1119 2960 ρισθεὶς,
1132 2880 1176 2939 καί
1189 2878 1235 2952 τήν
1247 2879 1311 2954 όλην
1323 2884 1394 2961 αὐτῷ
1413 2880 1563 2960 περιουσίαν
1578 2879 1730 2960 διῳκηκὼς,
1749 2880 1797 2940 καὶ

185 2967 261 3024 πολιν
275 2968 413 3036 ίπανῗγκεν.
430 2963 462 3025 ‘0
477 2961 504 3021 δέ
519 2963 613 3022 αὐτίκα
628 2965 756 3038 εἰσηγεῖτο
771 2963 870 3042 Βηρίνῃ
885 2963 966 3045 ἄνδρα
1012 2967 1076 3047 πρός
1082 2967 1257 3046 γετῇΒηρίνῃ
1264 2967 1425 3049 ᾠκειωμένος
1432 2965 1475 3025 ἐπί
1482 2965 1529 3038 τήν
1535 2969 1587 3028 τῶν
1596 2966 1732 3046 πριόοίτων
1739 2967 1799 3025 άνέ·

186 3050 354 3130 ποιησαμένῃ
370 3051 524 3132 Ποτρίκνον,
537 3049 580 3109 τὸν
603 3049 655 3108 ἀπὸ
666 3054 711 3120 τῆς
733 3052 817 3130 ἀρχῆς
827 3056 872 3109 τοῦ
887 3053 966 3130 μαγί·
1012 3057 1113 3138 Ιδραμεν
1124 3057 1221 3138 ἀρχὴν,
1233 3055 1328 3115 ἐκεῖθέν
1339 3078 1366 3114 τε
1379 3053 1484 3115 καὶτῶν
1494 3055 1633 3134 βασιλείων
1644 3057 1796 3133 θησαυρῶν,

186 3163 285 3221 οτρον,
306 3143 353 3211 τῆς
369 3140 557 3220 αὐτοκράτορος
571 3137 742 3196 έπῑάοὸἕοθοι
755 3137 887 3218 ἔξουσίας,
900 3141 966 3218 μηδὲ
1012 3146 1058 3204 καί
1071 3144 1135 3226 πρός
1148 3143 1191 3203 τόν
1202 3143 1319 3224 ῦπαρχον
1334 3143 1414 3214 ἀνέόη
1427 3133 1577 3223 θρόνον.οὑ
1590 3142 1621 3213 δν]
1635 3140 1798 3220 διελεγχθέν-

185 3228 266 3309 ἑτέρῳ
272 3229 371 3300 ταύτην
381 3233 527 3308 προεῖσθαι.
536 3224 604 3288 'Hor
616 3225 660 3286 καί
672 3224 697 3295 ἐξ
710 3229 789 3298 αὐτῆς
799 3226 891 3288 τούτου
903 3232 967 3303 έριε-
1011 3255 1067 3306 τος,
1078 3237 1091 3292 ὑ
1103 3233 1213 3306 Ἰλλοῦς,
1224 3235 1258 3300 ώς
1269 3225 1301 3304 ήν
1313 3230 1376 3309 πρθς
1386 3230 1416 3290 τό
1426 3229 1587 3309 θησαυρίζειν
1600 3226 1732 3306 τάςόργάς
1744 3233 1800 3288 έπε-

186 3314 252 3394 μένη
271 3317 353 3398 ρᾷοτοί
366 3340 394 3375 τε
416 3315 534 3375 ἐπέκλινε
548 3316 612 3395 πρὸς
633 3313 666 3372 τὰ
687 3315 828 3394 εἶρημὲνοι,
854 3315 900 3375 καί
919 3315 965 3389 τήν
1011 3320 1127 3392 τήδειος,
1138 3318 1183 3378 καί
1192 3325 1269 3379 τοῦτο
1280 3321 1417 3400 διαφῆκεν,
1427 3316 1485 3376 οὐδὲ
1495 3317 1539 3376 τόν
1547 3315 1643 3376 ἁλόντα
1652 3317 1799 3394 κρατήσας.

185 3403 292 3484 πρώτην
306 3407 353 3476 τῆς
363 3402 537 3483 ἱπποδρομίας
552 3403 612 3461 θέαν
621 3407 666 3462 τοῦ
680 3403 797 3474 Ζήνωνος
812 3407 966 3463 συντελοῦν-
1051 3429 1073 3468 ι.
1094 3411 1119 3468 Τ
1120 3407 1161 3467 ότε
1175 3409 1222 3484 μέν
1236 3399 1279 3466 οὑν
1291 3411 1305 3466 ό
1316 3407 1408 3478 Ζήνων
1418 3405 1461 3464 τόν
1472 3404 1604 3466 Ἐπίνικον
1615 3403 1641 3472 it
1652 3407 1733 3462 αὐτοῦ
1746 3428 1794 3463 κα.

186 3515 244 3564 τος,
257 3490 359 3551 στέλλει
372 3489 430 3549 τινά
441 3492 504 3570 πρὸς
524 3489 611 3563 αὐτόν,
624 3489 696 3562 ήκειν
709 3496 802 3549 θᾶττον
816 3491 894 3551 αὐτόν
907 3515 966 3551 ποι-
1012 3493 1093 3554 θελὼν
1110 3499 1155 3554 τοῦ
1173 3495 1275 3576 θρόνου,
1300 3493 1345 3554 καί
1359 3499 1405 3566 τῆς
1414 3491 1502 3560 οὐσίας
1516 3493 1561 3551 καί
1580 3495 1626 3560 τῆς
1642 3490 1717 3560 ἀξίας
1731 3492 1796 3571 ἐγύ-

187 3578 415 3659 ρακελευσαμένη.
427 3577 476 3644 Ὦς
488 3577 515 3636 δέ
529 3578 681 3636 καταλιπὼν
690 3577 794 3637 δίπαντα
800 3579 892 3651 Ζήνων
902 3579 967 3662 πρὸς
1012 3605 1118 3660 μνωσε,
1134 3587 1293 3662 θεραπεῦσαι
1306 3581 1350 3638 τόν
1370 3581 1469 3642 Ἰλλοῦν
1485 3581 1669 3651 ἐσπουδακώς,
1684 3578 1730 3638 καί
1751 3578 1799 3638 τόν

545 1775 619 1815 210:

507 1885 643 1946 ΖΕΝΩΝ.

224 2003 299 2060 ibid.
316 2023 347 2078 p.
363 2021 418 2077 79:
432 1998 549 2060 Ὀτιίπί
562 1999 683 2071 Ζήνωνος
694 2002 740 2058 τοῦ
757 1997 888 2078 βασιλέως
896 2000 967 2058 Θευ-

185 3777 215 3788 -
232 3747 246 3810 §
263 3754 286 3797 t.
303 3747 385 3803 ἀξίαν
404 3745 527 3809 έχοντα]
547 3747 614 3802 ἀξίως
633 3746 668 3808 ίχ.
687 3747 740 3796 cod.
760 3773 791 3784 -
808 3747 967 3811 βασιλείων
986 3747 1107 3812 έξιίισας]
1129 3751 1237 3800 Cramer.
1264 3748 1407 3812 βασιεξωσας
1425 3746 1479 3796 cod.
1499 3746 1536 3795 Gi.
1555 3745 1726 3806 internato.
1740 3747 1796 3794 iii.

181 3838 188 3848 ·
216 3821 256 3868 Fr.
274 3825 329 3868 κιο.
345 3817 518 3880 Ἠράκλειον
536 3817 666 3880 ἀνεῖλεν]
684 3821 789 3878 captum
807 3818 998 3868 nTireoderictro
1019 3819 1169 3878 Herneiinm,
1184 3816 1270 3866 deinde
1283 3831 1297 3866 α
1309 3821 1403 3866 zenone
1416 3815 1580 3877 redemptum,
1594 3813 1635 3864 sed
1648 3813 1672 3862 in
1689 3813 1768 3862 reriitn
1781 3827 1798 3862 α

184 3889 272 3938 Gotiris
281 3887 402 3936 nonnullis
413 3887 567 3936 interiectum
578 3900 629 3938 εεεε
638 3887 712 3937 tradit
721 3890 829 3938 Moicims
842 3891 871 3938 ir.
885 3897 907 3939 5.
924 3893 1028 3940 ioannes
1039 3903 1111 3952 quern
1121 3889 1244 3938 onotorem
1257 3889 1281 3935 in
1290 3887 1393 3937 zenonis
1404 3886 1503 3935 historin
1512 3887 1610 3936 secutus
1619 3883 1651 3934 sit
1659 3883 1739 3934 dicero
1748 3897 1797 3933 non

186 3959 271 4008 habeo.
283 3961 318 4008 De
330 3956 549 4007 isauriciscnndidi
559 3959 672 4018 oogitenit
681 3961 818 4008 Oromenus.
830 3963 944 4011 ceterum
953 3962 1006 4010 hmo
1015 3960 1045 4010 de
1053 3963 1148 4010 zenone
1158 3959 1290 4022 fragmento
1299 3959 1323 4006 in
1334 3959 1401 4006 trnts
1413 3955 1561 4018 reliquorum
1570 3955 1668 4004 testium
1677 3956 1799 4004 tenuitate

185 4028 285 4078 inanimi
298 4030 354 4078 sunt
362 4027 485 4076 momenti.
495 4053 528 4063 -
537 4027 690 4092 Θενδέριχος]
701 4031 845 4093 Θεοδώριχος
855 4031 908 4080 sori.
919 4062 949 4072 -
968 4033 982 4079 ο
993 4029 1120 4094 Ἰλλοῦς]
1130 4030 1201 4080 iilum
1215 4030 1240 4078 in
1251 4029 1297 4078 hoo
1306 4028 1401 4090 negotio
1412 4028 1587 4076 oomrnernornt
1596 4025 1671 4074 etiarn
1683 4024 1799 4088 Agntiries

186 4113 209 4161 ρ.
221 4103 280 4160 270,
300 4103 327 4148 ii
337 4097 375 4146 od.
388 4101 465 4147 Bono.
478 4099 513 4146 De
527 4111 554 4146 ro
567 4097 598 4146 oi.
613 4099 714 4148 condidi
726 4099 756 4148 ir.
767 4113 791 4161 ρ.
806 4107 857 4151 tito.
1547 4115 1549 4119 ·

161 4181 164 4190 ·
217 4173 256 4220 Fr.
270 4175 296 4218 tr
304 4173 322 4216 1.
336 4167 469 4230 Παῦλον]
479 4171 526 4218 iias
537 4169 633 4218 insidior
642 4173 758 4218 nzenone
769 4173 873 4220 structos
884 4171 966 4232 ρουοίε
975 4173 1093 4222 memorat
1103 4169 1241 4220 Eustsihiun
1252 4167 1369 4230 ΕρῑρΙιαιι.
1381 4167 1410 4217 ir.
1421 4169 1446 4230 i,
1459 4179 1510 4229 pag.
1527 4171 1580 4227 1⁴⁰,
1592 4179 1630 4229 ερ.
1644 4169 1732 4228 Εααρτ.
1745 4167 1797 4224 111,

186 4244 225 4290 27.
236 4237 322 4288 Fusius
330 4236 361 4288 de
370 4237 399 4286 iis
407 4241 489 4287 narret
497 4235 655 4299 Theophanes
672 4252 697 4299 ρ.
719 4242 759 4288 197
777 4238 815 4287 ed.
834 4241 916 4300 Boon,
929 4239 969 4288 uiri
984 4241 1089 4290 Ariadne
1105 4240 1255 4302 imperatrice
1269 4239 1396 4300 instigante
1412 4241 1475 4286 Zeno
1486 4237 1608 4286 Urisioium
1620 4237 1731 4285 irortotns
1742 4250 1796 4284 esse

185 4311 308 4367 narretur,
321 4311 348 4356 nt
357 4307 468 4356 sicarium
488 4308 533 4357 liio
543 4308 693 4357 immitteret.
714 4308 838 4358 Urbicinrn
849 4323 899 4358 rem
910 4309 1066 4360 demandasse
1082 4309 1194 4372 sponioio
1203 4308 1299 4357 cuidam
1308 4343 1316 4367 ,
1326 4309 1367 4370 qni
1377 4309 1400 4356 in
1411 4307 1475 4356 oiroo
1486 4306 1557 4355 ilium
1578 4319 1701 4368 aggressos
1710 4319 1795 4354 aurern

185 4382 206 4428 ei
220 4377 366 4440 prosciderit,
377 4379 485 4426 ceterum
494 4391 552 4426 nuso
562 4377 685 4426 exciderit.
698 4380 733 4428 ct.
746 4379 890 4438 Tiiiommt,
902 4392 926 4441 ρ.
938 4386 996 4440 sio,
1007 4382 1109 4442 quirem
1120 4380 1192 4429 reiert
1205 4378 1236 4428 τό
1247 4391 1286 4428 nn.
1296 4383 1340 4428 ,itt
1352 4413 1359 4436 ‚
1370 4390 1445 4438 annn
1457 4388 1489 4423 ex
1505 4383 1586 4425 nostro
1596 4377 1649 4424 ioco
1659 4377 1739 4438 petent
1751 4389 1797 4436 po·

185 4449 349 4498 nendamesse
360 4448 574 4496 anteconsunrum
586 4447 621 4496 ΙΙΙί
632 4450 757 4510 (478).-
767 4449 1003 4515 ἐσπουδακότος]
1018 4451 1274 4501 innominatum·
1286 4449 1366 4513 βάρῦ.
1380 4465 1421 4505 τις
1434 4447 1565 4511 Ἀλανός]
1577 4445 1797 4498 Deirisinsiriiisci.

186 4518 308 4570 Candidus
318 4519 334 4568 Ι.
345 4519 361 4567 ΙΙ
380 4517 614 4580 -Ἐπίνικοςμλο
625 4518 671 4567 iroo
680 4520 778 4581 Epioioo
790 4519 876 4570 suidas
885 4523 928 4577 (ex
939 4524 1042 4583 Malcho,
1050 4527 1079 4573 ut
1091 4524 1201 4582 videtur)
1212 4537 1219 4570 ι
1230 4521 1388 4579 Ἐπίνικος,
1398 4520 1501 4581 ὕπαρχος
1514 4525 1554 4577 τῆς
1561 4519 1649 4574 πόλεως
1657 4518 1694 4567 ἀπὶ
1704 4518 1799 4566 Βασιλί-

185 4609 254 4647 σκου,
264 4591 317 4654 όρον
326 4593 489 4653 χρηματισμοῦ
499 4590 531 4650 μὴ
543 4590 667 4652 λαμόάνων
677 4592 772 4653 μηδένα,
783 4593 822 4640 καί
832 4592 862 4639 τὰ
872 4591 924 4648 ἔθνη
934 4593 973 4641 καὶ
983 4595 1023 4650 τὰς
1033 4596 1109 4650 πόλεις
1118 4595 1195 4648 πόσας
1205 4591 1357 4650 καπηλεύων,
1367 4593 1408 4638 καὶ
1418 4587 1512 4638 ἀτόπων
1521 4590 1562 4644 τάς
1572 4587 1684 4652 ἐπαρχίας
1693 4605 1798 4650 προσ-τα-

185 4663 280 4726 γμάτων
290 4661 418 4724 ἐμπλήσας·
430 4661 446 4708 ἀ
456 4661 489 4723 μὴ
498 4661 607 4724 φέρουσαι
617 4662 650 4710 έτι
659 4669 705 4710 τῶν
720 4661 837 4725 ἀρχόντων
847 4665 870 4709 αἱ
882 4663 954 4717 τάξεις
963 4663 1019 4724 μηδὲ
1031 4667 1055 4712 αἱ
1065 4667 1108 4721 ἔξω
1120 4665 1210 4726 βουλαί,
1221 4667 1333 4725 φυγοῦσαν
1341 4661 1465 4709 κατέλιπον
1474 4660 1515 4714 τὰς
1522 4663 1569 4707 τῶν
1577 4659 1652 4720 ρόρων
1660 4657 1797 4718 εἰσπράξεις.

186 4737 228 4784 Ἐκ
237 4735 261 4783 δέ
268 4741 307 4792 τῆς
314 4734 397 4782 τούτου
404 4733 532 4788 πλεονεξίας
542 4733 665 4798 ἀρχόμενοι
676 4735 833 4798 (ἀγχόμενοιί
844 4734 929 4782 tiemir.
937 4735 945 4790 ]
953 4733 1026 4781 ἱκέται
1036 4737 1059 4783 ἐν
1071 4741 1117 4791 τοῖς
1130 4740 1214 4790 κοινοῖς
1222 4737 1289 4796 ἱεροῖς
1298 4733 1440 4791 ἐκαθέζοντο,
1454 4731 1585 4792 ἐλέγχοντες
1593 4729 1623 4778 τὰ
1632 4729 1716 4778 τούτου
1723 4731 1797 4791 κλέμ-

186 4822 257 4866 ματα.
271 4804 317 4854 Ἦν
330 4805 355 4854 δέ
371 4809 442 4853 πᾶσιν
455 4804 572 4867 ἀπεχθὴς,
587 4806 654 4866 τιμήν
668 4805 741 4854 οὐδενὶ
760 4807 835 4867 νέμων
848 4805 1021 4867 προσήκουσαν.
1046 4807 1091 4854 Καὶ
1103 4809 1185 4854 τοῦτον
1199 4810 1239 4863 τῆς
1251 4804 1322 4866 ἀρχῆς
1334 4802 1466 4859 ἀπήλλαξαν
1478 4799 1580 4862 ἀτίμως’
1594 4797 1755 4860 ἀνθαιροῦνται
1772 4799 1798 4847 δέ

185 4879 257 4940 ἄνδρα
271 4878 283 4902 *
300 4877 452 4939 Λαυρέντιον,
467 4875 491 4931 δς
505 4877 533 4936 ἠν
545 4877 568 4933 ἐξ
582 4876 653 4939 ἀρχῆς
665 4883 711 4925 τῶν
723 4877 760 4925 ini
769 4881 810 4934 τῆς
820 4875 904 4938 ἀγοραῖς
913 4881 953 4933 τῆς
965 4878 1065 4940 μεγάλης
1074 4876 1191 4940 ῥητόρων,
1208 4877 1247 4923 καὶ
1262 4873 1397 4936 πρωτεύσας
1419 4871 1443 4920 έν
1456 4871 1538 4932 ταύτῃ.
1551 4869 1620 4932 Ὀτῳ
1636 4869 1660 4917 δέ
1675 4869 1797 4928 συνεῖποι,

186 4948 239 4995 οῦτε
250 4946 346 5009 ερίδειν,
358 4949 390 5002 ὡς
402 4947 430 4994 ἀν
442 4947 527 5008 μᾶλλον
539 4946 667 5009 κερδαίνοι,
679 4947 732 4995 οῦτε
744 4947 839 4995 διελκειν
853 4947 966 5010 ἠνείχετο.
977 4975 1009 4984 -
1019 4945 1181 5009 προκοίτῳ]
1194 4948 1250 4994 Post
1262 4945 1285 4992 ir.
1299 4957 1323 4991 v.
1334 4942 1411 4991 codex
1427 4941 1499 4991 trabes
1506 4941 1640 5003 περιουσίαν
1656 4940 1798 5002 διῳκηκὼς.

186 5016 322 5078 ηιιωνιετλιιι
331 5029 386 5063 mox
398 5016 544 5066 inierint-
553 5017 627 5065 κατὰ
636 5019 685 5074 τὴν
697 5016 1118 5080 Ίσαύρων]κ.τῶν’1σ.εοι1ελ.-
1128 5015 1290 5079 λαθόμενος
1301 5019 1351 5064 τοῦ
1362 5012 1498 5061 τεθνάναι
1507 5009 1573 5073 κτλ]
1585 5011 1659 5060 Aliter
1670 5010 1799 5071 Theonino-

187 5099 229 5135 nes
238 5099 262 5148 ρ.
282 5089 325 5135 198
337 5104 343 5132 ε
362 5086 406 5135 Καὶ
421 5087 525 5148 ᾐτήσατο
534 5087 573 5134 τὸν
584 5086 682 5147 βασιλέα
691 5087 727 5134 ἐπὶ
738 5089 779 5145 τήν
789 5087 901 5145 ἀνατολήν
914 5089 1032 5150 ἀπελθεῖν,
1049 5088 1087 5136 διὰ
1097 5089 1123 5136 τὸ
1132 5089 1184 5142 τοῦς
1195 5087 1261 5149 ἀέρας
1273 5085 1382 5146 ἀλλάξαι,
1393 5083 1428 5132 ότι
1438 5083 1529 5141 ἠσθένει
1540 5081 1566 5131 έκ
1577 5087 1616 5140 τῆς
1636 5081 1729 5144 πληγῆς
1749 5083 1796 5140 (εκ

188 5159 287 5207 insinere
304 5156 369 5218 quod
383 5158 506 5220 Spnnisins
518 5157 562 5208 iste
578 5156 725 5230 iniiixemt).¹
