3830 5720
784 343 1039 406 FRAGMENTA.
1654 365 1709 415 itti

110 491 191 530 σοντι.
208 467 351 538 Ὦσαιίτως
366 469 450 530 δίκαί
464 471 478 529 θ
492 470 639 551 Ταχοσδρὼ
653 473 761 544 κινήσας
772 473 805 532 εδ
820 476 888 553 Περ·
936 476 1088 554 δθυμότατα
1108 477 1267 536 διατελοῦσιν
1284 477 1337 558 ιίρα
1363 479 1553 566 λογιζόμενοι...
1583 485 1711 542 Primum

107 556 167 614 συιδ
190 559 378 638 στρατεύματα
398 559 556 636 ἐπαγόμενος
579 559 620 636 ήει
639 561 663 627 t<
682 561 716 619 τὰ
733 561 791 640 πιρί
812 563 897 622 Κων-
934 565 1019 637 hujus
1031 567 1129 642 ircgrn.
1142 567 1238 623 locum
1253 568 1340 623 modo
1355 568 1473 642 legimus
1485 571 1515 625 in
1526 571 1625 646 fragm.
1641 573 1689 630 60.
1795 605 1810 634 ε

106 643 253 718 W‘W·
1239 697 1287 753 οι.
1312 695 1410 774 μοι.)

972 818 1041 872 Exc.
1065 821 1107 874 De
1130 820 1184 894 leg.
1205 830 1279 892 gent.
1295 837 1325 894 p.
1353 819 1406 876 126
1430 839 1436 875 :
1460 815 1523 880 Ὀτι
1543 820 1645 880 Ἰταλία
1668 823 1711 882 let

144 901 214 956 Exe.
227 900 274 956 De
288 909 362 956 sent.
377 919 410 976 p.
429 899 496 958 363.
513 899 568 968 361,
587 920 594 954 :
609 898 673 958 Ὀτι
685 898 760 978 φήμη
774 901 813 958 erl
827 924 886 979 χιι-
934 899 1061 980 (tebit.)
1072 906 1124 960 τῶν
1136 903 1324 981 Λογγιθοίρδων
1336 902 1528 982 σχεδδνόπασα
1538 906 1709 987 ἐπεπόρθητο.

107 988 195 1061 ροῦται
217 983 253 1042 τὰ
276 985 437 1066 πράγματα,
461 985 505 1044 καλ
522 985 556 1044 εδι
579 986 704 1044 δοκοῦντά
724 1009 780 1054 πως
800 989 885 1059 ἄδηλοι
932 987 979 1046 ml
994 986 1025 1058 δή
1039 987 1085 1046 καὶ
1099 991 1128 1046 ἐκ
1142 991 1189 1058 τῆς
1202 987 1348 1066 συγκλήτου
1371 992 1466 1068 βουλῆς
1477 997 1522 1064 τῆς
1534 996 1711 1078 πρεσθυτίρας

107 1072 289 1150 [τεθεαμένοι
304 1073 442 1150 προτίθησι
455 1079 512 1140 ταῖς
527 1074 629 1143 ἀκοαῖς,
641 1071 729 1154 ὥσπερ
739 1077 781 1134 ίπ’
791 1077 886 1155 ἀγορᾶς
932 1073 1039 1150 Ῥώμης
1051 1075 1106 1152 όμα
1121 1077 1231 1152 ἱερεῦσιν
1241 1077 1271 1134 ἐκ
1282 1081 1326 1134 τοῦ
1337 1081 1499 1156 προεστῶτος
1510 1083 1537 1140 ἐν
1550 1081 1643 1160 Ῥώμη
1657 1089 1709 1143 τῶν

104 1163 129 1217 ίν
142 1162 249 1238 φανερῷ
261 1162 301 1239 τῷ
317 1158 467 1239 βουλομένῳ
478 1158 604 1240 πρίασθαι
617 1157 718 1240 ών[ιιι].
933 1163 1008 1240 ἱερῶν
1022 1161 1191 1242 πεμφθέντων
1211 1165 1302 1236 τινῶν,
1320 1165 1492 1242 παρεγίνοντο
1506 1151 1710 1248 πρεσθευόμενοι

152 1245 341 1317 ήλλιίξατοτοῦ
352 1246 656 1324 maledicentiam...
676 1249 803 1321 μενόντων
822 1251 886 1331 φησί
931 1251 965 1315 ὡς
984 1249 1028 1307 τόν
1044 1249 1240 1330 αὐτοκράτορα,
1261 1257 1314 1316 τοῖς
1328 1252 1412 1312 ίκεῑσε
1433 1253 1538 1332 μέρισιν
1553 1257 1706 1338 ἐπαρκέσαι.

104 1334 146 1392 καλ
158 1340 206 1392 τοῦ
217 1333 381 1413 ἐνδοξοτέραν
393 1337 423 1394 τὸ
437 1334 539 1404 ἄδοξον.
930 1333 1000 1393 Ἀλλ’
1014 1339 1028 1394 ό
1045 1337 1172 1413 Περσικὸς
1187 1335 1300 1412 πόλεμος
1312 1339 1339 1394 όν
1354 1337 1477 1421 Ἀρμενία
1495 1365 1522 1400 τε
1534 1342 1603 1402 κατὰ
1615 1345 1710 1404 ταῦτδν

138 1421 265 1482 ‘tineis
279 1424 306 1480 όν
325 1421 401 1501 ῥώμῃ
413 1423 548 1498 σώματος,
563 1424 621 1480 ἀλλ’
640 1423 667 1480 ίν
686 1422 780 1501 θνδρίερ
798 1426 884 1502 ψυχῆς
930 1422 975 1480 καὶ
989 1425 1013 1488 le
1024 1422 1058 1480 τὰ
1069 1424 1129 1503 περί
1142 1421 1190 1494 τήν
1203 1422 1271 1504 ἑῴαν
1285 1425 1444 1498 ξυνεστηκώς
1453 1452 1481 1487 τε
1493 1430 1538 1488 καί
1549 1433 1596 1490 οὐκ
1606 1432 1709 1502 όπολή.

52 1500 58 1514 ’
106 1515 176 1580 ion]
191 1509 313 1586 πολέμου
326 1509 393 1590 ῥοπή
406 1509 590 1568 κινδυνεύεται.
929 1529 991 1584 γιον,
1007 1513 1106 1586 μᾶλλον
1122 1508 1169 1585 μὲν
1186 1501 1230 1568 σόν
1243 1511 1285 1568 tel
1300 1509 1333 1568 ιδ
1343 1513 1448 1587 μείζονα
1465 1515 1579 1597 δυσχερῆ
1595 1519 1708 1577 ἐκτεινό-

138 1595 204 1658 'on
216 1596 518 1678 αιἰδδνοθεωραστώνης
530 1595 548 1667 ἢ
560 1600 659 1676 τρυφῆς
672 1595 718 1654 καλ
731 1596 884 1670 όναπαόλης
930 1617 1017 1670 μενος,
1039 1597 1161 1672 οὐδεμίαν
1182 1597 1313 1675 ἀξιόλογον
1341 1600 1507 1678 συνεχώρησε
1529 1605 1655 1683 στρατιάν
1680 1629 1708 1664 τε

106 1691 135 1751 ire
144 1684 258 1745 κίνδυνοι
266 1681 570 1754 καίπόνοικαθέστηειεν
583 1683 765 1742 αίτιον·πόνοι
775 1683 822 1760 μὲν
832 1684 883 1764 γὰρ
929 1681 972 1740 τδν
996 1685 1197 1764 αὐτοκράτορα,
1220 1683 1279 1742 οὐδὲ
1301 1683 1353 1760 μὴν
1374 1687 1532 1766 ἀποχρῶσαν
1552 1691 1605 1756 τοῖς
1625 1694 1709 1750 ἐκεῖσε

106 1777 153 1831 τῶν
169 1772 369 1851 προειτηθίντων
385 1770 542 1848 ἀπόλαυσιν,
563 1771 654 1850 ὥσπερ
672 1771 778 1846 ταμεῖόν
792 1793 818 1829 τι
838 1777 884 1844 τῆς
929 1769 1068 1847 πράγμασι
1080 1770 1189 1848 δύναμιν
1204 1773 1316 1830 στεῖλαι.
1329 1768 1426 1848 Ὅμως
1444 1773 1471 1832 δὲ
1489 1774 1535 1832 καὶ
1548 1779 1578 1834 ἐκ
1593 1781 1645 1836 τῶν
1656 1801 1708 1835 πα-

107 1858 522 1940 εδιιλιίαςκαθεστήκασι·τρυφὴ
535 1857 563 1917 δδ
577 1858 638 1916 όνευ
651 1862 696 1916 τοῦ
708 1858 883 1938 προπαιδεόε-
933 1853 1030 1932 ρὸντιυν
1054 1879 1083 1916 τε
1112 1857 1158 1917 καὶ
1178 1855 1353 1936 ἐνδεχομένων
1380 1857 1530 1937 στράτευμα
1559 1859 1708 1943 ξυναγείρας

107 1955 161 2006 σθαι
178 1947 276 2012 παντὸς
298 1947 418 2024 ίπιίντως
434 1949 482 2023 Β.)
503 1951 549 2004 τοῦ
563 1945 678 2004 κάκιστα
693 1949 740 2018 ζῆν
759 1945 881 2022 ἡγεμών·
929 1941 1050 2002 ἔστελλεν
1065 1947 1079 2002 δ
1092 1943 1227 2024 βασιλεύς·
1237 1943 1338 2015 καὶτην
1352 1944 1434 2016 ἄλλην
1448 1947 1544 2006 ἐτίθετο
1557 1951 1708 2024 ίπιμέλειοίν

109 2035 156 2093 lert
170 2035 197 2093 δέ
210 2033 297 2110 (δα-ειν
308 2031 351 2092 ότι
362 2035 408 2111 Β.)
421 2033 466 2092 καί
481 2035 560 2092 αὐτοῦ
571 2039 618 2092 τοῦ
632 2036 680 2104 ζῆν
689 2031 756 2109 μετδι
769 2037 815 2104 τῆς
825 2036 882 2094 ἅδοι
929 2052 957 2088 τε
968 2031 1013 2089 καί
1025 2029 1150 2103 σπουδὴν,
1164 2030 1188 2090 ιί
1194 2031 1250 2098 πώς
1258 2053 1329 2096 τινας
1336 2035 1387 2090 τῶν
1396 2031 1548 2110 ἡγουμένων
1555 2041 1600 2094 τοῦ
1610 2039 1706 2115 Λογγι·

111 2123 156 2189 ξίις
170 2119 326 2198 dampni.
910 2116 1034 2195 ,debrot
1048 2115 1134 2183 ἔθνους
1145 2117 1297 2189 διξιώσηται
1312 2115 1405 2198 δώροις
1415 2121 1561 2179 ὑποπείθων
1574 2123 1620 2180 καλ
1634 2123 1707 2200 μεγί-

142 2207 201 2269 'Oea
222 2207 391 2286 Ταγχοσδρώ
411 2205 511 2278 itlius,
532 2205 583 2265 ὑπό
597 2229 665 2274 τινος
683 2206 802 2286 ὀλεθρίαν
824 2207 882 2266 τινὰ
928 2223 991 2270 στας
1004 2203 1226 2282 ἐπαγγελλόμενος
1239 2204 1360 2283 χοίριτας.
1382 2201 1453 2275 Ἤδη
1470 2229 1499 2264 τι
1519 2208 1638 2267 πλεῖστοι
1655 2211 1706 2267 τῶν

111 2295 215 2375 πληγήν.
231 2296 289 2356 Καί
300 2294 360 2372 ίμοί
375 2317 406 2371 γε
420 2292 628 2373 συνεπίτροποι
642 2293 709 2371 (cirre
725 2295 881 2373 spiraculi.)
928 2291 1045 2348 δυνατῶν
1057 2291 1218 2366 μετετίθεντο
1234 2295 1271 2357 ώς
1284 2290 1450 2366 Ῥωμαίους,
1465 2291 1513 2364 τήν
1524 2295 1554 2353 ίει
1572 2299 1617 2355 τοῦ
1630 2297 1706 2354 αὖτο-

112 2385 217 2464 ριίεετιιι
237 2383 269 2442 τὸ
285 2381 383 2442 τοιόνδε
397 2381 531 2459 γενέσθαι·
547 2380 711 2463 ίργότιεγίερ
726 2385 780 2441 τῶν
793 2383 882 2442 τοιού·
928 2377 1052 2457 κρείτορος
1066 2378 1195 2457 ὠφέλειαν
1204 2377 1419 2458 προσδεχόμενοι.

112 2471 271 2552 ειννήτίχη.
286 2470 386 2531 Πολλοί
396 2469 448 2550 γὰρ
459 2471 586 2536 πολλάκις
598 2472 650 2527 τῶν
661 2468 720 2527 λίαν
734 2469 882 2546 εὐδοκίμων
1236 2519 1273 2576 63
1317 2519 1354 2576 58

111 2561 263 2636 ἐσφάλησαν,
279 2559 326 2618 καλ
338 2557 415 2639 φύσει
423 2557 474 2616 τινί
487 2555 665 2636 τδπαρέδοξα
677 2559 716 2636 τῷ
728 2558 882 2640 ἀνθρωπείῳ
1279 2561 1284 2574 “
1305 2519 1314 2596 ί
1357 2521 1396 2596 θ’)

111 2647 321 2727 συμπεριφέρεται
335 2646 413 2722 γένει.
967 2646 1078 2704 Ibidem
1092 2663 1123 2724 p.
1145 2647 1299 2720 tab-129
1314 2663 1322 2706 :
1338 2641 1404 2706 ‘Ort
1414 2647 1524 2714 Βαιανδς
1536 2649 1550 2706 δ
1562 2649 1612 2707 τῶν
1628 2649 1706 2709 Ἀδεί-

141 2735 201 2796 Ὄτε
215 2733 364 2813 Μαυρίειεος
374 2731 494 2804 ήτιὴθείς
507 2730 558 2790 ὑπὸ
573 2732 683 2810 Περσῶν
699 2730 810 2810 μεγίστη
828 2753 881 2790 κα-
929 2754 980 2811 ρων
993 2731 1115 2810 Χαγείνος
1128 2733 1248 2809 οὐδεμιᾶς
1260 2730 1405 2812 ἆφορμῆςῆ
1420 2735 1541 2814 σκήψεως
1552 2735 1706 2814 λαθόμενος,

109 2823 198 2902 τείχετο
213 2821 292 2902 ἀνία·
313 2811 352 2889 οἷς
370 2817 423 2899 γδρ
436 2841 518 2899 παριν
582 2841 608 2876 τι
622 2817 771 2876 tentatore·
790 2817 835 2877 καλ
855 2821 882 2878 ίν
929 2817 987 2879 οὐδδ
1003 2821 1086 2899 ψευδῆ
1100 2824 1162 2898 γοῦν
1175 2818 1245 2878 κατὰ
1263 2817 1405 2896 Ῥωμαίων
1426 2819 1512 2879 αἰτίαν
1526 2820 1637 2890 ἀξιώσας
1648 2825 1706 2881 τινόι

107 2913 149 2988 μίν
161 2914 197 2991 τῷ
209 2913 296 2989 καιρῷ
306 2913 354 2980 τῆς
365 2907 484 2988 πρόξενος
501 2906 670 2965 θνθίλκονται
683 2909 716 2985 τῇ
730 2910 777 2965 τοῦ
790 2927 882 2984 trepto-
929 2907 1075 2984 συνθεῖναι,
1097 2905 1165 2966 elil
1188 2904 1238 2986 γίιρ
1259 2905 1304 2980 καί
1322 2906 1392 2965 κατὰ
1411 2907 1469 2966 τόδε
1488 2909 1583 2986 ὁμοίως
1602 2910 1631 2970 τὸ
1652 2909 1707 2975 ἔτος

106 2997 216 3056 σείεσθαι
236 2995 360 3074 ἀνάγκη,
379 2993 540 3074 παραπόσης
561 2991 753 3072 (παραπτόσης
775 2994 880 3070 Closs.)
930 2992 1072 3072 Ταργίτιον
1089 2992 1153 3073 πρδς
1172 2992 1283 3072 βασιλέα
1297 2993 1416 3066 στείλας,
1433 2996 1469 3061 ώς
1481 2994 1514 3052 τὰ
1531 2997 1706 3076 συνταχθέντα

107 3085 130 3144 δὲ
141 3089 184 3156 τῆς
196 3087 333 3161 τεμῆςτοῦ
346 3081 423 3162 ἔργον
438 3083 463 3139 ἐν
482 3078 580 3159 ἡσυχία
597 3078 730 3155 γενόμενοι
748 3077 778 3137 εδ
790 3079 880 3138 λοιπδν
927 3081 1066 3157 κομίσαιτο
1089 3084 1142 3139 τῶν
1164 3080 1309 3160 χρημάτων
1340 3080 1514 3158 (ὀγδοήκοντα
1539 3081 1566 3142 δί
1590 3083 1706 3162 χιλιάδες

471 751 520 808 61.

104 3243 176 3292 biens
186 3239 297 3300 monuit,
313 3238 342 3287 ut
353 3238 377 3286 in
387 3235 524 3298 planitiem,
535 3247 591 3298 qum
602 3235 638 3286 est
648 3235 679 3284 ad
688 3235 880 3297 constantim
924 3237 1037 3298 pienturz
1047 3237 1088 3287 sed
1096 3235 1433 3297 ubilansvietorlearolavll,
1442 3235 1467 3286 in
1474 3235 1589 3286 desidiam
1598 3237 1707 3287 incidunt

102 3319 261 3378 memet,
271 3319 297 3366 ct
306 3315 419 3379 pretium
428 3313 597 3363 commueret.
606 3312 721 3363 similiter
729 3312 881 3363 Techosdrus
923 3315 948 3361 et
958 3311 1066 3362 animum
1080 3311 1235 3376 dependent

102 3413 195 3448 norem
212 3409 272 3446 enm
285 3394 400 3445 omnibus
410 3396 537 3446 Persarum
558 3391 691 3456 copimees
704 3391 735 3441 ad
746 3391 880 3442 consumi
1291 3385 1336 3436 ei.

100 3475 272 3526 mnndum.
955 3467 1024 3516 ltalia
1035 3465 1338 3528 tolaiereaiongobardis
1347 3465 1385 3516 cst
1397 3465 1610 3516 eversaetdlrula.
1621 3467 1706 3528 ltaque

469 3549 514 3602 61,
924 3544 1032 3593 nonnulli
1043 3557 1073 3593 ex
1087 3545 1171 3593 senatu
1191 3545 1279 3593 veteris
1294 3545 1378 3594 llomct
1395 3553 1452 3593 oum
1466 3542 1609 3605 quibusdam
1627 3555 1706 3592 tacer-

125 3643 198 3690 iuna
207 3637 234 3686 ln
248 3633 365 3685 omnmns
377 3631 607 3690 rebnsdominatur,
619 3629 739 3691 eiiciet,
752 3642 808 3692 que
825 3629 879 3679 alts-
924 3613 1032 3680 ᾱῠῐῑῦΰθι
1045 3633 1106 3684 quos
1115 3621 1268 3682 ‘lulium
1283 3632 1408 3670 mmmm
1424 3621 1526 3681 Ρῐὲθηῑ
1538 3619 1705 3682 dilemma

96 3709 405 3766 mutumne:
415 3708 541 3758 nominum
554 3707 666 3768 auribus,
676 3707 740 3757 sicut
750 3719 841 3757 mem
856 3707 880 3756 tn
924 3696 955 3745 ad
973 3697 1141 3760 imperatorem
1156 3697 1228 3759 legati
1245 3698 1380 3756 venerunt,
1401 3699 1497 3746 orantes
1508 3699 1536 3745 ut
1547 3697 1583 3745 bis
1600 3696 1707 3756 partibus

95 3797 144 3844 tem
154 3790 318 3854 unptodbns,
328 3788 434 3850 exponit.
924 3775 1068 3826 subveniret.
1078 3773 1124 3826 sed
1137 3777 1258 3826 Persicum
1275 3775 1367 3826 bellum
1379 3775 1425 3824 lroo
1436 3777 1544 3838 tempore
1559 3775 1583 3824 in
1595 3775 1706 3824 Armenia

123 3871 246 3922 mm
266 3863 427 3916 mmmmm
443 3875 500 3913 eum
510 3861 578 3912 rita.
592 3898 598 3910 ,
612 3897 618 3911 ,
632 3861 674 3911 ,et
688 3860 762 3912 decue
772 3871 828 3911 cum
837 3861 880 3911 de.
924 3856 949 3902 et
962 3854 1091 3904 inorienle
1100 3855 1161 3915 erat,
1170 3853 1234 3914 quod
1245 3865 1294 3902 non
1303 3853 1429 3902 modonon
1441 3851 1706 3912 intermittebat,immo

92 3951 187 4000 m
924 3931 949 3980 in
962 3931 1122 3981 ardentiorem
1130 3931 1307 3980 contentionem
1319 3927 1505 3992 ingravescebat.
1517 3933 1553 3979 lio
1565 3927 1655 3978 iectrrrn
1669 3931 1705 3978 cst

122 4026 183 4076 llelli
195 4021 335 4074 ardonon
354 4016 379 4068 in
392 4027 521 4079 corporum
536 4013 635 4076 robore,
654 4012 696 4065 sed
709 4013 734 4063 in
745 4015 880 4065 animorum
925 4011 952 4058 ut
961 4010 1090 4070 imperator
1107 4007 1186 4056 nullas
1196 4006 1293 4056 idoneas
1313 4005 1407 4068 copias,
1420 4017 1476 4068 ηοω
1493 4005 1588 4054 illerum
1601 4005 1706 4067 partium

93 4097 358 4153 tntlbrdiaerertitnr.
925 4085 997 4135 rebus
1007 4083 1161 4134 sublevandis
1178 4082 1330 4144 sufficerent,
1344 4083 1458 4131 mitteret.
1476 4083 1652 4131 verumtamen
1663 4080 1705 4131 de·

124 4181 189 4232 mm
200 4189 289 4241 aque,
298 4177 327 4224 ut
337 4172 442 4237 pertento
450 4183 479 4222 ne
489 4171 596 4232 lenem,
610 4170 697 4233 quletis
707 4173 733 4221 et
741 4171 880 4222 amomum
925 4162 1002 4224 lectu,
1015 4164 1043 4211 nt
1055 4173 1093 4210 res
1101 4160 1171 4220 tolit,
1184 4159 1282 4219 itabile,
1293 4161 1440 4220 exercitum,
1452 4171 1525 4222 quem
1536 4160 1623 4222 potuit,
1632 4163 1705 4220 misit.

95 4259 167 4308 aaut
179 4257 325 4307 meatem
346 4252 477 4312 comperet.
492 4250 522 4298 lit
534 4247 632 4311 quidem
642 4248 735 4298 labores
750 4251 824 4310 lpsern
843 4260 881 4298 se·
924 4241 1078 4303 alqneetiam
1096 4251 1168 4288 omne
1188 4237 1298 4288 studium
1314 4239 1339 4288 et
1357 4237 1504 4301 diligentiam
1522 4237 1640 4302 adhibuit,
1658 4253 1707 4304 qrro

96 4337 241 4397 quietorum
258 4332 379 4380 bonorum
391 4327 554 4388 voluptatem,
571 4337 615 4374 cen
633 4326 746 4387 preolma
757 4325 881 4387 custodie,
924 4317 1135 4380 longobardorum
1144 4315 1218 4364 dures
1230 4313 1300 4363 donis
1308 4314 1480 4376 demereretur,
1492 4327 1556 4377 qrros
1565 4329 1650 4380 mama
1661 4319 1707 4366 illis

98 4413 251 4461 conserent
259 4411 321 4458 llam
332 4405 457 4466 voluptas,
467 4401 653 4465 eondisciplina
662 4413 710 4450 non
722 4403 881 4464 περίψημα·
925 4398 1024 4460 proemia
1045 4395 1222 4454 retributurus,
1240 4391 1272 4442 ad
1288 4405 1344 4442 suas
1361 4395 1452 4456 parles.
1463 4393 1607 4446 traduceret.
1624 4398 1708 4459 ltaqrrc

99 4491 166 4538 sime
176 4485 297 4537 diaednx
307 4484 344 4533 cst
354 4501 360 4532 ι
370 4481 431 4545 quin
439 4479 685 4541 adeoritamquoque
695 4478 769 4540 ipsam
780 4479 882 4542 turpiter
926 4475 1032 4537 plerique
1038 4485 1068 4522 ex
1078 4469 1290 4533 longobardorum
1304 4469 1463 4532 principibus,
1473 4469 1597 4533 largitione
1606 4473 1706 4535 impera·

100 4566 178 4628 eripit.
925 4550 1104 4612 lorismeepta,
1114 4548 1144 4598 ad
1159 4549 1279 4597 Romanos
1288 4545 1435 4597 deiecerunt.

130 4642 300 4694 nanenoedros
311 4639 344 4690 nb
356 4637 448 4687 ineeto
466 4633 563 4685 nomme
581 4633 654 4684 letale
665 4633 755 4683 volnus
769 4634 880 4696 accepit:
1290 4630 1336 4680 63.

105 4735 155 4782 qna
164 4719 270 4772 rmmrbi
280 4715 346 4766 band
357 4713 453 4763 insolita
463 4713 572 4772 videtum
583 4710 668 4760 talium
679 4711 767 4773 qnippe
782 4723 882 4761 manum
957 4716 1073 4775 Baianus,
1086 4711 1340 4772 sermocinemur,
1358 4709 1443 4760 eodem
1455 4723 1519 4762 anno
1533 4713 1664 4774 Targiliurn
1676 4713 1706 4761 ad

107 4803 196 4848 termae
206 4796 331 4861 opernuix
342 4794 379 4843 cst
395 4809 403 4841 ε
416 4790 488 4841 multi
497 4791 562 4841 enim
575 4789 634 4838 clari
654 4789 763 4839 homines
773 4789 805 4839 ab
817 4790 883 4852 igno·
927 4793 1109 4855 imperatorem,
1122 4789 1164 4852 qul
1174 4787 1282 4852 prestari
1297 4787 1368 4837 solita
1382 4787 1500 4850 stipendia
1510 4789 1629 4850 exigeret,
1642 4787 1706 4840 mitt

106 4875 187 4925 litim
193 4871 331 4936 interempti
344 4869 451 4919 morunt
460 4869 536 4918 canus
546 4867 610 4916 enlm
617 4865 769 4916 admirabiles
778 4869 803 4916 et
810 4867 882 4930 vulgo
929 4871 1016 4931 (erent
1027 4869 1108 4917 summ
1118 4866 1238 4928 octoginta
1249 4863 1323 4913 millia
1330 4875 1501 4924 nummorum,
1512 4876 1567 4924 quae
1578 4857 1718 4926 quotannis'

107 4955 190 5014 inopini
199 4953 311 5002 mimam
323 4949 455 4996 numnam
462 4944 615 4994 comitantur.
927 4945 1120 5009 pendebantur),
1131 4943 1155 4992 et
1170 4943 1212 4991 ubi
1228 4954 1282 4990 cum
1292 4940 1387 5018 reliquls
1399 4938 1526 5000 mercibus,
1536 4953 1596 5002 quas
1607 4945 1705 5000 emerat,

137 5033 260 5082 hericina
271 5025 500 5085 al’eraiarictua,ln
508 5021 881 5085 rnagrtoreraabaturmmrore...
927 5026 952 5073 et
968 5035 1024 5071 cum
1035 5033 1094 5070 auro
1107 5019 1137 5069 ad
1155 5020 1223 5068 illum
1236 5017 1352 5076 redierat,
1364 5015 1491 5074 barbarus,
1506 5015 1571 5064 nulla
1582 5019 1706 5068 occasione

110 5110 164 5158 llam
176 5111 199 5158 in
217 5109 267 5172 bec
278 5105 384 5156 notionis
394 5102 517 5152 momento
535 5099 645 5150 vincendi
662 5099 802 5150 necessitate
822 5099 884 5150 abri·
928 5103 969 5150 ant
978 5111 1049 5150 causa
1059 5097 1175 5158 molleta,
1187 5109 1217 5146 nc
1228 5095 1311 5144 talum
1321 5091 1419 5155 quidem
1432 5093 1608 5142 accusationem
1622 5093 1646 5144 in
1656 5097 1705 5144 lto·
