3908 5732
222 337 279 386 διο
814 327 974 390 JoANMs
996 327 1229 390 ΑΝΤΙΟΟΗΕΝΙ

219 461 272 523 τοῖς
283 458 403 521 ἐναντίοις
411 456 545 518 ἐπιπίπτει
553 503 560 528 ,
568 455 597 515 τθ
608 457 654 534 μίν
665 461 785 518 πλείσταν
798 461 824 517 ἐν
836 459 892 524 ταῖς
902 461 994 533 εύναῖς,
1041 459 1119 520 Οὕτω
1132 459 1177 535 μίν
1189 451 1233 518 σύν
1246 459 1386 540 Εὐτρόπιος
1399 459 1470 526 δίκας
1484 465 1530 531 τῆς
1543 460 1689 540 ἁμαρτάδας
1703 461 1828 529 ύποστάς

219 547 248 604 τύ
262 547 289 604 δί’
303 547 471 624 ἀνιστάμενον
493 548 544 604 τῶν
556 543 644 604 δπλων
656 545 854 624 -γεγυμνωμίνον
869 548 994 625 διεχειρί-
1040 545 1085 605 καὶ
1100 545 1126 614 ίξ
1139 547 1217 606 αὐτοῦ
1231 551 1276 606 τοῦ
1291 547 1437 622 καταλόγου
1447 551 1498 606 τῶν
1513 547 1619 606 ὑπάτων
1632 550 1759 628 ἠλείφθη,
1773 550 1828 624 μό·

219 637 290 704 ζετο,
306 633 383 692 αὐτόν
396 657 425 692 τε
444 633 486 692 τὸν
507 632 627 711 Εύγίνιον
648 634 795 714 ζωγρήσας,
814 639 860 706 τῆς
880 637 995 715 κεφαλῆς
1038 655 1084 691 νου
1097 639 1141 692 τοῦ
1156 632 1396 702 συνυπατεύσαντος
1409 635 1549 714 Θεοδώρου
1562 635 1757 713 γεγραμμίνσν.

219 722 371 793 ἀποτέμνει,
385 721 429 779 καί
439 724 532 801 μακρῷ
548 721 636 798 δόρατι
650 720 807 799 περιπήξας,
821 725 847 780 ἐν
860 723 929 788 δλοες
943 731 995 790 τοῖς

218 812 263 878 τῆς
274 807 389 874 Ἰταλίας
399 807 466 889 όροις
477 807 675 884 δεεπόμπινσεν·
688 812 722 874 ὡς
734 807 803 866 άπαν
815 807 844 866 τδ
856 811 906 868 τῶν
919 811 994 868 πολε·
1396 795 1460 852 ¹9⁰¹

219 895 285 969 μίων
299 897 395 964 πλῆθος
417 895 480 975 πρδς
502 895 545 952 τὸν
564 894 717 964 νενικηκότα
742 899 853 974 χωρεῖν,
875 895 920 954 καί
942 905 994 965 τοῖς
1080 895 1145 949 Exc·
1161 895 1204 949 De
1222 895 1310 968 imp
1338 893 1374 963 67
1393 889 1634 974 ἑὌῐῑῬουγῖνθς,
1649 894 1663 950 θ
1677 893 1827 973 ἐπίτροπος

219 983 297 1040 αὐτοῦ
320 980 455 1038 πείθεσθαι
475 980 660 1058 διατάγμασιν.
681 979 715 1040 Ὁ
734 983 761 1039 δὲ
780 981 954 1061 Ἀρύογάστης
968 986 993 1042 ἐν
1040 977 1189 1058 Ἀρκαδίαν,
1203 977 1229 1045 ἐξ
1246 977 1385 1049 ίπῑὸῦυλῆς
1399 978 1545 1059 Εὖτρυπίου
1558 984 1604 1038 τοῦ
1617 981 1758 1060 προκοίτου
1772 986 1825 1052 τῆς

218 1069 301 1148 τούτῳ
312 1091 340 1126 τε
352 1065 381 1126 τδ
395 1069 503 1142 μανικὸν
516 1073 561 1138 τῆς
581 1067 716 1148 βαρύάρου
731 1069 833 1150 φύσεως
846 1069 992 1147 ἀποδείξας,
1040 1063 1176 1144 ’θρκαδίθυ
1197 1063 1324 1144 δῑίμαέἵθ
1344 1063 1444 1136 δηδίῑθ·
1466 1066 1525 1123 ἀλλ’
1538 1063 1609 1142 ὅμως
1630 1069 1663 1144 τῇ
1681 1066 1824 1148 πλεονεξίᾳ

218 1154 367 1234 αὐτοχειρία
384 1153 525 1234 διεφθάρη,
547 1156 584 1234 τῷ
605 1154 721 1236 σφετίρῳ
744 1155 892 1236 περιπεσών
916 1155 991 1236 ξίφει.
1040 1152 1084 1210 καί
1107 1151 1317 1231 τῇχῦθῐπότητῑ
1330 1153 1381 1210 τῶν
1395 1151 1499 1231 *ρώπων
1516 1161 1595 1211 ww
1610 1151 1755 1231 θπὲρῠῐῖῠς
1773 1146 1824 1227 ἦν,

218 1241 282 1300 ’θῖπί
294 1241 392 1308 τούτοις
402 1265 430 1300 τε
453 1240 575 1321 θρίαμύοι
589 1239 659 1300 κατὰ
679 1241 726 1312 τήν
740 1241 848 1320 Ῥώμην
871 1241 993 1320 ἐγένοντο·
1039 1237 1083 1298 τόν
1094 1261 1121 1296 τε
1137 1237 1245 1318 βασιλία
1254 1237 1393 1311 οἰκειότητι
1402 1243 1455 1298 τῶν
1464 1238 1603 1319 βαρὸἀρων
1614 1239 1838 1314 καταπλήτταιν,’

218 1327 264 1384 καί
284 1335 488 1408 στεφανηφορεῖν
503 1325 550 1397 τήν
566 1329 718 1408 ἀπανταγοῦ
739 1331 790 1386 τῶν
810 1328 931 1400 ὑπηκόων
946 1334 995 1407 γῆν
1039 1326 1084 1384 καί
1100 1329 1207 1406 βαρεῖαν
1220 1325 1341 1393 ίπιτιθείς
1353 1324 1468 1402 ἀνάγκην
1482 1323 1546 1404 πρὸς
1559 1325 1588 1384 τὸ
1599 1330 1758 1396 κοινωνῆσαι
1771 1331 1822 1399 τῆς

217 1415 308 1488 ἐδόκεε,
316 1415 361 1474 καί
369 1417 550 1494 πανηγυρίζειν
559 1413 602 1472 ἐπὶ
611 1396 992 1496 τῇκαθαιρίσειτοῦτύραννου.
1041 1411 1189 1492 ἀλουργίδος
1199 1412 1349 1493 αύτῷ,ποτί
1359 1411 1438 1472 δίκαί
1450 1413 1546 1484 πλῆθος
1557 1412 1697 1492 βαρδάρων
1709 1416 1822 1488 είααγα-

577 1529 630 1586 ,88
1039 1497 1108 1577 γύνν,
1130 1491 1166 1558 ὧν
1182 1499 1316 1580 ’λλάριχος
1330 1505 1435 1578 ἡγεῖτο,
1450 1507 1537 1558 πᾶσαν
1552 1501 1616 1574 ὁμοῦ
1629 1498 1677 1570 τήν
1698 1498 1820 1560 Ἑλλάδα

633 1575 638 1586 ’
1040 1587 1085 1647 καί
1106 1587 1139 1646 τὰ
1154 1587 1213 1670 περὶ
1230 1586 1277 1659 τήν
1299 1588 1432 1667 Ἰλλυρίδα
1460 1585 1597 1666 διεπόρθει·
1617 1589 1653 1655 ὡς
1671 1586 1718 1646 καί
1740 1589 1820 1660 δῆλος

1041 1673 1124 1733 ἅπασι
1137 1677 1256 1754 γενέσθαι
1267 1680 1300 1755 τῇ
1312 1679 1358 1746 τῆς
1366 1675 1513 1753 τυραννίδος
1526 1673 1663 1752 ἐπεύουλῇ.

1080 1761 1115 1821 Ὁ
1130 1761 1176 1837 μίν
1191 1761 1241 1842 γάρ
1254 1762 1392 1842 δτεέχαιρε,
1411 1759 1513 1820 καὶτὸν
1528 1759 1611 1819 κοινδν
1624 1759 1728 1840 ὄλεθρον
1749 1759 1819 1820 ἰδίαν

1040 1849 1156 1925 κρηπῖδα
1170 1852 1216 1918 τῆς
1232 1848 1365 1925 βασιλείας
1382 1846 1574 1926 ύπελάμύανον·
1587 1852 1603 1906 δ
1614 1847 1642 1907 δά
1658 1847 1779 1927 βασιλεύς
1789 1852 1819 1908 ἐν

218 1980 295 2048 ἔδοξε·
319 1983 389 2040 δίκαι
403 2005 432 2038 τε
453 1981 554 2038 ἅπασαι
574 1980 637 2059 πρὸς
664 1981 760 2040 τούτων
784 1981 928 2061 ἐκρίνοντο·
949 1979 996 2040 καί
1041 1933 1265 2080 ἀφασίᾳῗπῗι]
1278 1937 1306 1994 οὗ
1319 1935 1428 2080 μὴέκαί
1438 1939 1452 1993 ὁ
1465 1933 1820 2082 Σπλίχωίέλνλτῖῗθαὸμῗκ

218 2068 296 2134 πολὺς
316 2059 347 2138 ήν
369 2068 445 2146 ὄχλος
462 2071 513 2126 τῶν
536 2066 704 2145 περιθεόντων
725 2067 750 2126 εί
764 2067 813 2126 πού
831 2092 881 2126 τινι
900 2067 995 2146 χωρίον
1040 2012 1151 2130 ww
1185 2025 1244 2081 διπ
1261 2021 1507 2130 Μινωίδας
1522 2021 1574 2126 Phv,
1648 2041 1714 2130 ,ω’
1732 2045 1819 2132 κατίῃ

218 2155 356 2214 κάλλιστον
364 2145 405 2227 ἦν·
415 2154 459 2212 καί
472 2155 621 2224 θδεσπότης
630 2153 702 2220 εὐθύς
712 2153 899 2233 σννηρπάζετο.
913 2154 997 2214 Ἐκά-
1041 2109 1738 2277 ³33⁵}vsgfflgzfffxgawssgggg‘²:19&
1746 2133 1820 2276 'fig‘

218 2242 328 2357 “pist“
351 2241 833 2321 “btffivss'pwmwmmmm
879 2307 883 2318 ·
1042 2281 1136 2362 δοίρους
1163 2284 1255 2342 σπάνει
1281 2285 1333 2342 τῶν
1352 2283 1502 2360 ἀναγκαίων
1527 2283 1688 2364 διαφθείρας,
1713 2283 1814 2342 ἐπαυσε

579 2357 641 2430 ¹39·
1041 2374 1087 2440 τῆς
1102 2369 1192 2448 [κατὰ]
1203 2373 1254 2430 τῶν
1268 2370 1415 2451 ἐπιχωρίων
1426 2375 1519 2450 ὁρμῆς.
1535 2369 1773 2448 Συγκαλεσάμενος
1787 2371 1816 2429 δέ

256 2460 331 2514 lbid.
349 2477 356 2518 :
370 2456 434 2517 Ὅτι
450 2456 593 2536 ίίύτρόπεος
606 2461 621 2514 δ
636 2461 679 2515 τοῦ
703 2457 839 2537 Ἀρκαδίαν
858 2457 996 2537 πρόκοιτος
1042 2455 1156 2534 Γαῐνάν,
1179 2455 1275 2524 δςτότε
1291 2461 1343 2515 τῶν
1366 2457 1491 2536 ίσπερίων
1506 2457 1687 2536 στρατοπίδων
1709 2457 1819 2536 ἔξαρχος

217 2542 289 2601 ούδίν
305 2547 356 2600 τῶν
371 2545 458 2602 δεινῶν
478 2541 663 2618 ἀπελίμπανε,
687 2543 733 2610 τάς
748 2543 794 2615 μὲν
810 2541 893 2622 ἀρχάς
907 2545 996 2620 δημα-
1040 2537 1087 2616 ἦν,
1108 2542 1196 2623 ἀρτύει
1212 2543 1259 2616 τὴν
1281 2543 1350 2616 κατὰ
1370 2544 1507 2626 Ῥουφίνου
1530 2545 1634 2615 σκευήν·
1653 2544 1696 2603 δτι
1711 2545 1743 2615 δή
1769 2546 1817 2603 καλ

219 2630 262 2709 σίορ
277 2630 449 2710 πιπράσκων,
471 2632 516 2688 καὶ
529 2631 588 2696 τούς
603 2654 628 2689 τι
642 2630 797 2707 δυναμίνονς
812 2635 995 2711 συκοφαντῶν,
1041 2635 1111 2690 θτοῦ
1130 2631 1264 2710 Ἀρκαδίαν
1279 2631 1388 2711 στρατδς
1402 2631 1431 2690 ἐκ
1443 2655 1471 2693 τε
1483 2637 1529 2703 τῆς
1544 2631 1668 2709 Εὖγενίον
1688 2632 1817 2710 καθαιρό-

219 2717 327 2797 ἐξορίαις
349 2739 378 2774 τε
398 2716 456 2782 τούς
479 2725 639 2794 μεγιστᾶνας
660 2717 827 2790 δπαύσίλλων,
843 2717 888 2776 καί
907 2725 996 2776 πᾶσαν
1042 2742 1105 2786 σεως
1120 2719 1165 2778 καί
1178 2724 1225 2791 τῆς
1238 2721 1290 2777 τῶν
1307 2718 1447 2800 βαρύοίρων
1466 2723 1518 2778 τιῖιν
1533 2719 1600 2779 κατά
1618 2717 1666 2790 τὴν
1683 2719 1817 2798 Ἰλλυρίδα

219 2804 293 2882 ύύριν
315 2807 369 2867 τοῖς
389 2807 435 2872 τῆς
452 2803 599 2880 συγκλήτου
622 2805 715 2883 βουλῆς
730 2804 843 2882 ἐπάγοιεν.
855 2803 924 2864 Ἀλλ’
938 2803 996 2864 αὐδί
1042 2805 1151 2874 διώξεως
1164 2804 1209 2864 ἐπὶ
1224 2804 1271 2876 τήν
1286 2805 1482 2865 Κωνσταντίνου
1496 2803 1571 2864 πόλιν
1589 2803 1691 2884 ἐχώρεε.
1713 2803 1748 2864 'O
1769 2803 1818 2880 μὲν

218 2896 266 2960 τῆς
280 2893 331 2948 τῶν
349 2885 489 2969 βαρύαίρών
505 2890 811 2969 ἀπείχετσσνμμαχίας,
825 2895 860 2958 ὥς
874 2889 905 2948 δν
921 2891 996 2961 αὐτὸς
1041 2891 1091 2972 γίιρ
1106 2890 1227 2972 βασιλεὺς
1236 2891 1305 2950 κατὰ
1315 2893 1374 2959 τοὺς
1387 2889 1515 2958 παλαιούς
1523 2891 1616 2969 νόμους
1626 2893 1662 2959 είς
1672 2889 1816 2960 ὑπάντησιν

219 2978 328 3045 ἐλπίζων
343 2979 378 3042 εές
393 2977 440 3046 τὴν
451 2983 496 3036 τοῦ
517 2977 643 3056 βασιλίως
658 2975 824 3052 μεταδαίνειν
838 2975 923 3046 ἀξίαν.
942 2977 997 3038 Καί
1041 2982 1092 3038 τῶν
1107 2979 1289 3059 στραταπίδων
1304 2980 1334 3038 ἐκ
1346 2983 1392 3050 τῆς
1403 2979 1503 3045 πόλεως
1514 2981 1651 3058 προῆλθεν·
1665 2979 1711 3036 καί
1724 2982 1740 3036 δ
1751 2981 1819 3040 Γαῖ-

219 3088 281 3124 ποτε
296 3064 341 3122 καί
354 3063 412 3131 τοὺς
425 3067 451 3122 ἐν
469 3072 526 3132 ταῖς
538 3063 688 3136 ἐκκλησίαις
702 3063 860 3146 πεφευγότας
874 3065 996 3143 συλλαμ-
1040 3065 1086 3134 νάς
1099 3065 1176 3125 αὐτὸν
1199 3065 1324 3148 ἐφρούρει·
1338 3074 1412 3125 ττδσα
1431 3065 1458 3124 δέ
1475 3056 1508 3137 ήν
1525 3063 1625 3143 ἀνάγκη
1642 3064 1689 3123 καί
1705 3063 1750 3123 τθν
1772 3068 1820 3136 τῆς

142 3205 145 3212 ,
219 3153 307 3210 ύοίνειν
331 3152 485 3230 βουλόμενος
504 3153 582 3228 νόμον
603 3153 746 3233 προύθηκεν
762 3150 932 3231 ἐπιτρέποντα
951 3153 995 3213 καί
1041 3155 1122 3225 αύλῆς
1145 3153 1260 3233 ἐπαρχον
1285 3152 1425 3222 συνεξιίναι
1450 3151 1603 3233 (Ῥουφῖνος
1627 3149 1655 3211 δλ
1676 3143 1742 3230 ήν).
1764 3152 1819 3211 Καὶ

219 3239 277 3308 τοὺς
287 3242 316 3298 ἐκ
327 3242 378 3296 τῶν
389 3239 578 3319 θυσιαστηρίων
593 3239 759 3321 ἀφίλκεσθαι.
774 3239 827 3299 Καὶ
837 3243 851 3297 ὁ
863 3238 910 3315 μίν
919 3241 996 3316 νόμος
1041 3240 1098 3317 άμα
1112 3265 1139 3300 τε
1153 3245 1168 3300 δ
1183 3239 1304 3319 βασιλεὺς
1321 3239 1372 3299 θπθ
1393 3242 1445 3298 τῶν
1468 3237 1649 3317 στρατοπέδων
1668 3236 1818 3315 Αὔγουστος

220 3325 382 3403 ἐγέγραπτο,
403 3324 461 3396 δίκη
480 3325 614 3392 δέεύθόως
625 3330 671 3398 τῆς
692 3325 825 3398 ὠμότητος
847 3327 993 3397 ἠκολούθει.
1041 3327 1211 3404 θωμάζεται,
1234 3327 1280 3387 καί
1307 3326 1442 3407 Ῥουφῖνος
1463 3324 1649 3402 κατετίμνετο,
1672 3325 1771 3399 ταύτης
1789 3347 1820 3385 τε

220 3413 286 3471 Μετ’
300 3415 330 3470 ού
346 3411 413 3470 πολὺ
433 3411 483 3492 γάρ
498 3411 678 3493 προσκρούσας
689 3415 726 3492 τῷ
740 3415 842 3490 βασιλεῖ
854 3413 995 3493 Εὐτρόπιας
1041 3415 1119 3496 ἔτυχε
1133 3421 1178 3487 τῆς
1192 3418 1322 3488 τελευτῆς.
1339 3416 1436 3482 Παῖδες
1449 3413 1476 3473 δέ
1488 3417 1566 3473 αὐτοῦ
1578 3413 1623 3472 καί
1636 3411 1740 3491 γαμετή
1753 3414 1819 3494 πρδς

219 3501 309 3564 ε’ντοίς
320 3498 460 3579 πρόσφνξιν
472 3499 572 3576 ἐγίνετο
583 3499 920 3580 καίθπὸτὸθυσιαατήριον
931 3500 995 3560 ἐκει·
1040 3503 1087 3572 τήν
1105 3503 1246 3576 ἐκκλησίαν
1263 3502 1417 3583 κατίφυγον·
1438 3502 1609 3580 διηρπάζοντο
1627 3503 1656 3559 δέ
1677 3502 1820 3569 ἀκωλύτως

219 3608 264 3658 το,
283 3585 404 3646 Ἰωάννου
419 3589 620 3654 ἐπισκοποῦντας
637 3593 682 3646 τοῦ
697 3587 906 3665 Χρυσαστόμου,
927 3589 996 3648 ἐκεῖ·
1040 3590 1144 3649 ἅπαντα
1156 3589 1205 3649 όσα
1219 3591 1288 3650 κατὰ
1302 3591 1352 3661 τήν
1363 3589 1516 3649 δυναστείαν
1530 3587 1668 3659 ἐκτήσατο.

219 3673 262 3731 θίν
284 3697 312 3732 τε
335 3673 480 3753 ἀφαιρεθείς
497 3675 587 3740 νυκτὸς
600 3672 648 3745 τήν
673 3674 789 3753 κεφαλήν
808 3677 993 3752 ἀποτέμνεται.
1079 3675 1172 3755 [Τότε]
1189 3675 1317 3743 ίάἲνδςδ
1338 3679 1391 3734 τῶν
1409 3675 1480 3754 δηίων
1502 3675 1682 3756 στρατοπίδων
1697 3674 1819 3755 ἐξαρχος,

257 1637 324 1694 Εεο.
338 1639 379 1692 De
390 1637 455 1690 virt.
470 1655 497 1709 p.
512 1635 570 1710 849
582 1653 589 1692 :
601 1632 665 1694 Ὅτι
680 1637 703 1693 σί
714 1632 848 1711 ἐπίτροποι
861 1634 994 1714 Ἀρκαδίαν

218 1723 262 1778 καὶ
275 1719 403 1799 Ὀνωρίον
416 1719 550 1799 Ῥουφῖνος
561 1721 604 1778 καί
615 1720 748 1799 Στελίχων
760 1719 839 1800 ἀμφω
847 1719 881 1780 τά
890 1721 995 1778 πάντων

219 1807 393 1887 συνήρπαζον,
409 1811 435 1866 ἐν
456 1811 494 1888 τῷ
508 1806 612 1887 πλούτῳ
630 1808 660 1866 τθ
674 1807 767 1886 κράτος
785 1807 922 1884 τεθίμενοι.
942 1805 995 1868 Καὶ

219 1895 300 1960 οὐδεὶς
314 1885 383 1973 εἶχεν
398 1894 460 1952 ἴδιον
475 1892 547 1952 οὐδὲν
562 1897 584 1952 εί
600 1894 637 1970 μὴ
651 1892 780 1974 Ῥαυφίνιρ
792 1893 837 1952 καί
851 1893 995 1972 Στελίχωνι

251 3843 289 3889 Fr.
307 3843 358 3888 188.
370 3842 427 3888 Haec
436 3852 465 3888 ex
478 3839 587 3900 Εοοερίο
602 3841 707 3888 λοοοοοο
719 3839 756 3888 ve!
768 3841 853 3888 εοοίοτ
864 3841 916 3902 ojus
928 3840 1083 3904 δορτοιοριιίλ
1097 3844 1128 3892 V.
1138 3843 1239 3904 Εοααρίί
1253 3842 1283 3890 fr.
1299 3848 1339 3900 6³,
1351 3854 1375 3904 ρ.
1389 3845 1429 3891 λε.
1441 3868 1472 3877 -
1485 3842 1521 3890 τὰ
1534 3841 1651 3890 πάντων
1670 3843 1819 3904 συνήρατο·

219 3908 282 3972 ζαν]
296 3910 325 3957 τὰ
337 3909 413 3958 πάντα
421 3927 446 3958 σ.
459 3913 549 3972 Ειεαορ.
563 3922 602 3972 ορ.
615 3909 712 3960 snidam
724 3924 747 3960 v.
758 3910 884 3972 Ῥουφῖνος.
894 3939 924 3950 -
933 3911 1001 3974 πρὸς
1014 3913 1125 3961 τούτων
1139 3911 1196 3974 ίκρ.
1206 3909 1215 3974 ]
1226 3912 1281 3975 πρὸς
1292 3911 1375 3960 τούτου
1385 3910 1424 3973 δκρ
1444 3909 1530 3960 wdex.
1540 3939 1570 3952 -
1581 3911 1638 3960 πού
1650 3909 1725 3972 τινε]
1738 3910 1819 3972 said„

220 3998 254 4028 τω
268 3996 311 4026 τινε
323 3979 377 4028 md.

251 4053 289 4098 Fr.
308 4053 359 4097 189.
378 4047 466 4098 Eadem
481 4049 565 4098 suidas
576 4063 600 4099 ν.
617 4049 752 4112 Εὐτρόπιος.
768 4047 832 4098 Idem
843 4061 866 4096 ν.
879 4049 965 4106 ὕπατος
978 4049 1010 4100 m
1025 4050 1097 4100 habet
1112 4069 1117 4099 :
1131 4053 1226 4112 Πρῶτος
1241 4050 1265 4098 δὲ
1276 4051 1364 4108 ὕπατος
1380 4050 1498 4110 εὐνούχων
1510 4047 1635 4112 ἀπεδείχθη
1651 4048 1689 4098 ἐπί
1706 4049 1820 4113 ’θεωρίαν

220 4121 259 4170 καί
269 4119 397 4182 Ἀρκαδίαν,
407 4124 454 4167 τῶν
463 4122 520 4168 νίῶν
530 4119 673 4176 θεοδοσίον,
685 4117 810 4182 Εὐτρὸπεος
819 4119 833 4167 ό
842 4119 996 4182 πρωτόκαιτος
1006 4126 1047 4169 τοῦ
1059 4121 1183 4184 βασιλέως.
1195 4119 1349 4182 Ἐδιρρορεῐτο
1361 4121 1386 4169 a
1399 4120 1438 4168 διὰ
1447 4123 1488 4176 τῆς
1499 4119 1589 4174 πόλεως
1599 4119 1667 4168 ούδέν
1678 4124 1727 4168 τῶν
1739 4121 1819 4169 δεινῶν

220 4188 386 4251 ἀπολιμπάνων
395 4189 446 4237 κτλ.
458 4191 485 4236 ut
494 4193 576 4238 nostro
587 4190 604 4238 ί.
615 4219 645 4230 -
656 4189 724 4245 τούς
737 4205 764 4236 τι
779 4187 976 4250 δυναμένους]
988 4191 1023 4239 sie
1034 4195 1059 4240 εί
1070 4188 1156 4240 δολίαν
1167 4202 1191 4236 v.
1206 4189 1311 4248 ύπατος,
1326 4191 1368 4239 sed
1381 4190 1445 4239 idem
1459 4201 1483 4236 v.
1501 4187 1601 4251 Εὐτρόπ.
1615 4189 1686 4244 ιτούς
1697 4190 1817 4248 τῆςδυνύ·

221 4275 289 4322 ρκως.
300 4285 327 4298 -·
339 4257 388 4306 καί
402 4273 472 4306 ποτε
484 4258 560 4322 κτλ]
573 4262 632 4316 Qua,¹
641 4257 858 4320 sequunturpessta
869 4261 1002 4308 exsecrat.
1012 4261 1044 4309 V!
1054 4295 1061 4320 ,
1072 4265 1137 4308 ⁵.-
1147 4257 1235 4320 νόμον
1248 4259 1346 4321 προύθ.
1365 4260 1407 4308 ἀπ.
1426 4258 1475 4308 καί
1486 4255 1819 4320 τοὺε]είο8ι1ί(ίεοτ.ὕιτα-

220 4346 273 4390 τος;
284 4332 367 4376 contra
381 4341 403 4376 ιι.
419 4328 521 4390 Εὐτρὸτ.
534 4331 559 4377 εί
572 4327 597 4376 in
609 4328 691 4378 οοδίσο
705 4328 815 4390 ἰτοοτρθ.
826 4327 911 4390 legitur
925 4347 930 4377 τ
943 4329 1069 4391 προύθηκεν
1081 4330 1208 4391 ἐπιτρέπων
1219 4327 1322 4384 τούτους.
1337 4327 1432 4378 Plenius
1442 4328 1495 4375 λνοο
1506 4330 1615 4378 socrates
1629 4328 1645 4376 ί.
1660 4328 1678 4376 1.
1689 4353 1720 4364 -
1734 4329 1818 4390 ἀρίλ·

221 4400 341 4460 κεσθαι]
353 4400 407 4446 Ροεθ
419 4397 481 4446 hanc
492 4411 515 4446 v.
527 4396 612 4448 suidas
621 4411 645 4445 ν.
657 4397 744 4453 ὕπατος
756 4397 780 4446 in
791 4397 888 4447 brevius
901 4399 1043 4448 contrahens
1057 4400 1132 4462 pergit
1145 4417 1151 4447 ι
1163 4399 1188 4454 θς
1198 4397 1359 4460 προσκρούσας
1377 4401 1411 4459 τῷ
1428 4397 1520 4459 βασιλεῖ
1534 4397 1574 4444 καὶ
1590 4399 1732 4458 καταφυγὼν
1741 4399 1774 4454 είς
1794 4403 1827 4449 τὸ·

221 4469 382 4530 θυσιαστήριον
391 4467 478 4516 ἐκεῖθεν
490 4469 601 4530 ἀφῃρέθη.
618 4467 714 4516 Scilicet
730 4467 807 4528 glossa
823 4480 843 4516 ε.
854 4481 879 4516 τ.
892 4469 980 4524 ὕπατος
992 4469 1065 4530 petita
1076 4469 1112 4516 est
1124 4481 1152 4516 οιι
1164 4466 1210 4515 ιιΙίο
1225 4465 1310 4526 titulo,
1327 4478 1352 4512 τ.
1371 4479 1393 4514 ο.
1407 4467 1486 4516 extit.
1499 4467 1555 4527 ΙΙερὶ
1564 4465 1699 4514 πολιτικῶν.
1718 4467 1782 4514 Hinc
1793 4467 1822 4516 fit

221 4543 248 4588 ιιε
263 4539 338 4601 prima
351 4537 435 4597 fragm.
449 4549 504 4598 ρατε
517 4536 610 4599 plenius
621 4535 772 4597 οκΙιίθοοειιτ,
783 4537 900 4598 posterior
914 4543 1036 4588 eontracta
1049 4539 1089 4587 sit.
1104 4541 1202 4586 Ιιινοτοο
1219 4534 1303 4585 ordine
1313 4535 1361 4597 egit
1372 4537 1498 4596 excerptor
1511 4535 1550 4584 tit.
1565 4536 1620 4598 Περί
1634 4535 1714 4598 ἀρετῆς
1723 4537 1765 4584 καὶ
1775 4553 1820 4586 κα-

220 4611 280 4665 κίας.
291 4634 322 4645 -
330 4605 583 4668 ἐπισκοποῦντας]
594 4606 638 4665 leg.
650 4610 709 4668 puto
719 4607 914 4663 ἐπισκώπτοντος.
928 4609 1039 4658 Socrates
1048 4609 1065 4658 1.
1076 4607 1092 4656 Ι.
1110 4625 1116 4655 ε
1129 4607 1158 4656 Ὁ
1170 4605 1211 4655 οὗν
1221 4605 1361 4665 ἐπίσκοπος,
1372 4611 1414 4655 τοῦ
1427 4605 1555 4668 Εύτραπίου
1565 4607 1612 4654 ὑπὸ
1621 4605 1649 4654 τδ
1657 4607 1821 4670 θνσεαατάριον

221 4681 343 4742 κειμένου,
353 4678 392 4726 καί
407 4677 579 4737 ἐκπεπληγύεος
590 4675 637 4724 θπδ
652 4680 695 4724 τοῦ
711 4675 796 4737 ρόδου,
806 4677 924 4733 καθεσθεὶς
936 4677 973 4725 ἐπὶ
990 4683 1031 4726 τοῦ
1041 4677 1150 4740 ἀμδωνσς
1159 4711 1166 4736 ,
1176 4677 1227 4724 ὅθεν
1238 4675 1318 4724 είωθεν
1334 4677 1374 4724 καὶ
1392 4676 1501 4739 πρότερον
1518 4676 1606 4738 ὁμιλεῖν
1625 4674 1693 4738 χάριν
1710 4681 1754 4724 τοῦ
1767 4679 1820 4733 ἐξα-

221 4750 345 4807 κούεσθαι,
356 4747 444 4808 λόγον
457 4746 520 4806 ὶλεγ
527 4762 573 4794 κτι
581 4747 632 4794 κὸν
644 4745 735 4801 ἐξέτεινε
743 4747 795 4794 κατ’
804 4746 876 4795 αὐτοῦ
895 4747 930 4808 ἐφ’
940 4747 960 4808 ᾧ
970 4749 1037 4797 πλέον
1049 4746 1123 4797 ἐδόκει
1134 4744 1287 4808 προσκρούειν
1295 4744 1371 4804 τισίν,
1385 4744 1421 4792 δτι
1434 4745 1473 4792 τὸν
1486 4739 1618 4806 ἀτυχοῦντα
1626 4744 1654 4793 ού
1664 4744 1735 4806 μόνον
1745 4745 1822 4807 ἠλέει,

221 4819 270 4868 ἀλλ’
279 4819 306 4867 ἐκ
315 4823 357 4867 τοῦ
368 4815 472 4866 ἐναντίω
484 4819 523 4864 καί
533 4816 643 4878 ἤλεγχεν.

254 4893 291 4938 Fr.
310 4893 361 4938 190.
380 4887 418 4935 Cf.
434 4883 617 4946 zosimusv,3
635 4897 688 4947 sqq.
702 4913 732 4925 -
745 4887 892 4947 Ῥουρῑνος
907 4883 997 4948 δὲῆν]
1017 4885 1051 4934 Ῥ.
1068 4900 1093 4932 τε
1109 4883 1174 4945 (non
1191 4899 1238 4939 τις,
1257 4884 1284 4932 ut
1297 4881 1333 4932 οδ.
1351 4881 1449 4943 cram.)
1463 4880 1557 4940 ἦνωιί.
1577 4908 1606 4922 -
1619 4880 1704 4946 [τότε]
1722 4884 1824 4947 Γαῑνάς]

221 4965 251 5010 v.
263 4960 315 5009 τότε
324 4958 355 5008 de
366 4971 421 5006 ιιιου
431 4955 522 5005 addidi.
534 4955 615 5005 codex
631 4976 636 5004 ι
648 4973 669 5005 τι
681 4955 777 5017 γαινὰςς
788 4956 812 5003 in
823 4954 910 5016 quibus
919 4969 973 5004 τοο.
985 4972 1007 5004 τι
1019 4961 1087 5005 οαιιο
1100 4955 1137 5003 οελ
1150 4953 1293 5002 narrationis
1308 4951 1431 5002 uberiori&
1450 4951 1543 5002 Etenim
1554 4963 1610 5014 ηοω
1623 4951 1674 5012 μοι
1685 4959 1824 5016 sequuntur

222 5031 341 5091 exscripta
352 5031 410 5077 οιιιιι
421 5040 451 5075 ex
464 5029 556 5075 socrat.
575 5027 604 5076 Β.
626 5026 691 5074 ΕοοΙ.
713 5028 745 5075 V!
754 5061 761 5085 ‚
776 5031 808 5086 υ,
823 5039 846 5087 ρ.
861 5031 906 5075 ³05
919 5039 955 5088 sq.
971 5027 1042 5087 (οοΙΙ,
1061 5029 1157 5076 sozom.
1172 5027 1243 5082 λἸΙΙ,
1262 5025 1307 5085 4),
1319 5022 1360 5072 ubi
1376 5023 1409 5073 λε
1427 5037 1433 5071 :
1455 5025 1555 5085 Πρᾶγρα
1566 5023 1591 5071 δὲ
1602 5023 1665 5080 ἄξιον
1678 5025 1770 5086 μνήμης
1782 5027 1821 5076 ἐτι

221 5101 292 5150 τῶνδε
304 5104 349 5148 τῶν
368 5097 456 5160 χρόνων
468 5097 590 5158 γενόμενον
608 5096 762 5156 διηγήσομαι,
774 5094 861 5149 δεικνὺς
878 5095 969 5153 ὃπωςὴ
987 5097 1014 5145 ἐκ
1025 5101 1066 5146 τοῦ
1079 5098 1131 5146 θεοῦ
1145 5096 1241 5159 πρόνοια
1255 5096 1295 5153 τήν
1308 5094 1375 5143 πόλιν
1389 5095 1428 5143 καὶ
1442 5094 1472 5142 τά
1483 5092 1607 5154 Ῥωμαίων
1618 5093 1645 5142 ἐκ
1655 5100 1698 5144 τοῦ
1710 5097 1823 5158 μεγίστου
