3930 5754
188 375 244 423 σόα
781 358 939 422 ίΟΑΝΝΙὸ
961 359 1193 423 ΑΝΤΙΟΕΗΕΝΙ

185 497 212 552 ἐν
224 485 261 558 οἷς
275 484 356 570 εἶπεν,
369 491 408 550 δτι
420 492 449 550 τὸ
461 491 603 569 ὑπέρτατον
619 491 771 571 φῶςπάντα
789 493 961 574 ἐδημιούργη-
1008 491 1040 550 εδ
1054 492 1202 569 καλούμενα
1214 491 1300 553 Πύθια
1312 495 1398 572 θερμδι
1410 491 1455 550 καλ
1469 491 1635 561 θυσιάσαντες
1645 495 1791 576 ἐπηρώτων

186 603 240 652 σεν,
251 581 315 660 ὅπερ
323 579 443 655 ὠνόμασε
460 579 653 651 Ιέαυλῆν,(ἐ»ῶς,
666 581 845 651 Ζωήν·ταῦτα
858 581 962 660 πατρία
1008 579 1051 636 τόν
1067 579 1217 639 Ἀπόλλωνα
1231 578 1297 645 τίνος
1315 579 1371 638 έστλ
1390 579 1420 636 τὸ
1433 578 1500 657 ἱερὸν
1519 577 1582 660 ὅπερ
1603 582 1676 640 αὐτοὶ
1690 584 1791 662 ᾠκοδό-

186 669 302 743 δνόματα
318 667 379 744 μίαν
402 666 510 743 δύναμιν
532 665 682 741 ἀπεφήνατο
696 666 740 726 καὶ
761 667 787 726 δν
803 669 895 745 κράτος
917 674 962 728 τοῦ
1010 689 1108 742 μησαν.
1128 667 1181 726 ίίαὶ
1203 666 1277 738 ἐδόθη
1302 667 1388 732 αὐτοῖς
1410 665 1528 746 χρησμός
1544 668 1673 747 περιέχων
1692 670 1791 736 οὕτως·

186 758 343 834 δημιουργοῦ
355 755 460 812 πάντων
473 758 542 814 θεοῦ.
812 831 814 836 ,
1013 783 1025 806 ι
1044 753 1136 824 Ἂδαῆς
1155 753 1219 832 κόρη
1238 752 1328 830 ἔγκυος
1342 752 1429 812 ἔσται·
1449 754 1529 834 δγδιρ
1551 753 1576 822 ἐξ
1592 759 1671 826 αὐτῆς
1692 758 1791 838 προῖὼν

1010 841 1113 899 δπαντα
1126 841 1223 916 κόσμον
1236 842 1371 920 ζωγρήσας
1380 841 1461 918 πατρί
1470 841 1592 920 προσέξει
1603 844 1696 923 δῶρον·
1709 848 1792 915 αὐτῆς

556 902 600 960 ¹4·
1012 928 1084 986 ἐσται
1099 928 1176 1004 δόμος
1197 919 1279 994 οὗτος.
1296 927 1387 1006 Μαρία
1402 927 1429 986 δέ
1443 927 1556 1004 τοῦνομα
1572 931 1661 1000 αιἰτῆς.
1679 958 1691 982 ι
1712 935 1749 991 οί
1765 933 1793 990 δέ

224 1019 346 1076 Suidas:
366 1016 507 1096 Ὀρφεύς.
529 1016 593 1075 Ὅτι
606 1015 649 1074 ἐπὶ
668 1018 718 1072 τῶν
737 1016 809 1095 παρδ
829 1015 964 1083 ’Ἰουδαίοις
1010 1015 1161 1092 νομίσαντες
1181 1015 1240 1095 περὶ
1263 1015 1341 1081 Ῥέας
1355 1019 1438 1073 ταῦτα
1458 1015 1595 1094 λελέχθαι,
1616 1017 1791 1092 ἐπωνόμασαν

187 1105 302 1183 Κριεῶν,
316 1104 505 1176 καταλυθείσης
525 1107 572 1174 τῆς
593 1102 725 1181 βασιλείας
738 1101 886 1174 Ἀθηναίων,
902 1103 965 1179 Ὀρ-
1011 1102 1088 1160 αύτδν
1101 1106 1147 1174 τῆς
1164 1101 1250 1170 Ῥέας.
1267 1101 1361 1169 Ὅστις
1374 1093 1442 1169 οἶκος
1458 1103 1500 1160 ἐπλ
1515 1103 1634 1173 Ζήνωνος
1647 1110 1694 1163 τοῦ
1712 1109 1791 1183 βασι-

187 1190 249 1273 φεδς
268 1191 431 1270 ἐγνωρίζεεο,
452 1191 530 1270 σοφὸς
545 1191 648 1270 ἀριστος
665 1191 800 1267 γενόμενος
821 1191 866 1248 καλ
880 1189 965 1248 πολλδι
1011 1189 1086 1265 λέως,
1097 1189 1223 1260 ἐκκλησία
1234 1189 1323 1266 γέγονε
1334 1193 1378 1258 τῆς
1388 1189 1523 1260 δεσποίνης
1532 1193 1607 1264 ήμῶν
1616 1190 1662 1247 καλ
1672 1191 1792 1250 θεοπόκου

187 1277 318 1358 μυστήρια
331 1278 468 1356 διδαχθείς.
485 1277 617 1356 Φέρονται
631 1277 681 1354 γθερ
696 1280 775 1335 αὐτοῦ
788 1277 834 1334 καί
846 1277 904 1356 περὶ
914 1283 965 1337 θεο·
1013 1277 1127 1356 Μαρίας.
1170 1276 1202 1353 (2)
1213 1275 1330 1336 Ἐκεῖθέν
1341 1298 1369 1333 τε
1381 1275 1550 1343 ἀναπλέοντες
1561 1275 1603 1334 διδ
1614 1281 1660 1347 τῆς
1672 1278 1792 1346 Βιθυνίας

187 1365 298 1440 γνωσίας
310 1363 396 1441 λόγοι,
409 1364 435 1431 ἐξ
448 1355 484 1422 ὧν
495 1364 544 1422 εἰσὶ
557 1367 651 1422 ταῦτα.
665 1349 730 1422 Hm
742 1361 793 1440 γδρ
805 1361 844 1420 δτι
855 1362 966 1442 ἐξαρχῆς
1012 1363 1163 1442 ὡρμημένοι
1184 1361 1232 1433 τῆν
1257 1361 1387 1433 Ποντικήν
1403 1363 1559 1441 διαπεράσαι
1578 1365 1721 1438 θάλασσαν,
1746 1366 1791 1423 καὶ

188 1452 323 1529 ἀνεδείχθη
338 1455 352 1508 ό
365 1449 441 1529 αἰθήρ
454 1449 504 1508 ύπδ
518 1454 563 1507 τοῦ
573 1453 631 1506 θεοῦ
646 1447 843 1526 δημιουργηθείς
853 1471 860 1486 ·
871 1451 916 1508 καὶ
929 1453 966 1508 ἐν·
1013 1451 1157 1530 φθάσαντες
1170 1451 1230 1529 περὶ
1243 1451 1286 1509 τόν
1301 1450 1459 1526 καλούμενον
1474 1451 1626 1524 Ἆνάπλουν,
1639 1452 1735 1528 ἐμαθον
1751 1453 1791 1511 δτι

187 1544 275 1597 τεῦθον
296 1538 413 1597 κάκεῖθεν
429 1543 474 1596 τοῦ
490 1535 589 1615 αίθέρας
604 1527 634 1608 ῆν
649 1534 725 1614 χάος,
739 1535 785 1593 καί
807 1534 850 1602 νύξ
867 1535 966 1616 φούιρδ
1012 1538 1041 1596 τό
1055 1537 1142 1596 στενδν
1162 1539 1244 1596 έκεῖνο
1260 1543 1306 1608 τῆς
1320 1537 1453 1608 θαλάσσης
1471 1537 1601 1618 βάρόαρός
1621 1561 1659 1604 τις
1678 1535 1792 1615 Ἄμυκος

187 1627 275 1684 πάντα
287 1633 392 1703 κατεῖχε
403 1623 447 1682 καὶ
457 1623 588 1682 ἐκάλυπτε
599 1623 632 1681 τδι
644 1623 693 1680 ύπδ
703 1621 746 1681 τθν
755 1623 859 1700 αίθέρα·
870 1624 964 1699 σημαί-
1012 1624 1117 1702 κατέχει
1130 1623 1174 1682 καί
1193 1624 1252 1691 τοῦς
1272 1623 1397 1691 πλέοντας
1414 1623 1533 1704 λῃστεύει
1547 1625 1592 1682 καὶ
1609 1626 1724 1706 φονεύει,
1746 1629 1791 1684 καί

188 1736 237 1771 νων
253 1711 299 1783 τήν
314 1711 393 1771 νύκτα
405 1711 579 1792 προτερεύειν·
595 1709 703 1790 εἰρηκὼς
714 1709 899 1782 ἀκατάληπτόν
909 1731 966 1767 τινα
1012 1711 1202 1792 καταφυγόντες
1216 1713 1242 1769 έν
1256 1712 1347 1790 κόλπῳ
1362 1712 1499 1790 δασυτάτῳ
1512 1712 1651 1770 ἐθεάσαντο
1664 1716 1690 1772 ἐν
1707 1715 1791 1771 ἀπτα-

188 1801 234 1859 καί
247 1800 351 1858 πάντων
360 1799 502 1878 ὑπέρτατον
514 1790 580 1856 εἶναι
593 1799 636 1856 καί
650 1797 849 1877 προγενέστερον
864 1797 908 1854 καί
921 1799 965 1868 δη·
1012 1797 1057 1877 σίρ
1070 1796 1128 1856 τινὰ
1147 1795 1258 1878 φσόιρδν
1272 1798 1399 1877 [ἀνδρὸς]
1415 1797 1500 1856 εἰκόνα
1516 1799 1591 1856 ἀετοῦ
1606 1799 1708 1876 ἔχοντος
1728 1801 1791 1858 πτέ-

190 1887 310 1964 μιουργθν
326 1885 458 1957 ἀπάντων,
470 1885 543 1962 τόνγε
557 1883 700 1964 ύπέρταταν
716 1883 815 1961 αἰθέρα.
852 1885 906 1942 Καὶ
921 1883 966 1954 τήν
1014 1883 1790 1962 ρυγαςκατδτῶνῶμων,προθεσπίζοντοςαύταίςτὴνκατδ

189 1977 238 2050 γῆν
256 1963 326 2032 εἶπεν
341 1973 460 2052 ἀόρατον.
502 1972 606 2051 Ἔφησι
621 1968 702 2028 δέδαε
716 1969 745 2027 τό
765 1973 817 2050 φῶς
832 1968 910 2047 ῥῆξαν
923 1970 966 2026 τόν
1014 1968 1125 2046 ’Λμύκου
1139 1970 1220 2041 νίκην.
1237 1971 1420 2046 Συμθαλόντες
1432 1977 1494 2049 γοῦν
1509 1974 1642 2050 ἀναιροῦσι
1656 1972 1699 2030 τόν
1712 1973 1790 2048 Ἀμυ-

190 2059 279 2138 αἰθέρα
298 2059 407 2141 ἐφώτισε
426 2058 472 2129 τήν
486 2063 534 2136 γῆν
551 2058 595 2116 καί
608 2067 696 2116 πδσαν
710 2055 757 2127 τήν
770 2056 868 2114 κτίσιν·
885 2059 967 2115 ἐκεῖνο
1013 2079 1066 2129 κον,
1076 2058 1121 2116 καί
1133 2058 1340 2138 ὑποστρέψαντες
1351 2059 1523 2136 ᾠκοδόμησαν
1535 2061 1561 2116 ἐν
1573 2059 1663 2140 ἐκείνῳ
1672 2063 1709 2139 τῷ
1719 2061 1791 2142 τόπερ

190 2141 271 2204 είπδιίι
281 2147 310 2205 τὸ
324 2151 392 2226 φῶς,
406 2145 435 2204 εδ
448 2145 590 2224 ύπέρταταν
602 2145 718 2218 πάντων,
732 2145 762 2201 τὸ
774 2143 926 2221 ἀπρόσιτον,
937 2141 967 2202 τθ
1012 2144 1090 2224 ἱερὸν,
1106 2148 1250 2225 γράψαντες
1269 2148 1295 2203 ἐν
1316 2146 1397 2204 είκόνέ
1412 2145 1476 2226 ὅπερ
1490 2137 1556 2205 είδον
1571 2147 1732 2224 έκτύπωμα,
1746 2149 1790 2205 καί

190 2233 276 2292 πάντα
291 2234 428 2314 περιέχον·
439 2233 503 2313 δπερ
523 2232 644 2306 ὠνόμασε
659 2231 770 2304 Βουλήν,
783 2232 862 2302 Φῶς,
878 2231 964 2304 Ζωήν.
1012 2232 1184 2308 ὀνομάσαντες
1197 2235 1241 2290 τόν
1255 2235 1334 2291 τόπον
1349 2233 1507 2293 Σωσθένιον·
1526 2233 1590 2308 ὅπερ
1608 2233 1676 2312 ίερθν
1691 2233 1791 2314 χρόνοις

190 2325 283 2380 Ἰάῦτα
294 2321 327 2379 τόι
340 2321 398 2400 τρία
410 2323 525 2394 ὀνόματα
539 2320 602 2395 μίαν
617 2318 725 2394 δύναμιν
739 2318 904 2396 ἀπεφήνατο,
923 2317 967 2374 καί
1015 2319 1121 2400 ὕστερον
1133 2324 1147 2378 δ
1158 2326 1203 2378 τοῦ
1215 2323 1356 2388 Βυζαντίου
1372 2321 1493 2398 βασιλεὺς
1506 2323 1701 2387 Κωνσταντῖνσς
1712 2325 1727 2379 δ
1739 2323 1791 2389 ρέ-

191 2407 217 2466 ἐν
232 2407 326 2486 κράτος
339 2413 384 2464 τοῦ
399 2408 554 2484 δημιουργοῦ
567 2407 672 2464 πάντων
687 2411 758 2478 θεοῦ,
772 2412 818 2464 τοῦ
836 2405 921 2462 πάντα
941 2407 970 2463 έκ
1013 2429 1061 2482 γας
1085 2409 1122 2472 εἰς
1144 2405 1225 2480 ὄνομα
1249 2413 1292 2464 τοῦ
1316 2406 1478 2488 ἀρχαγγέλου
1505 2406 1616 2486 Μιχαὴλ
1641 2408 1788 2484 ὠνόμασεν.

190 2501 235 2554 τοῦ
253 2494 290 2570 μῆ
304 2493 375 2559 όντος
388 2492 583 2572 παραγαγόντος
597 2495 632 2558 είς
645 2493 675 2550 τό
690 2483 769 2568 εἶναι,
786 2493 867 2570 δρατά
881 2515 910 2552 τε
924 2491 969 2549 καί
1016 2495 1046 2569 (ν)
1056 2491 1172 2552 Ἐκεῖθεν
1183 2496 1206 2550 οί
1216 2493 1276 2570 περί
1288 2493 1391 2552 ’ίάσονα
1402 2493 1443 2552 διά
1455 2497 1500 2563 τῆς
1515 2496 1644 2564 Ποντικῆς
1658 2496 1792 2566 θαλάσσης

192 2581 302 2658 ἀόρατα.
319 2580 386 2658 Περὶ
401 2581 427 2638 δέ
442 2586 487 2638 τοῦ
506 2579 592 2658 γένους
604 2582 655 2637 τῶν
672 2580 813 2658 ἀνθρώπων
827 2571 908 2652 εἶπεν,
930 2579 970 2638 ότι
1015 2583 1049 2646 είς
1065 2578 1184 2658 Κολχίδα
1194 2583 1399 2660 παραγενόμενοι
1412 2579 1504 2638 ἐλαύον
1516 2579 1563 2650 τήν
1576 2581 1693 2652 Μήδειαν
1706 2585 1750 2640 καί
1763 2586 1792 2641 τὸ

192 2668 237 2726 καὶ
248 2669 312 2726 αὐτὸ
325 2668 375 2725 ύπὸ
384 2675 429 2726 τοῦ
442 2669 598 2747 δημιουργοῦ
608 2667 712 2724 πάντων
723 2667 767 2725 καλ
775 2673 832 2726 θεοῦ
842 2668 969 2740 ἐπλάσθη,
1014 2671 1124 2745 χρυσοῦν
1143 2666 1281 2745 λεγόμενον
1295 2667 1387 2748 δέρας,
1401 2667 1466 2748 όπερ
1478 2661 1511 2740 ῆν
1524 2670 1572 2747 οὐχ
1582 2667 1671 2748 ὥσπερ
1684 2691 1791 2740 ποιητι-

192 2756 237 2813 καί
250 2754 337 2835 ψυχήν
352 2755 429 2812 έλαύε
444 2753 562 2832 λογικήν,
579 2754 754 2826 ἀκολουθήσας
770 2763 822 2821 τοῖς
837 2751 969 2821 Μωσέως·
1015 2757 1066 2820 κῶς
1080 2753 1202 2832 φέρεται,
1223 2753 1290 2814 ἀλλδι
1307 2755 1406 2834 βιύλίον
1427 2757 1454 2813 ἐν
1473 2755 1583 2834 δέρμασι
1599 2757 1790 2834 γεγραμμένον,

192 2843 237 2902 καὶ
251 2843 416 2921 ταλαίπωρον
430 2841 539 2920 εἰρηκὼς
552 2841 581 2900 τό
604 2841 674 2918 γένος
695 2845 747 2899 τῶν
771 2841 911 2920 ἀνθρώπων
926 2842 970 2899 καλ
1015 2841 1134 2919 περιέχον
1146 2843 1215 2908 ὅπως
1228 2843 1268 2899 δεῖ
1277 2839 1392 2920 γίνεσθαι
1402 2841 1445 2900 διδ
1454 2842 1567 2922 χημείας
1577 2842 1686 2921 χρυσόν.
1699 2845 1731 2919 (ε)
1744 2843 1790 2902 Ἐν

192 2932 296 2995 πολλοῖς
317 2931 483 3005 ὑποκείμενον
498 2929 592 2988 πάθεσι
613 2932 731 3009 ψυχικοῖς
749 2952 777 2987 τε
791 2929 836 2988 καλ
851 2952 975 3005 σωματι-,
1015 2923 1041 2983 δέ
1053 2931 1086 2999 τῆ
1103 2930 1217 3004 Φρυγῶν
1224 2927 1302 3008 ’χώρας
1320 2920 1352 3000 ήν
1367 2927 1425 2990 τότε
1440 2931 1517 3008 Τρὼς
1533 2927 1647 3007 δπαιήρ
1657 2927 1732 2988 Ἴλου
1746 2930 1792 2988 καί

193 3023 261 3088 κοῖς,
283 3015 399 3074 δεκτικόν
412 3038 440 3074 τε
455 3016 616 3092 ἀγαθῶνκαὶ
637 3019 756 3096 πονηρῶν
773 3015 866 3095 ἔργων,
879 3018 923 3074 καλ
937 3015 970 3074 ιδ
1016 3012 1190 3088 Γανυμήδους.

193 3104 256 3182 πρὸς
273 3103 302 3161 τό
316 3107 360 3174 ζῆν
376 3101 470 3169 ἀθλίως
484 3103 654 3180 διακείμενον.
1054 3121 1077 3158 ε.
1101 3099 1236 3177 Ἐγένοντο
1257 3099 1364 3160 δέκατδ
1387 3099 1445 3167 τοῦς
1459 3101 1552 3168 αὐτούς
1568 3101 1676 3180 χρόνους
1700 3103 1793 3182 Κριταλ

1015 3187 1066 3243 τῶν
1077 3185 1208 3245 Ἰουδαίων
1219 3185 1385 3267 Χουσαρθὼμ
1395 3187 1501 3266 χρόνους
1509 3189 1540 3260 ζ’,
1548 3187 1678 3258 Γοθονοῆλ
1687 3191 1794 3268 χρόνους

561 3245 605 3302 ¹5·
1016 3271 1037 3329 ν’
1056 3272 1161 3350 (1.μ’),
1178 3271 1286 3346 Γεδεὼν,
1307 3274 1419 3355 Ἰεφθάε,
1436 3274 1463 3342 ὃς
1485 3275 1625 3352 ταξάμενος
1639 3277 1669 3334 τὸ
1690 3279 1792 3354 πρῶτον

231 3363 330 3418 Codex
348 3364 419 3419 1630
442 3361 510 3420 ιἘν
529 3361 580 3426 τοῖς
597 3362 682 3425 αὐτοῖς
696 3359 824 3439 χρόνοιςδ
843 3360 972 3438 Μαρσύας
1016 3361 1167 3430 ύπαντῆσαν
1189 3363 1260 3440 αὐτῷ
1275 3365 1302 3418 ἐν
1316 3364 1353 3439 τῷ
1374 3359 1436 3441 οίκῳ
1451 3364 1529 3420 αὐτοῦ
1547 3362 1695 3432 κάταθύειν,
1710 3363 1795 3420 ἀνεῖλε

195 3449 294 3524 ἐγένετο
306 3447 430 3522 αὐλητής,
444 3447 488 3504 καί
500 3446 534 3504 τὰ
543 3447 611 3505 κατδ
621 3447 664 3506 τὸν
674 3447 779 3507 Ἰάσονα
791 3447 837 3506 καί
848 3445 905 3514 τοθς
915 3447 971 3526 ’Ap-
1017 3446 1062 3516 τήν
1077 3446 1204 3526 θυγατέρα
1217 3450 1311 3518 αὐτοῦ,
1334 3445 1463 3527 Σαμψὼν,
1476 3457 1536 3514 παῖς
1558 3448 1671 3518 Μανωέ,
1690 3449 1717 3516 δς
1742 3449 1795 3508 θπθ

195 3536 320 3611 γοναύτας
335 3535 467 3613 ἐπράχθη,
485 3533 509 3591 οί
528 3535 747 3612 προσαρμόσαντες
760 3537 787 3592 έν
811 3537 914 3615 Κυζικῷ
928 3534 973 3593 καί
1016 3533 1130 3600 Δαλίλας
1144 3535 1282 3606 ύπεκλάπη
1299 3533 1343 3591 τὸν
1354 3541 1426 3610 νοῦν,
1441 3535 1486 3594 καί
1499 3539 1545 3608 τῆς
1559 3537 1726 3614 σωφροσύνης
1739 3536 1796 3611 δμα

197 3619 262 3696 μετδι
285 3621 315 3678 τὸ
342 3619 479 3690 ξενωθῆναι
502 3620 570 3679 κατά
596 3620 701 3698 ἄγνοιαν
727 3620 902 3696 σνμύαλύντες
928 3621 972 3679 καί
1018 3621 1063 3678 καί
1080 3625 1126 3692 τῆς
1148 3623 1235 3700 ἰσχύος
1255 3622 1382 3691 ἐξέπεσεν·
1395 3623 1439 3680 καί
1454 3623 1530 3694 ἐδόθη
1545 3623 1650 3694 ἀλήθειν
1663 3625 1690 3681 ἐν
1702 3624 1793 3702 μύλῳ,

196 3708 326 3773 ἀνελόντες
341 3707 449 3775 Ιίυζικθν
462 3707 505 3764 τὸν
522 3707 647 3784 βασιλέα,
658 3707 703 3765 καὶ
715 3709 895 3779 πενθήσαντες,
906 3709 973 3768 έκτι·
1018 3709 1120 3784 δέσμιος
1132 3711 1166 3776 είς
1179 3710 1266 3778 Γάζαν
1279 3711 1374 3789 ἀχθείς.

196 3819 244 3852 σαν
262 3798 328 3873 ἱερὸν
345 3799 380 3861 είς
397 3794 503 3871 μνήμην
515 3797 607 3866 αὐτοῦ,
627 3794 722 3853 ἐκεῖθέν
734 3819 761 3853 τε
773 3796 926 3864 ἀπελθόντες
938 3799 974 3864 είς
1075 3851 1079 3858 .

226 3966 265 4011 Fr.
282 3967 317 4011 ιό.
331 3963 369 4011 cs.
387 3963 488 4023 ΜιιΙεΙειεΙ
496 3975 519 4023 ρ.
537 3967 565 4010 71
578 3962 794 4024 ειρ.,(1εδτειιιιορ.
808 3968 861 4012 147.

233 4035 272 4080 Fr.
289 4038 326 4081 15.
343 4029 498 4094 Μαρσύας]
515 4031 670 4080 probabiliter
680 4045 709 4079 ex
728 4034 813 4080 Nostro
833 4033 969 4094 fluxerunt,
981 4045 1037 4094 (γοα
1055 4047 1093 4096 ερ.
1108 4033 1207 4084 suidam
1227 4046 1252 4081 τ.
1269 4033 1380 4096 Μαρσύας
1394 4033 1505 4093 leguntur
1519 4051 1524 4080 ι
1537 4032 1576 4082 Ἐν
1589 4037 1637 4088 τοῖς
1649 4033 1739 4095 χρόνοις
1751 4039 1797 4081 τῶν

198 4101 317 4150 Ἰουδαίων
332 4104 421 4162 Κριτῶν
438 4102 478 4148 καὶ
492 4101 601 4164 Μαρσύας
619 4102 708 4162 ἐγένετο
719 4103 802 4161 σοφός,
817 4102 879 4157 ὅστις
891 4104 968 4165 ἐφεῦρε
981 4103 1018 4151 διὰ
1031 4109 1142 4165 μουσικῆς
1156 4105 1238 4156 αύλοὺτ
1258 4105 1304 4152 ἀπό
1324 4105 1435 4164 καλαμῶν
1448 4106 1489 4152 καί
1507 4105 1613 4166 χαλκοῦ·
1630 4103 1654 4156 ὃς
1677 4119 1795 4166 παραρρο·

201 4175 272 4231 νήσας
284 4173 372 4234 ἔρριψεν
388 4175 419 4227 είς
430 4173 536 4233 ποταμόν
549 4172 629 4220 έαυτδν
639 4207 646 4230 ,
656 4173 695 4218 καὶ
708 4172 826 4219 ἀπώλετο·
840 4175 880 4220 καί
891 4173 1016 4234 ὠνομάσθη
1026 4174 1039 4221 δ
1048 4175 1151 4234 ποταμός
1160 4172 1285 4235 Μαρσύας·
1295 4173 1346 4234 περὶ
1357 4171 1384 4220 οδ
1397 4173 1466 4234 μῦθος
1478 4172 1582 4234 φέρεται,
1595 4171 1629 4218 δτι
1640 4172 1723 4220 ἑαυτὸν
1735 4172 1795 4220 ἀπο*

200 4244 290 4296 θεώσας
302 4243 418 4290 ἀπώλετο.
430 4241 497 4289 Κατὰ
507 4241 530 4289 δέ
538 4242 592 4296 τοὺς
602 4241 684 4295 αὐτοὺς
696 4241 790 4303 χρόνους
804 4241 894 4301 ἐγένετο
905 4244 944 4290 καὶ
955 4243 985 4291 τδι
995 4241 1055 4290 κατὰ
1066 4243 1105 4291 τόν
1122 4243 1214 4291 Ἰάσονα
1226 4243 1266 4290 καὶ
1277 4242 1330 4297 τοὺς
1339 4241 1500 4304 Ἀργοναύτας,
1514 4245 1545 4298 ὡς
1557 4242 1706 4295 Ἀπολλώνιος
1717 4243 1731 4289 θ
1744 4241 1796 4290 Ῥό-

199 4313 246 4366 διός
258 4327 324 4372 φησι.
337 4312 436 4370 Λέγεται
448 4311 472 4358 δὲ
484 4312 553 4372 μῦθος
564 4311 596 4370 (Ι.
606 4311 666 4370 λέγει
676 4311 700 4358 δέ
712 4313 725 4358 δ
736 4311 788 4371 μῦθ.
798 4311 821 4371 ),
832 4311 867 4359 δτι
880 4313 972 4374 ἐίεδοίρη
982 4312 1027 4359 ύπδ
1040 4312 1187 4367 Ἀπόλλωνος,
1199 4312 1306 4366 Eundem
1318 4313 1342 4360 iu
1354 4311 1453 4360 modum
1464 4311 1509 4361 snb.
1521 4313 1619 4359 ειεεσειιί
1631 4311 1716 4359 ΜεΙαΙι
1731 4323 1755 4372 ρ.
1765 4315 1794 4360 76

201 4383 226 4430 et
238 4379 361 4428 cedrenus
379 4391 402 4438 ρ.
415 4381 469 4426 όόό.
481 4407 513 4420 -
525 4379 614 4436 ἀδαὴς
626 4379 698 4442 κόρη
712 4378 780 4442 κτλ]
795 4381 892 4430 Plenius
904 4381 949 4428 Ιιοε
962 4381 1085 4430 οιαευΙιειιι
1102 4382 1192 4444 praebet
1204 4383 1283 4433 ΜεΙεΙ.
1298 4396 1322 4443 ρ.
1338 4387 1377 4432 77.
1395 4381 1495 4431 cedron.
1515 4396 1538 4443 ρ.
1554 4387 1599 4430 209
1615 4395 1651 4442 sq.
1670 4407 1702 4417 —
1716 4383 1797 4436 ὅστις

199 4454 308 4506 οἶκος...
321 4451 464 4507 ἐκκλησία
482 4449 594 4512 γέγονε]
614 4451 677 4506 ὅστις
697 4453 733 4501 ἐπὶ
752 4454 856 4509 Ζήνωνος
867 4457 908 4502 τοῦ
929 4453 1071 4516 βίασιλέως]
1087 4453 1149 4507 οἶκος
1165 4453 1258 4514 γέγονε,
1276 4451 1361 4500 codex,
1377 4452 1468 4500 Μιιίανί
1484 4465 1515 4499 ex
1529 4451 1621 4500 ΜαΙεΙε.
1642 4449 1700 4510 -§
1726 4457 1748 4499 ό.
1764 4454 1798 4499 De

202 4522 238 4570 Ιιίε
249 4519 281 4569 ita
300 4522 358 4568 Exc.
371 4519 446 4568 Sulm.
460 4533 483 4580 p.
499 4524 558 4579 39⁰,
574 4527 587 4568 λ
602 4539 607 4550 ·
621 4523 651 4568 Οἱ
661 4521 809 4582 Ἀργοναῦται
829 4523 867 4570 διὰ
884 4524 924 4572 τόν
942 4524 1040 4586 Ἀμύκοιι
1055 4525 1124 4578 ούόον
1143 4523 1166 4571 ἐν
1185 4523 1250 4572 δόσει
1267 4523 1379 4587 [κόλπῳ]
1399 4523 1581 4582 καταφυγόντες,
1598 4520 1659 4569 σίδαν
1680 4522 1795 4570 ὀπτασίαν

201 4595 313 4655 ἄγγελον,
328 4593 352 4647 ὃς
369 4597 476 4654 προεῖπεν
488 4592 564 4647 αὐτοῖς
575 4592 656 4650 νίκην·
669 4597 708 4642 καί
720 4595 842 4651 ἐξελθόντες
860 4597 899 4644 καὶ
913 4598 1045 4654 νικήσαντες
1057 4593 1156 4655 Ἄμυκον
1177 4593 1332 4654 ᾠκοδόμησαν
1343 4597 1378 4651 τῷ
1395 4593 1485 4654 φανέντι
1497 4591 1570 4652 ίερδν,
1586 4589 1743 4650 ὀνομάσαντες
1757 4592 1795 4638 τὸν

201 4663 272 4711 τόπον
289 4660 420 4716 Λαασδένην
434 4661 575 4720 (Σωσθένιον
596 4662 620 4708 in
639 4661 694 4712 ιοδ,
713 4671 769 4712 ισεο
788 4667 812 4711 et
832 4663 939 4720 cedteno
952 4679 975 4728 ρ.
991 4673 1048 4722 ειο,
1065 4671 1101 4712 15.
1120 4664 1217 4712 Μαλοίτα
1229 4677 1252 4724 ρ.
1272 4668 1319 4722 78,
1334 4668 1361 4712 19
1380 4664 1412 4710 ita
1431 4677 1437 4710 ι
1455 4663 1591 4715 καλέσαντες
1610 4661 1650 4709 τόν
1666 4663 1738 4709 α’πδν
1757 4662 1798 4709 τό·

202 4733 310 4790 πονὴτδ
327 4731 388 4791 ἱερὸν
399 4731 456 4778 αὐτὸ
469 4731 605 4789 Σωσθένην,
619 4731 676 4779 διότι
689 4733 737 4780 ἐκεῖ
748 4733 854 4794 φυγόντες
866 4735 996 4790 ἐσώθησαν.
1014 4735 1125 4784 Attamen
1145 4733 1320 4782 ιεοεέλσιιίιειιι
1332 4744 1416 4780 verum
1431 4743 1482 4780 εσσε
1500 4731 1545 4779 loci
1563 4741 1649 4778 nomen
1665 4733 1750 4778 assem
1770 4734 1794 4779 Ρ.
1839 4743 1845 4749 “
1935 4759 1936 4766 1

202 4804 295 4864 ῦγΙΙίυε
310 4805 343 4849 [ιε
358 4803 426 4862 Βοερ.
441 4802 527 4849 Thrac.
548 4805 582 4860 11,
597 4815 618 4848 c.
636 4805 662 4850 ιό
674 4807 698 4850 εί
713 4807 762 4864 ιο).
778 4805 888 4854 ΡΙιιιιῚιιιε
903 4806 954 4854 Ιιεεε
972 4808 1095 4867 ειροουιιι
1112 4802 1234 4852 cedrenus
1245 4807 1269 4850 εῑ
1283 4802 1380 4854 ΜεΙαΙεε
1391 4803 1407 4851 Ι.
1422 4803 1482 4850 1.-
1499 4800 1514 4863 ς
1535 4805 1557 4850 3.
1572 4799 1631 4848 End.
1645 4802 1707 4849 Εκσ.
1724 4800 1797 4848 sulm.

203 4889 226 4936 ρ.
241 4881 299 4928 ³90,
314 4880 328 4922 ό
346 4891 351 4921 :
367 4873 400 4920 Τό
412 4873 608 4933 μυθολογούμενον
627 4880 726 4936 χρυσοῦν
747 4875 812 4937 δέρας
831 4876 918 4936 βιόλίον
930 4875 958 4934 ῆν
970 4877 993 4924 ἐν
1004 4877 1097 4939 δέρματι
1108 4873 1279 4935 γεγραμμένον,
1297 4873 1404 4934 περιέχον
1415 4872 1478 4927 όπως
1497 4871 1532 4918 δεῖ
1546 4870 1584 4918 διὰ
1595 4869 1695 4931 χημείας
1712 4873 1799 4930 χρυσόν

203 4943 344 5004 ἐργάζεσθαι.
359 4945 420 4990 cum
434 4941 517 4988 σοδίσε
539 4947 597 4989 ιόδο
610 4942 638 4989 εδ
654 4943 753 4992 νειόιιιιιι
766 4943 870 4992 concinit
885 4945 970 4994 suidas
993 4958 1016 4991 ε.
1031 4945 1111 5006 Δέρας.
1126 4943 1191 4991 ldem
1204 4945 1257 5004 ρωε
1279 4955 1303 4989 ν.
1321 4941 1360 4990 διὰ
1376 4942 1475 5004 χημείας
1490 4939 1577 5002 χρυσόν
1587 4939 1654 4988 addit
1671 4957 1678 4987 :
1698 4940 1799 4992 Εἰκότως

203 5011 245 5062 σόν
257 5015 278 5059 οί
289 5011 341 5058 τότε
353 5016 452 5071 χρυσοῦν
463 5009 582 5072 ὠνόμαζον
596 5012 652 5059 αὐτὸ
664 5013 728 5075 δέρας
744 5014 781 5062 διὰ
792 5015 833 5070 τῆν
845 5014 957 5076 ἐνέργειαν
970 5016 1011 5072 τήν
1021 5015 1043 5070 ἐξ
1054 5013 1135 5061 αὐτοῦ.
1145 5015 1250 5060 όοαιιιιοε
1260 5023 1302 5059 sua
1311 5010 1438 5070 sumpserit
1451 5022 1465 5057 e
1477 5009 1583 5058 Charace
1593 5007 1638 5066 (δι’.
1655 5010 1680 5055 ιίι
1690 5014 1714 5066 ρ,
1726 5021 1798 5068 quem

205 5083 235 5128 δε
245 5081 290 5128 alia
300 5093 325 5126 τε,
334 5079 431 5127 Muluius
442 5079 524 5128 Ιαιιόαι
532 5093 556 5140 ρ.
567 5086 592 5128 81
603 5114 607 5124 .
622 5083 734 5130 cetemm
744 5095 798 5143 (μιαε
809 5082 881 5131 modo
890 5082 989 5145 legimus
998 5085 1028 5132 de
1039 5082 1100 5132 libro
1107 5081 1152 5131 isto
1163 5081 1286 5139 εΙιειιιίσο,
1296 5092 1374 5142 neque
1386 5079 1482 5128 ΜειΙείαε
1493 5091 1570 5139 neque
1579 5075 1702 5126 cedrenus
1717 5077 1797 5126 Ιιοθιι.

204 5167 235 5177 -
246 5143 290 5204 §5.
301 5146 414 5195 Judicum
427 5149 510 5197 seriem
521 5163 629 5199 ιιιοιισεια
640 5164 689 5200 esse
702 5164 775 5213 ρηιργ,
