3842 5726
190 338 226 390 44
798 327 954 391 EUNAPll
976 333 1152 398 stttDtaNt

189 461 226 516 nb
243 479 289 520 an.
311 458 365 525 384
382 461 486 534 templa
499 459 662 515 Graecorum
676 456 767 529 patria
782 455 875 509 diruta
896 457 960 509 sint.
1368 473 1415 532 53·

189 548 318 620 Denique
328 547 364 602 ad
376 549 430 602 boc
442 549 526 602 velim
539 544 677 611 attendes,
690 544 862 615 Eunapium‚
875 561 961 614 quum

188 637 286 708 saepius
298 638 327 689 in
338 637 407 690 Vitis
418 635 454 688 ad
468 634 607 688 Historias
620 649 682 686 suas
695 631 830 684 lectorem
842 630 962 702 ableget,
1048 613 1127 670 ldfm
1138 631 1145 672 :
1158 615 1227 691 Μυρ
1237 613 1390 684 illimis
1403 611 1552 679 δπθλλᾶκῑς
1561 612 1655 680 {lilim
1673 615 1782 696 στρεφό-

189 721 262 776 adeo
276 731 307 775 ut
318 740 363 776 eas
371 721 432 792 jam
444 723 473 774 in
484 720 632 792 publicum
645 717 734 772 editas
746 735 803 772 esse
816 728 961 770 consenta-
1008 721 1093 774 wilt·
1116 701 1261 766 Eirene·
1274 727 1287 753 ⁸
1300 699 1333 760 Ὁ
1349 699 1428 778 βαρὺς
1447 699 1491 756 καλ
1509 699 1670 778 μυρῑὲλῑκῖῠς
1687 703 1784 766 ἐκεῖνος

189 827 273 864 neum
285 810 320 862 sit
336 825 343 865 :
362 807 417 861 lroc
440 807 523 874 loco,
537 805 586 858 ubi
601 803 637 857 de
652 803 774 858 Alariclri
791 803 963 874 temporibus
1008 785 1079 865 ὄφις,
1097 786 1212 865 καθάπερ
1222 787 1272 844 ὑπὸ
1282 791 1328 857 τῆς
1341 786 1457 857 Μηδείας
1470 785 1713 866 ὓπθψῑθνρῖζύμενοε
1735 789 1783 846 καὶ

188 914 280 950 sermo
295 905 349 962 est,
364 897 404 948 itu
422 895 518 966 loqui,
541 903 573 946 ut
592 909 690 945 eorum
713 892 879 944 memoriam
903 899 962 943 tum
1007 874 1054 944 eti
1069 873 1155 952 ψυχὴν
1165 872 1343 953 κεκαρωμένος
1352 873 1500 952 παρέδωκεν
1511 872 1599 932 αὓτόν.
1618 900 1631 924 ν

187 983 315 1038 nondum
326 983 361 1036 ab
372 993 487 1037 auctore
496 991 593 1034 nostro
604 979 795 1052 consignatam
806 995 862 1033 esse
876 995 964 1052 oppa·
1047 963 1126 1018 ldeffl
1141 982 1147 1020 :
1161 960 1352 1041 Καρωθεὶς..
1366 961 1412 1019 καὶ
1423 983 1478 1018 κεκ
1487 959 1662 1040 αρωμένος.
1681 989 1693 1012 ι
1710 960 1743 1020 Ὁ
1754 962 1782 1020 δὲ

188 1079 259 1124 τωρ,
1007 1046 1054 1118 τὴν
1074 1048 1183 1128 καρδίαν
1197 1057 1253 1115 ταῖς
1263 1050 1349 1123 τιμαῖς
1363 1049 1414 1119 ἤδη
1435 1046 1614 1126 κεκαρωμένος
1632 1048 1784 1128 παρέδωκεν

549 1169 587 1226 66
1008 1133 1097 1194 ἑαυτὸν
1108 1139 1142 1202 εἰς
1151 1135 1197 1206 τὴν
1208 1137 1276 1198 ὁδόν.
1291 1163 1303 1186 ι

592 1213 598 1226 '
853 1215 856 1222 ’
886 1286 889 1296 Ι
1052 1225 1169 1280 «Credo
1182 1226 1228 1280 liic
1245 1227 1290 1298 egi
1306 1225 1341 1280 de
1354 1225 1491 1298 Eutropio
1504 1226 1552 1297 qui
1565 1224 1600 1280 sr.
1610 1224 1648 1297 69
1659 1227 1784 1298 serpenti

227 1312 327 1368 Suidas
342 1329 349 1370 :
365 1307 557 1386 Εύτρόπιος
570 1310 583 1365 ό
597 1309 731 1386 εὐνοῦχος,
744 1307 881 1386 ἐπίτροπος
895 1310 963 1368 Θεο·
1008 1313 1197 1386 comparatur.
1212 1313 1267 1367 Sed
1286 1323 1314 1366 et
1325 1312 1430 1386 poterit
1447 1312 1493 1366 hic
1511 1311 1613 1383 aliquis
1630 1331 1784 1384 agnoscere

188 1398 277 1456 δοσίου
291 1401 335 1454 τοῦ
358 1395 495 1476 βασιλέως.
519 1395 665 1474 Κούρησιν
680 1393 825 1462 Εὐνύπιος·
841 1423 852 1448 ιι
869 1395 902 1455 '0
915 1395 963 1472 μὲν
1007 1397 1152 1466 Rufinum,
1176 1401 1224 1470 (pri
1239 1400 1388 1471 imperium
1404 1398 1538 1452 assectans
1554 1417 1586 1452 nc
1596 1417 1646 1472 spe
1659 1399 1784 1454 tumidus

186 1483 239 1564 γὰρ
254 1485 404 1564 Ῥουμῖνα,
419 1483 484 1561 σἰνήρ
499 1505 526 1541 τε
541 1479 607 1552 dvii
626 1483 717 1554 δοκῶν,
729 1481 775 1540 καὶ
791 1485 818 1540 ἐν
833 1480 962 1558 ἀξιώμασι
1008 1486 1120 1540 obviam
1133 1488 1270 1561 processit
1289 1487 1455 1541 Stelicbonis
1475 1486 1625 1554 militibus,
1646 1504 1662 1540 a
1680 1486 1784 1558 quibus

186 1571 315 1652 γεγονὼς,
338 1569 383 1628 καλ
406 1570 535 1635 ποικίλαις
558 1570 688 1646 ὁμιλήσας
707 1568 813 1648 τύχαις,
837 1570 867 1629 σιί
889 1570 963 1648 παρὰ
1008 1574 1214 1628 circumventus
1224 1573 1275 1627 fuit
1289 1584 1317 1628 et
1331 1575 1440 1628 occisus
1463 1572 1632 1628 Claudianus
1641 1575 1675 1627 ln
1684 1571 1781 1628 Rufin.

187 1658 275 1736 λόγον,
291 1656 407 1716 οὐδὲτοῦ
424 1655 566 1737 πρέποντος
580 1658 652 1722 ἐκτός
675 1657 757 1715 ἐδόκει
777 1656 960 1724 κατεξανίστα-
1008 1662 1052 1731 11,
1070 1659 1125 1726 343
1142 1680 1148 1714 ι

187 1751 247 1804 σθαι
258 1749 304 1816 τῆς
313 1747 510 1822 νεωτεριζούσης
523 1743 625 1802 ἅπαντα
636 1743 724 1821 τύχης·
737 1749 750 1803 ό
763 1744 790 1802 δὲ
799 1744 959 1821 θαλαμηπό-

185 1837 229 1900 λος
240 1835 371 1911 εὐνοῒιχος,
385 1831 547 1911 παραλαὸὼν
558 1831 587 1888 τὸ
600 1831 697 1890 ἱκεόνου
709 1831 811 1912 κράτος,
825 1834 849 1899 ἐς
859 1833 961 1891 τοσόνδε

190 1919 339 1978 κατέσεισεν
358 1919 461 1978 ἅπαντα
474 1919 517 1976 καὶ
530 1918 743 1996 κατεόρόντησιν,
760 1917 827 1976 ὥστε
841 1922 870 1977 οὗ
885 1919 961 1995 μόνον

187 2006 320 2084 Ῥουρῑνος
342 1997 373 2076 ἦν
397 2003 485 2076 αὐτὸς,
510 2007 568 2062 ἀλλ’
591 2009 604 2063 ό
628 2010 672 2064 τοῦ
696 2005 776 2082 μύθου
802 2003 962 2080 Σαλμωνεὺς

188 2094 280 2174 μιαρόν
296 2115 321 2150 τι
332 2097 424 2172 χρῆμα
440 2093 503 2168 πρὸς
516 2091 592 2150 αὐτὸν
613 2083 656 2163 ἦν.
669 2089 722 2158 ‘Or
733 2115 763 2163 γε
775 2091 810 2149 ὢν
825 2095 960 2170 εὐνοῦχος,

187 2182 253 2261 ἀνὴρ
274 2171 338 2238 εἶναι
359 2179 536 2248 κατεόιᾶζετο.
559 2179 613 2240 Καὶ
628 2183 651 2238 οἱ
673 2179 720 2255 μὲν
742 2181 818 2255 μῦθοί
832 2202 895 2258 φασι
914 2180 961 2252 τὴν

188 2269 304 2348 Γοργόνα
326 2270 449 2346 φανεῖσαν
472 2267 529 2344 ἅμα
544 2291 572 2325 τε
585 2267 720 2346 φαίνεσθαι
738 2266 850 2332 καὶτοὺς
864 2267 962 2334 ἰδόντας

187 2353 360 2432 μεταόόλλειν
375 2358 409 2421 εἷς
423 2355 531 2412 litori
545 2355 572 2412 δὲ
587 2357 644 2412 καθ’
658 2358 728 2430 ἡμᾶς
744 2353 795 2431 βίος
808 2355 886 2434 λῆρόν
905 2378 962 2412 τινα
1370 2367 1418 2440 69,

187 2434 309 2512 περιττὸν
319 2434 363 2492 καὶ
376 2433 508 2512 ρλήναρον
518 2433 561 2490 τὸν
581 2438 660 2508 μῦθον
670 2433 795 2500 ἀπέδειξε.
812 2461 824 2484 »
844 2433 896 2492 tint
911 2455 962 2490 πο-

186 2521 233 2580 λὺν
243 2519 368 2600 καταχέει
381 2519 546 2599 διασυρμὸνό
560 2519 688 2599 ἱστορικὸς
702 2516 804 2579 τουτουὶ
815 2525 859 2578 τοῦ
875 2520 962 2578 edred·
1045 2506 1125 2562 Idem
1141 2525 1147 2560 ²
1165 2507 1209 2565 ΠΕ
1218 2527 1270 2583 ΡΝ
1276 2502 1462 2580 'mimir
1472 2502 1657 2584 περῑπλακῑῖςι
1668 2507 1783 2584 mituli*

187 2631 252 2688 κου,
267 2613 311 2666 ,οἵ
324 2609 380 2686 βίον
392 2609 470 2666 αὐτοῦ
483 2607 595 2675 mittor..
1006 2591 1086 2671 χθείς.
1099 2617 1110 2642 s
1124 2589 1159 2651 Ὁ
1170 2590 1197 2650 δὲ
1211 2594 1329 2669 εὐνοῦχος
1342 2589 1494 2668 κατεκρότει
1507 2595 1559 2649 τῶν
1575 2591 1722 2668 βασιλείων,
1737 2599 1784 2651 καὶ

1006 2680 1276 2758 περισπειρασόμενος
1299 2677 1345 2744 τὰς
1368 2679 1448 2746 stlte
1471 2679 1637 2760 συνέσριγγεν
1659 2679 1780 2750 ἅπαντα,

550 2740 597 2810 ⁶7·
1006 2767 1126 2845 καθάπερ
1142 2790 1180 2832 τις
1192 2761 1305 2843 γενναῖος
1318 2766 1391 2845 όρις,
1405 2766 1561 2824 καθελίττοιν
1575 2769 1611 2830 εἰς
1627 2765 1674 2838 τὴν
1689 2770 1783 2827 ἑαυτοῦ

230 2871 326 2948 [Idem
337 2890 366 2929 v.
381 2867 526 2929 Χανδόν·
538 2895 550 2923 ι
561 2869 595 2930 Ὁ
611 2869 636 2928 δὲ
650 2869 793 2949 Εὐτρόπιος
807 2873 898 2949 καιροῦ
914 2869 962 2927 καὶ
1006 2854 1107 2936 χρείαν·
1125 2880 1138 2908 ’
1156 2855 1223 2934 ssepi
1237 2853 1384 2934 Εὗῖρθπῖου
1396 2852 1476 2932 bil‘iss-

187 2958 270 3035 τύχης
280 2957 398 3034 ἀμέτρως
409 2957 492 3014 τεκαὶ
502 2957 597 3035 χανδὸν
608 2959 758 3036 ἀρυόμενος,
771 2957 816 3014 καὶ
828 2979 963 3036 κατεμρο-

188 3045 310 3124 ρούμενος
320 3041 365 3100 καλ
383 3045 618 3122 πολυπραγμονῶν,
631 3043 698 3103 ὥστε
714 3047 759 3102 οὐκ
777 3044 852 3102 ἔλαθε
874 3043 962 3122 πατὴρ

186 3134 268 3190 παῖδα
284 3134 380 3206 μισῶν,
395 3130 413 3201 ἢ
433 3129 498 3210 ἀνὴρ
512 3133 637 3209 γυναῖκα,
652 3131 668 3202 ἢ
683 3132 770 3209 μήτηρ
782 3131 887 3190 τέκνον·
904 3134 962 3190 ἀλλ’
1047 3133 1127 3188 ldcm
1143 3131 1336 3204 εΤιμιὶσιος.
1348 3122 1431 3195 Οὗτος
1444 3129 1488 3188 ἐπὶ
1499 3132 1639 3192 θεοδοσίου
1649 3137 1693 3189 τοῦ
1709 3135 1784 3209 βασι·

186 3217 359 3290 ἐξηκοντόζετο
370 3217 487 3284 ἅπαντας
496 3219 560 3298 πρὸς
568 3218 615 3290 τὴν
626 3219 722 3278 ἐκείνου
736 3219 852 3296 γνώμην.
867 3219 902 3297 ν]
1007 3217 1070 3284 λε’ως
1084 3208 1129 3288 ἦν·
1141 3217 1168 3276 ὃν
1180 3223 1193 3276 ό
1205 3217 1346 3294 Εὖτρόπιος
1358 3219 1497 3287 ἐπιστῆσαι
1506 3218 1558 3282 τοῖς
1571 3217 1709 3296 πράγμασι
1721 3223 1782 3296 βου-

226 3309 355 3381 Eunnpio
375 3309 470 3362 locum
485 3311 637 3366 vindicavit
648 3311 747 3365 Maius.
766 3313 801 3365 In
813 3311 964 3384 postremis
1007 3305 1126 3381 λόμενος,
1142 3308 1171 3364 ἐκ
1185 3309 1230 3375 τῆς
1244 3305 1331 3371 Ἀσίας
1344 3306 1511 3380 μετεκαλεῖτο
1523 3303 1586 3383 πρὸς
1600 3303 1634 3362 τὰ
1648 3307 1782 3384 βασίλεια.

183 3397 230 3450 vir
246 3395 347 3449 doctus
363 3395 394 3448 in
408 3397 504 3470 Steph.
521 3399 603 3452 Thes.
625 3416 649 3451 s.
668 3416 696 3451 v.
713 3393 888 3462 Ἔξακοντίζω
906 3398 960 3470 leg.
1007 3389 1042 3452 Ὁ
1058 3392 1085 3450 δὲ
1098 3390 1193 3470 γαῦρός
1206 3415 1234 3450 τε
1250 3390 1360 3470 όνὴρῶν
1375 3391 1420 3450 καὶ
1434 3391 1566 3470 ἀγέροιχος
1581 3391 1625 3450 καὶ
1637 3393 1784 3472 στρατείαις

185 3484 324 3558 proponit
339 3501 346 3541 :
364 3479 553 3551 όξηκοντίζοντο
567 3481 688 3546 ἅπαντες.
704 3485 806 3538 Nescio
823 3502 860 3539 an
880 3483 964 3539 flierit
1007 3480 1163 3556 ὡμιληκὼς,
1178 3481 1223 3539 καὶ
1234 3485 1308 3538 τοῦτο
1318 3481 1420 3557 πρῶτον
1433 3478 1528 3556 ἀγαθὸν
1543 3477 1684 3554 ἡγούμενος
1695 3484 1746 3537 τῶν
1755 3484 1783 3538 ἐν

1069 1817 1125 1876 Ipse
1136 1814 1283 1864 saturatum
1295 1814 1400 1863 reduces
1407 1817 1466 1876 post
1472 1814 1566 1876 prulin
1578 1817 1678 1864 tumme

1067 1887 1129 1934 lam
1140 1884 1227 1944 repnte
1240 1887 1339 1932 inmens
1353 1887 1378 1932 et
1385 1887 1502 1946 principe
1511 1885 1603 1932 celsior
1612 1884 1678 1945 ibat,

1069 1953 1194 2014 Collaque
1201 1951 1316 2012 femineo
1322 1953 1444 2013 jactatat
1454 1953 1545 2002 nmilia
1556 1958 1644 2014 perta,

1071 2025 1178 2084 Imperii
1192 2025 1291 2082 certus,
1307 2027 1402 2084 teperet
1412 2035 1458 2072 cea
1467 2036 1587 2084 purpura
1599 2022 1698 2071 dudum

1071 2096 1182 2156 corpus,
1196 2095 1221 2142 et
1232 2093 1362 2142 ambirent
1374 2093 1494 2142 ardentes
1508 2095 1622 2154 tempora
1636 2105 1746 2154 periinere.

1046 2235 1087 2294 Cf.
1104 2238 1230 2292 Zosimus
1245 2239 1282 2304 V,
1300 2255 1326 2306 7.
1342 2259 1354 2286 ι
1369 2237 1502 2292 Βοτσεοκ.

1371 3021 1419 3073 7⁰·

186 3565 388 3636 ἱξηκουτίζοντο.

552 3751 596 3800 66.

215 3837 600 3902 EutropiuseunuclrusTheodosti
608 3841 665 3901 imp.
672 3839 962 3902 tut0r;‹iequomnaptus

184 3919 295 3980 loquens,
309 3937 321 3961 ι
332 3919 431 3968 {tutinus
442 3916 550 3978 quidem,
560 3919 602 3978 ait,
612 3931 687 3980 quum
698 3919 734 3967 vir
743 3921 804 3968 esset
813 3921 855 3968 aut
864 3933 914 3968 esse
925 3921 962 3969 vi·

184 3995 426 4056 deretur,h0noribus
434 3995 506 4043 etiarn
513 3987 652 4056 perfunctus
660 3995 754 4044 etruria
762 3996 962 4056 iortunajactatus

184 4085 233 4122 non
245 4076 331 4135 praeter
341 4075 457 4120 rationem
467 4084 511 4120 nec
521 4073 606 4133 preter
619 4071 733 4122 dacorum
744 4085 759 4120 a
770 4073 963 4122 Fortumomnia

184 4150 315 4200 innovante
325 4149 420 4198 destitui
440 4150 575 4199 ridebitur.
589 4150 718 4200 Eunuchus
729 4163 786 4200 vero
802 4151 963 4200 cubicularius

184 4229 327 4290 potestatem
337 4227 400 4275 itlius
407 4226 515 4288 adeptus,
526 4227 606 4275 omnia
616 4226 675 4276 sileo
682 4229 800 4276 concussit
811 4231 836 4276 et
845 4227 919 4276 instar
929 4233 963 4276 to·

184 4305 262 4353 nitrus
269 4303 426 4366 perturbavit,
435 4303 597 4351 utnonsolum
605 4301 961 4365 essetipseltutinus,sodetiam

184 4381 225 4430 ille
237 4380 323 4430 tabulis
334 4379 433 4429 celebris
450 4380 591 4429 Salmoneus
610 4393 665 4428 cum
678 4381 728 4442 ipso
744 4383 844 4430 collatus
862 4393 962 4442 parvum

185 4457 300 4521 quiddam
318 4471 368 4507 esse
385 4457 516 4506 videretur.
549 4459 595 4514 Qui
607 4470 684 4519 quum
696 4461 756 4507 esset
774 4459 906 4518 eunuchus,
925 4461 963 4507 vir

185 4549 236 4585 esse
247 4548 289 4597 per
305 4535 354 4582 vim
370 4535 510 4584 conabatur.
530 4537 560 4584 Et
575 4534 660 4584 inbuite
673 4533 769 4597 quidem
780 4535 892 4594 tradunt,
904 4539 963 4585 Gor·

185 4625 270 4675 gonem
281 4611 352 4661 simul
364 4613 388 4660 et
397 4616 547 4675 conspectam
557 4625 617 4675 esse,
627 4615 651 4661 et
660 4615 804 4673 spectatores
813 4613 836 4661 iu
844 4625 900 4661 saxa
910 4625 964 4661 mu·

187 4693 258 4740 tasse.
292 4691 340 4740 sed
359 4694 440 4740 nostru
460 4695 519 4741 aetas
534 4703 612 4741 merae
625 4691 699 4740 suites
717 4704 791 4753 nugas
809 4690 875 4741 itlnin
894 4691 962 4740 subu·

186 4768 236 4818 lam
253 4781 304 4818 esse
324 4769 505 4819 demonstravit.
526 4790 539 4814 ι
558 4771 662 4832 ΑΙίἰοοιισ
682 4771 804 4832 Eunapius
824 4772 961 4820 eunuchum

185 4845 258 4894 istum
266 4846 375 4907 plurimis
383 4847 497 4897 conviciis
506 4848 635 4910 pertundit,
646 4847 755 4911 improba
761 4847 813 4907 ejus
821 4849 871 4897 rita
880 4847 963 4910 dipsis·

186 4934 260 4970 umis

553 5008 597 5058 67.

219 5097 346 5159 Eutropius
362 5111 420 5148 vero
430 5099 577 5149 occasionem
587 5102 611 5151 et
623 5099 743 5151 fortunam
760 5099 887 5150 immodice
897 5101 961 5150 etat·

1007 3565 1163 3647 ἀνθρώποις,
1177 3567 1255 3643 τιμὴν
1267 3565 1312 3624 καὶ
1324 3565 1398 3633 δόξαν
1410 3563 1455 3623 καὶ
1474 3567 1584 3623 πλοῦτον
1599 3566 1784 3639 ἐπικλύζοιτο,

1004 3733 1071 3782 latim
1082 3731 1192 3782 hauriens
1200 3733 1259 3782 etse
1276 3732 1421 3793 ingurgitans
1434 3733 1458 3778 et
1475 3730 1557 3779 multis
1568 3731 1669 3778 aliorum
1684 3733 1785 3792 nogotiis

1003 3823 1028 3859 se
1040 3809 1183 3871 immiscens,
1194 3811 1226 3859 itu
1243 3809 1352 3871 vivebat,
1362 3811 1389 3858 ut
1401 3811 1469 3870 pater
1485 3807 1560 3857 filium
1570 3809 1625 3856 odio
1639 3822 1785 3871 prosequens

1004 3893 1045 3935 aut
1056 3887 1155 3934 meritus
1173 3899 1272 3936 uxorem
1292 3889 1335 3935 aut
1346 3890 1422 3935 mater
1433 3885 1505 3934 filium
1520 3885 1618 3934 minime
1629 3885 1723 3948 lateret,
1740 3887 1783 3936 sed

1004 3980 1088 4018 omues
1098 3967 1257 4030 ejaculsretur
1268 3967 1298 4017 ad
1308 3968 1382 4030 ipsius
1390 3965 1541 4016 sententiam.

1371 4060 1415 4110 66.

1035 4149 1138 4199 Infestus
1153 4150 1192 4199 itte
1209 4161 1305 4211 serpens
1323 4151 1348 4198 et
1361 4148 1486 4206 sinuosus,
1506 4147 1574 4210 quasi
1587 4146 1629 4208 qui
1647 4147 1750 4196 susurris
1769 4161 1784 4196 a

1005 4227 1086 4275 Medea
1096 4228 1186 4289 sopitus
1195 4229 1269 4287 esset,
1278 4239 1403 4288 oppressus
1415 4229 1514 4274 veterno
1531 4237 1582 4273 sese
1597 4223 1697 4272 dedidit.

1035 4304 1077 4353 lllo
1087 4317 1143 4353 vero
1150 4317 1191 4352 cor
1199 4303 1329 4353 bonoribus
1335 4307 1450 4365 tanquam
1457 4305 1555 4352 veterno
1561 4301 1686 4364 peratum
1693 4299 1785 4350 babens

1004 4381 1030 4429 iu
1040 4381 1086 4430 iter
1094 4394 1120 4430 se
1128 4381 1203 4430 dedit.

1372 4460 1416 4511 dil.

1037 4561 1049 4584 ι
1058 4542 1250 4592 Eunuchusvero
1257 4541 1344 4603 τοςςίειιι
1349 4539 1481 4600 obtinebat,
1490 4553 1614 4602 quumque
1622 4541 1702 4588 auiam
1714 4540 1785 4601 spiris

1004 4619 1072 4681 quasi
1092 4619 1298 4680 circumdedisset,
1310 4619 1390 4667 omnia
1401 4617 1528 4666 constricte
1539 4620 1654 4678 unquam
1670 4617 1785 4666 robustus

1004 4709 1100 4758 serpens
1108 4709 1177 4746 suum
1186 4695 1211 4744 iu
1223 4693 1350 4745 litibulum
1360 4693 1522 4756 pertrahebat.
1533 4713 1545 4736 ν
1560 4697 1595 4744 De
1606 4695 1722 4756 Eutropio
1730 4693 1785 4744 baeo

1004 4773 1124 4822 dicuntur.

1367 4854 1411 4902 7⁰.

1036 4944 1153 4994 Timasius
1160 4945 1206 4994 sub
1214 4943 1346 4994 Ttieodosio
1355 4943 1497 5006 imperatore
1504 4941 1557 4992 luit
1567 4947 1643 5003 Quem
1653 4941 1784 5004 Eutropius

1005 5021 1076 5071 rebus
1088 5021 1210 5082 preficere
1229 5021 1311 5070 voleus
1332 5035 1362 5070 ex
1380 5023 1435 5070 Asia
1450 5021 1481 5070 ad
1497 5019 1586 5082 regiam
1601 5020 1721 5068 evocarit.
1740 5018 1784 5068 tile

1005 5099 1117 5162 vero,rir
1126 5100 1229 5150 insolens
1240 5103 1264 5152 et
1281 5100 1396 5164 superbus
1405 5103 1429 5151 et
1445 5101 1469 5150 iu
1479 5100 1548 5150 rebus
1560 5099 1781 5158 retinuerimus,
