3868 5728
832 354 1089 444 salonarum
1696 393 1748 443 aar

157 519 285 596 καθέδρας
298 516 430 597 πρόφασιν
445 516 555 572 ἐποιεῖτο
566 512 612 583 τὴν
627 516 671 570 τοῦ
688 505 847 590 πρεσῦευτοῦ
862 511 935 590 παρά
983 511 1027 569 καί
1045 513 1156 590 θαρσῶν,
1169 513 1203 576 ὡς
1216 509 1297 576 οὐδείς
1314 503 1343 580 ἦν
1358 512 1444 577 αὐτοῖς
1458 512 1630 592 ἐφεπόμενος,
1643 522 1695 580 τοῖς
1711 515 1753 570 ἐπί

158 605 279 673 Ζήνωνος
294 601 380 680 ἄφιξιν
403 601 449 660 καί
467 601 498 658 τὸ
520 599 656 678 βούλεσθαι
679 602 769 672 μαθεῖν
791 595 860 662 ὅπως
874 599 937 677 πρὸς
982 601 1032 656 τῶν
1046 596 1151 674 ἁμαξῶν
1166 596 1273 662 καὶτοῖς
1284 597 1371 664 ἄλλοις
1383 599 1546 679 σκευοφόροις
1561 591 1631 658 εἰπεν
1644 623 1755 678 προχοι-

158 693 237 748 αὐτθν
249 690 304 768 ἔχει
316 689 350 746 sd
364 691 395 746 έκ
413 694 459 746 τοῦ
476 687 610 766 βασιλέως.
625 685 702 744 Ἐπεί
716 684 743 742 δέ
755 683 802 755 τὴν
824 687 935 764 ἀδελφὴν
984 691 1045 762 ρεῑν·
1065 684 1140 750 αὐτὸς
1160 683 1187 742 el
1203 685 1325 762 ἠπείγετο
1344 685 1441 765 φθαίσαι
1455 686 1662 766 προκαταλαόιδν
1678 688 1709 758 ἣν
1725 687 1755 744 διν

160 778 209 854 μίν
235 780 418 835 ἀποθανοῦσαν
444 773 547 854 ἔθαψεν,
569 772 602 831 τὰ
624 771 651 830 δὲ
674 773 747 849 παρὰ
767 771 938 848 Σιδιμούνδου
984 773 1087 830 δύναιτο
1101 771 1186 831 πόλιν.
1211 771 1264 831 Καί
1280 772 1342 850 πρὸς
1358 770 1403 845 μὲν
1425 773 1472 840 τὴν
1491 774 1627 852 Λυχνηδδν
1642 774 1756 832 ἐπελθὼν

161 865 299 935 ἀπήντησε
319 865 465 936 καλοῦντα,
486 860 551 941 πρὸς
572 858 630 925 τοὺς
655 858 847 937 Ἥρακλειύπας
869 860 937 916 ἐκλι·
984 858 1163 936 ἀπεκρούσθη,
1184 858 1228 916 ιίπί
1249 861 1343 939 ὀχυροῦ
1366 859 1486 935 κειμένην
1506 861 1550 918 καί
1570 864 1661 938 πηγῶν
1686 862 1756 918 ἔνδον

161 952 259 1016 πόντος
271 949 319 1026 μὲν
330 949 378 1019 τάν
389 947 473 1019 πόλιν,
480 950 505 1014 ῖς
515 947 632 1026 φρούριον
642 944 670 1002 δὲ
681 947 787 1024 ἰσχυρὸν
795 949 938 1004 ἀνασκευα-
985 945 1087 1024 πλήρη,
1098 944 1143 1003 καί
1155 944 1227 1004 σίτου
1239 945 1397 1024 προενόντος.
1414 945 1538 1011 Ἀναστθις
1552 945 1579 1003 δὲ
1600 949 1694 1004 ἐκεῖθεν
1708 947 1756 1016 τήν

163 1037 309 1114 σαμίνους,
323 1035 432 1113 πέμψας
445 1033 538 1110 ἀπῄτει
551 1033 621 1089 σῖτον
634 1031 716 1088 πολύν
728 1053 786 1089 τινα
802 1031 848 1090 καί
859 1023 938 1109 οἶνον,
984 1054 1012 1088 τε
1025 1033 1170 1106 Σκαμπίαν
1182 1031 1264 1109 αίρεῖ,
1277 1035 1329 1088 τῶν
1341 1033 1482 1110 οἰκητόρων
1494 1031 1574 1104 αὐτ-δν
1588 1035 1671 1090 πάλαι
1682 1037 1756 1091 έκλε-

162 1125 235 1189 ὅπως
244 1126 281 1202 τῷ
289 1125 395 1202 στρατῷ
408 1121 463 1199 ίχοι
474 1119 557 1177 ἀπιὼν
565 1117 665 1198 ἐφόδια.
676 1121 711 1177 oi
721 1117 748 1176 δέ
757 1119 829 1178 οὐδέν
839 1118 939 1200 ἔφασαν
985 1117 1124 1189 λοιπότων,
1134 1117 1178 1176 καί
1187 1117 1213 1185 tt
1226 1119 1305 1188 αὐτῆς
1315 1119 1432 1196 ὁρμήσας
1446 1118 1608 1194 Ἐπίδαμνον
1618 1117 1755 1193 λαμύοίνει.

165 1213 239 1290 αύτῷ
259 1210 431 1266 δύνασθαι..
453 1209 501 1266 ,έν
526 1203 663 1270 τοσαύταις
682 1205 791 1283 ἡμέραις
807 1205 938 1284 λέγοντες,
985 1205 1154 1282 Ἀδαμιίντιος
1174 1203 1201 1262 δὲ
1221 1209 1303 1263 ταῦτα
1327 1206 1469 1280 πυθόμενος
1482 1206 1633 1285 προπέμπει
1649 1210 1698 1264 τῶν
1713 1209 1757 1264 trr-

164 1294 226 1355 δσον
244 1286 314 1374 εἶχον
326 1293 369 1352 tal
381 1291 494 1372 φρουρίῳ
506 1313 535 1369 γε
547 1293 632 1370 μικρῷ
644 1291 848 1361 δεδαπανῆσθαι.
865 1291 898 1351 Ὁ
913 1290 940 1348 δέ
986 1291 1057 1350 πίων
1068 1295 1119 1348 τῶν
1136 1290 1273 1370 βασιλείων
1283 1291 1356 1366 τινδι,
1368 1291 1410 1360 οθς
1425 1292 1623 1371 μαγιστριανοδς
1635 1296 1757 1362 καλοῦσι,

164 1383 231 1460 πρδς
241 1379 320 1459 ὀργλν
335 1379 492 1437 τὰπλεῖστα
505 1383 552 1448 τῆς
564 1380 663 1443 πόλεως
678 1377 828 1457 ἐμπρήσας,
841 1380 939 1455 ἀνδρῶν
986 1377 1150 1457 μεμφόμενός
1168 1401 1195 1436 τε
1219 1381 1290 1458 αὐτῷ
1313 1376 1386 1455 παρὰ
1407 1377 1454 1448 τὴν
1478 1379 1616 1457 ὑπόσχεσιν
1631 1383 1677 1448 τῆς
1693 1402 1758 1456 πρε-

162 1469 243 1540 ούσης
256 1466 369 1547 ἐρήμου,
384 1465 457 1533 εύθθς
472 1467 656 1522 ἀπανίσταται.
674 1462 940 1534 balneatricem·
986 1465 1216 1534 absterreamini,
1231 1465 1275 1523 καί
1286 1465 1397 1522 κελεύων
1415 1469 1521 1544 ἠρεμεῖν
1536 1465 1580 1523 καί
1595 1465 1661 1542 μήτε
1678 1467 1757 1523 πλοῖα

163 1559 222 1616 οδον
234 1557 279 1615 καί
290 1553 382 1624 στενὴν
392 1553 450 1612 iiis
460 1551 507 1622 τὴν
517 1553 560 1611 ἐπὶ
569 1549 616 1621 τὴν
626 1551 685 1609 νέαν
693 1550 832 1628 λεγομένην
842 1549 940 1610 Ἧττει-
985 1552 1085 1623 λαθεῖν,
1100 1551 1161 1628 μήτ’
1173 1552 1237 1610 ἀλλο
1251 1575 1275 1608 τι
1288 1556 1339 1609 τῶν
1355 1552 1490 1629 παρόντοιν
1506 1551 1582 1610 πλέον
1595 1552 1758 1630 νεωτερίσαι,

164 1667 210 1722 ρον
220 1643 374 1720 ἀπύγουσαν
388 1639 537 1710 ἀναστήσας
547 1639 657 1710 ἤλαυνε,
670 1639 714 1695 καί
725 1637 873 1716 προπέμπει
884 1636 942 1703 τοὺς
986 1637 1034 1705 ἕως
1046 1639 1078 1696 ἀν
1092 1639 1168 1705 αὐτὸς
1183 1639 1259 1717 ἔλθῃ·
1272 1639 1425 1697 ἀποστεῖλαι
1440 1640 1466 1697 δὲ
1481 1639 1525 1698 καὶ
1541 1641 1635 1719 ἀνδρα,
1644 1640 1713 1706 ὅστις
1725 1639 1758 1696 τθι

162 1735 255 1795 ἱππεῖς
271 1729 304 1786 τδι
319 1729 388 1806 ἀκρα
408 1731 442 1805 τῇ
461 1735 570 1806 στρατιᾷ
584 1723 880 1804 προκαταληψομένους,
897 1723 942 1781 καί
985 1724 1065 1783 πιστθ
1081 1725 1158 1784 δώσει
1170 1730 1216 1796 τῆς
1229 1725 1295 1799 μετίι
1308 1725 1356 1796 τὴν
1374 1726 1513 1805 πρεσόείαν
1530 1718 1601 1793 αθθις
1617 1727 1758 1806 ἀναχωρή-

164 1817 214 1884 tu<
231 1814 381 1874 ἀνέλπιστοί
399 1815 449 1872 εἰσι
466 1813 523 1871 κατ’
542 1814 626 1871 ἐκεῖνα
647 1812 787 1891 χαιρήσειν,
808 1811 834 1878 ἐξ
851 1811 941 1890 ἐφόδου
987 1836 1051 1878 σεως
1074 1812 1119 1870 καί
1142 1817 1186 1882 τῆς
1209 1812 1271 1883 θλης
1290 1811 1386 1879 ἀδείας.
1413 1815 1506 1873 Ταῦτοί
1527 1837 1554 1872 τε
1582 1815 1646 1893 πρὸς
1664 1817 1759 1872 ἐκεῖνον

162 1903 260 1983 ἀθρόας
272 1900 460 1980 ἐκκρούσαντας
471 1899 518 1969 τὴν
530 1898 659 1980 φυλακὴν,
673 1898 728 1968 ἥτις
740 1890 771 1966 ἦν
790 1897 889 1958 αὐτόθι.
907 1900 941 1956 Ol
987 1901 1139 1971 ἐπέστελλε,
1154 1899 1200 1957 καί
1213 1899 1289 1965 αὐτὸς
1299 1898 1365 1979 ἄρας
1378 1900 1429 1958 ἀπὸ
1443 1902 1639 1971 Θεσσαλονίκης
1655 1901 1759 1980 ἔρχεται

163 1993 193 2050 δὲ
208 1997 243 2057 ὡς
258 1989 402 2063 ἀνίύησαν,
417 1992 441 2046 ot
453 1987 544 2068 ἰπῖτῷ
563 1987 654 2067 τειχίιρ
674 1991 840 2066 φρουροῦντες
860 2007 941 2064 στρα-
987 1988 1022 2052 εἰς
1032 1985 1174 2055 Ἔδεσσαν,
1187 1984 1253 2044 ὅπου
1274 1977 1304 2056 ἧν
1326 1988 1495 2066 Σαύινιανδς,
1515 1987 1562 2046 σίιν
1583 1987 1610 2046 δέ
1630 1989 1759 2066 αὐτῷκαὶ

160 2083 255 2137 τιῶται
275 2077 306 2134 τό
329 2099 358 2134 τε
378 2078 474 2146 πλῆθος
494 2075 589 2140 ἰδόντες
617 2073 661 2131 καί
681 2072 745 2150 πρὸς
764 2073 795 2131 rb
819 2074 942 2151 αἰφνίδιον
988 2073 1137 2142 Φιλόξενος.
1152 2073 1205 2132 Καὶ
1223 2073 1269 2140 τάς
1285 2095 1312 2132 τι
1334 2074 1435 2142 δέλτους
1455 2078 1527 2154 αύτῷ
1544 2075 1760 2154 παρέχουσι,καί

164 2168 254 2224 αὐτῶν
280 2163 492 2240 καταπλαγέντες
511 2160 569 2219 οὔτε
589 2163 614 2226 ῖς
638 2159 720 2231 ἀλκὴν
741 2159 778 2217 ἔτι
799 2157 942 2240 τραπέσθαι
988 2160 1131 2241 στρατηγὸν
1152 2161 1337 2240 ἀποφαίνουσι,
1355 2162 1400 2220 καί
1421 2163 1480 2242 περὶ
1503 2166 1554 2219 τῶν
1574 2163 1710 2243 παρόντων
1732 2153 1760 2220 εδ

164 2252 322 2328 ὑπέμειναν,
349 2249 407 2306 οὔτε
428 2247 552 2327 λογισμὸν
574 2247 651 2327 ἔσχον
672 2247 810 2315 ἀποζεῦξαι
835 2245 864 2304 τὸ
890 2248 942 2303 τεί·
989 2246 1187 2306 διεύουλεύοντο.
1204 2247 1257 2306 Καὶ
1277 2247 1306 2307 τὸ
1325 2247 1372 2324 μὲν
1392 2250 1530 2329 ἐπιχειρεῖν
1548 2253 1600 2316 τοῖς
1621 2249 1761 2328 βαρθοίροις

163 2363 270 2420 χισμα,
293 2338 352 2396 ἀλλ’
377 2337 505 2416 ὥρμησαν
526 2335 636 2416 φεύγειν,
656 2335 706 2393 eae
732 2339 777 2406 τῆς
800 2333 944 2403 ἐκπλήξεως
988 2333 1167 2414 πορευομένοις
1180 2336 1226 2393 οὒκ
1248 2335 1361 2416 ἀσφαλές
1380 2335 1479 2414 ἐδόκει,
1495 2336 1588 2413 ὀλίγων
1604 2338 1651 2413 μὲν
1670 2337 1759 2395 συνόν-

164 2425 322 2503 ἀπερίοπτοι
335 2421 439 2481 πόντων
451 2423 524 2501 [τῶν]
537 2427 573 2490 εἰς
582 2422 624 2481 τθν
635 2423 693 2481 τότε
706 2421 794 2500 καιρὸν
807 2421 942 2500 ὠφελῆσαι
989 2445 1040 2480 των
1058 2423 1129 2500 αύτῷ
1143 2420 1293 2500 Σαόινιανῷ
1308 2422 1469 2502 μισθοφόρων
1484 2425 1595 2498 οἰκείων,
1612 2428 1657 2494 τῆς
1669 2423 1696 2482 δὲ
1711 2426 1759 2495 δη-

164 2514 326 2588 δυναμένων.
347 2511 383 2568 Οἱ
403 2509 432 2568 δὲ
452 2510 521 2568 κατά
543 2509 642 2581 πολλὴν
663 2509 773 2588 ἐρημίαν
798 2507 945 2586 προσιόντες
990 2508 1083 2585 μοσίας
1105 2519 1229 2586 στρατιᾶς
1247 2510 1292 2567 καί
1312 2513 1363 2569 τῶν
1377 2515 1468 2569 κοινῶν
1484 2511 1624 2586 ταγμαίτων
1647 2516 1699 2570 τῶν
1714 2512 1760 2587 μὲν

164 2601 292 2678 ἐχώρουν,
309 2598 353 2656 ἰπὶ
367 2601 411 2654 τοῦ
424 2595 553 2671 στόματος
566 2597 642 2662 αὐτὸς
655 2601 669 2654 ὁ
680 2595 851 2674 Θευδέριχος,
872 2595 943 2661 Σόας
990 2595 1182 2674 διεσπαρμένων
1194 2597 1263 2654 κατά
1274 2598 1375 2670 πόλεις,
1384 2601 1434 2655 τῶν
1445 2597 1472 2655 el
1482 2597 1549 2674 μετὰ
1559 2603 1604 2656 τοῦ
1615 2606 1760 2677 στρατηγοῦ

163 2685 192 2744 δὲ
203 2689 218 2743 θ
230 2684 354 2760 μέγιστος
367 2685 418 2740 τῶν
433 2681 477 2740 ὑπ’
491 2683 568 2740 αὑτὸν
581 2687 733 2762 στρατηγῶν
743 2683 812 2740 κατὰ
824 2681 852 2738 τὸ
864 2681 943 2758 μέσον
989 2681 1132 2760 Ὀνούλφου
1157 2681 1327 2763 (δεθούλφου
1340 2685 1413 2760 ugo)
1427 2684 1643 2744 ἀκολουθούντων.
1658 2684 1762 2744 Ἐδόκει

163 2764 233 2850 εἶχε,
249 2771 444 2845 Θευδιμοῦνδος
455 2769 600 2848 δίθίτερος
609 2774 660 2826 τῶν
671 2769 832 2848 Βαλαμήρου
844 2769 944 2826 παίδων
991 2767 1018 2826 δὲ
1042 2767 1154 2845 πέμπειν
1179 2769 1333 2846 ἁπανταχοῦ
1362 2769 1551 2849 προστάγματα
1583 2773 1761 2846 συγκαλοῦντα

163 2859 207 2917 ἐπί
228 2863 276 2928 τῆς
299 2856 432 2935 οὐραγίας.
457 2857 613 2936 Θευδέριχος
637 2855 684 2930 μέν
705 2848 750 2914 σύν
775 2853 945 2934 προκαταόάς
990 2854 1048 2920 τοὺς
1069 2855 1244 2931 στρατιώτας,
1266 2856 1310 2912 καί
1330 2855 1373 2913 τὸν
1397 2857 1541 2936 στρατηγὸν
1559 2859 1685 2927 δηλοῦντα
1698 2881 1762 2938 προ-

163 3045 415 3097 nuntiiaSidimundo
424 3045 556 3105 reniret,et
564 3045 660 3105 propter
668 3041 878 3102 morbumsororis,
887 3053 942 3102 quse
988 3043 1013 3092 et
1022 3043 1156 3103 confidens,
1170 3047 1196 3094 ut
1204 3047 1339 3108 neminem,
1352 3047 1393 3110 qni
1404 3045 1448 3096 sibi
1460 3047 1592 3108 resisteret,
1604 3049 1699 3098 obuiam
1713 3049 1763 3099 deri

164 3127 244 3188 paullo
259 3125 436 3188 postdecessit,
448 3123 608 3185 exspectabat.
643 3123 789 3172 sumentem
801 3133 875 3168 morae
888 3131 943 3168 eau-
989 3120 1061 3182 vidit,
1074 3133 1127 3182 cos,
1137 3123 1179 3182 qul
1194 3121 1255 3183 apud
1267 3135 1351 3172 currus
1362 3127 1385 3172 et
1403 3127 1481 3172 cetera
1498 3124 1665 3186 impedimenta
1682 3130 1762 3186 erant,

163 3218 215 3253 um
225 3207 306 3266 palam
319 3205 424 3264 legatum
434 3199 622 3259 easesimularit,
635 3198 745 3262 quemad
757 3211 811 3247 eum
828 3197 943 3247 zenomi-
989 3197 1115 3258 procedere
1124 3198 1202 3258 irrasit.
1214 3201 1266 3259 ipae
1282 3199 1395 3260 praeibat,
1407 3203 1434 3249 ut
1449 3213 1616 3262 quamcunque
1632 3205 1710 3262 posset
1722 3216 1763 3250 ur·

164 3285 241 3341 serat,
256 3279 314 3343 qnia
326 3293 357 3328 ea
371 3291 474 3339 eo,quo
485 3277 564 3326 animo
576 3277 600 3324 in
617 3289 642 3324 se
653 3279 716 3325 esset
724 3276 860 3336 imperator,
873 3274 943 3323 intel·
991 3274 1045 3323 bem
1058 3275 1223 3336 praeveniendo
1234 3280 1336 3337 caperet.
1351 3278 1386 3326 ld
1400 3278 1545 3338 Lychnidum
1553 3279 1667 3327 accedens
1680 3284 1716 3329 est
1725 3295 1763 3329 re·

165 3358 236 3418 ligere
255 3357 365 3418 cuperet.
399 3357 447 3404 Nec
469 3355 545 3412 mrdto
570 3354 637 3415 post,
655 3364 730 3413 quum
743 3365 848 3400 sororem
876 3363 944 3399 suam
990 3354 1078 3416 pulsus
1092 3355 1149 3402 lirat
1160 3355 1223 3402 enlm
1241 3354 1331 3404 dillicdi
1343 3356 1396 3404 lero
1407 3356 1452 3404 sita
1469 3358 1493 3405 et
1511 3357 1611 3405 lentium
1623 3359 1647 3406 ct
1665 3361 1764 3407 scaturi-

165 3437 287 3482 mortnam
299 3433 427 3490 cilerret,a
439 3429 579 3480 Sidimundo
590 3429 689 3477 nuntius
701 3428 815 3487 occurrit,
834 3428 875 3488 qui
889 3440 945 3475 eum
991 3433 1043 3494 gine
1054 3433 1136 3496 plana,
1157 3436 1181 3482 et
1193 3440 1308 3482 consecro
1326 3435 1393 3496 prius
1406 3435 1525 3484 frumento
1539 3435 1682 3486 abundabat,
1704 3438 1764 3486 uine

165 3511 306 3558 moeaseret.
322 3511 386 3557 Tum
397 3506 427 3556 ad
439 3505 603 3566 Heracleotae,
615 3504 657 3567 qui
671 3505 755 3553 urbem
767 3506 910 3566 reliquerant
921 3507 947 3553 et
991 3523 1098 3569 movens,
1111 3512 1259 3572 Scampiam,
1269 3523 1342 3572 quam
1356 3510 1498 3571 jamdudum
1512 3512 1595 3560 incolae
1604 3513 1764 3575 reliquerant,

165 3599 191 3633 se
200 3587 225 3633 in
242 3597 324 3633 arcem
337 3583 521 3633 munitissimam
541 3583 687 3644 receperant,
707 3581 770 3630 misit
784 3581 825 3643 qui
839 3583 946 3644 peterent
990 3586 1101 3646 diruit,et
1111 3587 1164 3634 inde
1172 3600 1306 3648 progressus
1315 3587 1404 3649 impetu
1413 3588 1477 3636 iacto
1488 3587 1646 3650 Epidamnum
1653 3593 1762 3651 occupat.

166 3677 279 3718 mannam
290 3663 404 3711 frumenti
415 3663 465 3710 rim
474 3663 499 3710 ci
508 3661 572 3722 vini,
583 3664 611 3711 υῖ
619 3660 741 3710 discedens
749 3661 871 3722 viaticum,
882 3659 946 3721 quod
992 3663 1061 3719 Quod
1071 3663 1111 3712 ubi
1126 3664 1237 3725 cognovit
1250 3663 1417 3725 Adamantius,
1430 3666 1504 3714 mittit
1518 3679 1593 3714 unum
1605 3679 1635 3714 ex
1646 3667 1765 3728 equitibus

166 3738 517 3795 alendocxercituisultlceret,
538 3737 645 3788 liaberet.
676 3737 712 3786 Illi
724 3739 804 3786 autem
821 3737 946 3798 responde·
992 3741 1561 3805 imperatoris,quieumeoexpostularct‚quod
1569 3745 1765 3807 eontraid,quod

167 3818 234 3874 runt,
247 3815 307 3864 nibil
316 3815 362 3862 sibi
372 3817 461 3862 restare
472 3815 663 3872 commeatuum,
676 3827 736 3874 quos
751 3813 829 3874 largiri
838 3817 946 3875 possent;
993 3819 1062 3866 missa
1078 3818 1193 3878 legatione
1209 3818 1357 3878 promiserat,
1371 3819 1472 3879 laceret,
1486 3822 1511 3868 el
1520 3819 1614 3880 iuberet
1627 3822 1657 3869 ab
1671 3823 1766 3884 incepto

166 3895 255 3944 etenim
274 3907 337 3956 quos
351 3893 489 3942 habuissent
501 3895 536 3941 tot
554 3892 638 3941 diebus
649 3892 674 3940 in
691 3905 767 3954 parvo
778 3893 875 3941 castello
892 3905 946 3941 con·
992 3893 1105 3943 desistere
1113 3907 1190 3955 neque
1200 3907 1272 3942 naves
1280 3907 1382 3954 sumere,
1391 3897 1433 3944 aut
1441 3891 1569 3958 quicqiram
1577 3897 1640 3945 aliud
1650 3911 1765 3948 nevarum

166 3973 305 4034 sumpsisse.
338 3973 383 4020 llie
394 3971 429 4019 ira
439 3970 539 4029 exarsit,
554 3976 577 4018 et
596 3970 674 4030 urbia,
688 3983 744 4032 quae
763 3971 794 4018 ab
812 3970 949 4018 bominibus
993 3984 1072 4019 rerum
1090 3973 1196 4030 tentare,
1217 3970 1293 4019 donec
1304 3971 1444 4020 adventaret
1457 3991 1462 4020 :
1476 3971 1578 4034 denique
1596 3975 1673 4021 virum
1691 3974 1720 4022 ad
1741 3989 1767 4024 se

167 4065 246 4100 racua
255 4053 318 4111 erat,
329 4049 512 4112 quamplurima
524 4050 576 4097 loca
586 4049 704 4108 incendit,
712 4050 737 4096 et
745 4049 869 4097 confestim
879 4049 949 4098 motis
993 4047 1100 4106 mittere,
1110 4047 1151 4109 qui
1163 4047 1207 4094 sibi
1219 4049 1264 4094 tuli
1279 4049 1332 4107 pust
1344 4049 1462 4108 peractam
1476 4048 1617 4109 legationem
1635 4050 1723 4100 reditus
1742 4057 1767 4102 et

168 4127 265 4188 astris,
274 4126 314 4174 ria
323 4125 400 4174 ardna
409 4127 434 4174 ct
443 4125 550 4186 angusta,
566 4137 621 4186 quae
629 4124 660 4173 ad
671 4128 761 4174 Noram
772 4124 867 4186 Epirum
876 4125 948 4174 duce·
994 4125 1092 4186 reliquae
1100 4123 1233 4172 securitatis
1242 4123 1312 4171 iidem
1321 4125 1450 4184 praestaret.
1458 4127 1513 4172 linc
1521 4138 1597 4185 qaum
1606 4125 1698 4174 adeum
1707 4127 1767 4180 Ada-

168 4203 223 4264 bat,
237 4203 353 4266 perrexit.
386 4205 448 4252 'lum
464 4201 557 4262 equites
572 4201 703 4262 praemittit,
713 4202 755 4262 qui
765 4201 822 4262 iuga
832 4202 949 4251 montium
993 4199 1098 4248 mentius
1106 4197 1218 4246 mandata
1227 4197 1339 4255 dedisset,
1348 4198 1584 4259 ipse,'llrersalonica
1593 4201 1768 4259 relicta,udrs-

170 4282 237 4342 prius
250 4282 459 4343 occuparent,ut,
470 4292 543 4342 quum
557 4293 627 4328 nemo
638 4279 750 4342 suspicari
759 4283 845 4342 posset,
858 4293 950 4344 emper
993 4288 1045 4325 sam
1055 4274 1120 4324 venit
1131 4277 1155 4323 et
1166 4287 1213 4322 una
1225 4285 1279 4322 cum
1292 4287 1320 4322 eo
1330 4273 1483 4324 Philoxenus.
1492 4279 1549 4324 Erat
1559 4276 1653 4325 Edessae
1661 4277 1767 4326 sabinia·

169 4370 197 4406 er
210 4358 262 4406 loca
274 4369 450 4419 progressuros,
460 4356 579 4418 praesidia,
589 4356 608 4405 si
618 4369 665 4418 qua
676 4359 770 4418 meent,
782 4357 872 4418 impetu
882 4357 949 4406 dere·
994 4367 1053 4414 nus,
1064 4352 1103 4401 cui
1121 4353 1211 4401 litteras
1219 4351 1370 4414 imperatoris
1382 4352 1534 4402 reddiderunt
1546 4367 1667 4416 quemque
1680 4354 1767 4404 ducem

172 4435 243 4494 pente
260 4433 327 4481 lacto
344 4431 499 4494 depellerent.
512 4432 558 4487 Qui
573 4445 616 4492 pro
627 4432 746 4482 maenibus
766 4432 831 4481 urbis
843 4432 951 4494 praesidia
994 4431 1119 4489 creamnt,
1129 4431 1255 4491 ceteraque
1263 4431 1343 4478 omnia
1350 4429 1432 4480 ordine
1441 4431 1645 4481 administrarant.
1663 4432 1767 4482 Sedbar·

172 4509 282 4570 agebant,
301 4509 329 4557 ut
351 4507 531 4556 multitudinem
551 4507 655 4556 bostium
666 4511 850 4570 conspexerunt,
872 4509 951 4558 subito
994 4509 1064 4558 barus
1080 4507 1216 4557 recedentes
1227 4507 1334 4568 persequi
1349 4508 1447 4557 minime
1459 4512 1537 4557 tutum
1552 4510 1628 4556 risum
1643 4512 1685 4557 est.
1699 4509 1767 4558 Sabi-

175 4603 231 4638 casn
242 4589 371 4651 perterriti,
389 4601 468 4650 neque
479 4589 584 4636 resistere
597 4588 648 4636 ausi
659 4591 727 4648 sunt,
744 4600 822 4649 neque
838 4589 884 4638 illis
899 4591 952 4637 tan·
995 4586 1066 4635 niano
1077 4585 1140 4634 enim
1153 4585 1221 4645 pauci
1237 4584 1324 4633 milites
1334 4585 1472 4633 mercenarii
1490 4598 1518 4632 ex
1530 4583 1586 4645 'ejus
1599 4585 1734 4633 domesticis
1745 4587 1769 4634 et

173 4669 225 4715 tum
242 4665 318 4715 animi
342 4667 368 4714 et
382 4664 517 4728 prudentiae
526 4664 585 4723 luit,
601 4666 629 4713 ut
653 4664 857 4726 propugnaculum
870 4665 951 4714 occlu-
996 4663 1151 4713 familiaribus
1159 4661 1265 4710 aderant.
1277 4665 1336 4711 liam
1352 4661 1393 4724 qui
1403 4662 1496 4723 publice
1506 4663 1628 4712 merebant
1640 4665 1663 4710 et
1672 4662 1767 4710 ordina·

173 4742 268 4804 decent,
289 4743 332 4792 sed
353 4743 377 4791 in
398 4743 478 4804 lugam
493 4741 599 4790 conversi
623 4754 673 4803 proc
691 4755 778 4804 parere
796 4743 868 4803 nibil,
887 4744 953 4805 quod
997 4742 1037 4790 riis
1048 4739 1295 4802 legionibusadscriptl
1306 4739 1636 4802 stipendialaciebant,quum
1648 4740 1769 4801 perurbes

173 4821 230 4868 atiic
240 4823 316 4880 caet,
336 4819 499 4868 attenderunt.
519 4819 603 4866 liostes
615 4819 694 4866 eutem
705 4831 747 4880 per
758 4819 809 4866 loca
818 4819 953 4870 hominibus
996 4818 1106 4880 dispersi,
1123 4819 1175 4865 lum
1193 4815 1308 4865 Onulium
1316 4851 1323 4876 ,
1344 4814 1429 4864 ducem
1445 4829 1529 4877 suum,
1551 4817 1639 4874 secuti,
1652 4815 1766 4862 abierant.

174 4909 248 4945 caena
261 4897 391 4948 etdeeerta
407 4894 625 4956 progrediebantur.
640 4895 819 4944 Tbeudcriclrus
829 4898 881 4945 erat
892 4897 953 4946 inter
997 4896 1079 4956 ltaque
1088 4894 1165 4941 risum
1181 4895 1216 4942 est
1227 4891 1316 4951 edicta,
1326 4891 1413 4952 quibus
1426 4891 1512 4941 milites
1528 4891 1631 4953 undique
1640 4902 1768 4938 evocaren-

57 4973 68 4992 “
174 4974 272 5034 primm,
282 4976 367 5024 εοεαε
379 4971 546 5020 Theudoridae
558 4970 689 5020 secundum
703 4971 727 5020 in
740 4973 844 5021 exercitu
854 4971 953 5033 gradum
997 4973 1045 5030 tur,
1063 4981 1206 5031 proponere,
1226 4971 1250 5018 et
1267 4968 1353 5017 ducem
1370 4968 1487 5030 legatum,
1502 4967 1543 5027 qui
1555 4980 1582 5014 ea
1594 4965 1767 5027 promulgaret,

175 5051 280 5110 tendat,
291 5047 437 5099 etmedium
448 5059 533 5108 agmen
544 5047 658 5106 ducebat,
675 5047 882 5108 ¹theudimundua,
894 5050 954 5098 alter
997 5047 1150 5110 praemittere.
1167 5049 1202 5095 lio
1219 5045 1269 5108 ipso
1287 5047 1393 5106 ternpore
1403 5057 1476 5106 eques
1490 5043 1521 5091 ab
1533 5041 1672 5092 adamantio
1684 5041 1769 5090 missus

174 5138 204 5175 ει
215 5125 331 5178 valamiri
349 5125 420 5185 liliis,
439 5126 583 5174 extrenum.
598 5122 775 5174 'l'beudcricbus
790 5125 860 5174 valde
875 5126 954 5175 audax
998 5137 1117 5186 reversus,
1137 5137 1185 5174 una
1202 5137 1283 5174 secum
1299 5123 1420 5173 adducens
1437 5121 1590 5170 barbarorum
1607 5119 1767 5180 sacerdotem,
