3766 5726
194 359 249 411 aot
462 346 619 409 CLAUDII
638 343 821 416 Theonis,
845 345 973 408 CLODll
994 347 1274 420 ΝΕΑΡΟΙΙΤΑΝΙ,
1298 349 1522 420 cumanus,

182 507 246 560 φησι
259 483 388 550 Κλαύδιος
403 481 512 548 Ἰούλιος
527 484 553 540 iv
563 485 620 547 ταῖς
630 481 756 552 Φοινίκης
768 481 905 558 ἱστορίαις,
920 479 960 540 ότι
1008 481 1125 550 Κλώδιος
1139 481 1166 542 δί
1178 487 1192 542 δ
1206 483 1372 554 Νεαπολίτης
1385 483 1465 550 οὕτως
1475 481 1623 563 ἡρμήνευσε
1640 485 1671 543 τὸ
1682 487 1785 564 προκεί·

182 571 324 652 Ἀρχαλιίις
345 569 398 636 υίδς
424 569 549 636 Φοίνικος
572 567 661 632 κτίσαι
686 567 762 626 πόλιν
785 568 906 645 ὠνόμασε
928 572 960 646 τῇ
1008 568 1167 649 pavor-sip,
1182 571 1314 647 θάλασσα,
1341 575 1386 648 γῆ,
1407 571 1490 642 ἥλιος.
1511 576 1637 630 Eundem
1652 576 1785 634 Clodium

182 661 316 719 Φοινίκιον
328 661 425 737 γραφῇ·
438 655 538 730 γάδον
550 653 600 733 γδιρ
609 653 674 733 παρ’
684 655 771 721 αὐτοῖς
783 654 813 712 τδ
824 655 853 713 ln
861 658 960 734 μικρῶν
1006 678 1066 714 non
1075 659 1170 714 addita
1179 670 1246 715 nota
1257 659 1355 734 patriae
1367 645 1621 735 citatl’orphyrius
1629 665 1673 718 De
1682 664 1783 718 abstin.

180 744 392 824 ᾠκοδομημένον.
409 745 451 804 ci.
464 743 562 820 Steph.
575 747 645 818 Byr.
660 762 668 801 τ
685 743 707 802 Γ
708 741 813 820 άδιιρα,
827 741 903 808 πόλις
916 741 961 800 καί
1006 747 1030 814 Ι,
1052 745 1102 820 αδ,
1114 746 1207 802 uhiex
1218 763 1252 801 eo
1267 747 1353 802 relert
1372 749 1578 822 Pythagoricos
1594 751 1625 806 in
1640 748 1786 805 sacrificiis

179 836 256 903 νῆσος
271 834 297 890 br
312 835 349 910 τῷ
362 831 499 911 Ὠκεανῷ,
517 829 593 901 στενὴ
610 830 655 888 καί
670 829 828 908 παριμήκης,
849 833 883 896 ὥς
895 823 960 888 abac
1006 851 1065 887 non
1074 851 1188 906 prorsus
1197 834 1363 889 abstinuisse
1380 835 1516 892 animatis.

179 923 224 990 τῆς
234 921 281 995 γῆς
295 917 379 998 δειρά,
391 932 420 976 et
430 921 555 976 Eustath.
568 920 605 976 ad
614 920 696 978 Dion.
706 919 824 984 blaseo.
836 920 957 992 Hesych.
1046 913 1230 992 Quaerituran
1242 921 1367 976 diversus
1378 923 1522 977 sitSeatus
1537 923 1669 992 Clodius,
1686 926 1736 998 qui
1746 927 1788 979 De

179 1003 288 1084 γάδιιρα
301 1007 447 1062 Phoenices
461 1017 567 1062 vocant
576 1003 610 1062 τά
619 1004 833 1084 περιρράγματα.
845 1008 889 1065 Cf.
906 1008 960 1062 Pli·
1007 1007 1061 1062 diis
1076 1025 1165 1082 grece
1185 1008 1297 1082 scripsit
1317 1019 1386 1064 teste
1409 1010 1539 1066 Aenobio
1559 1011 1633 1068 hdr.
1648 1018 1729 1086 gent.
1752 1015 1784 1078 V,

177 1095 241 1150 nius
261 1095 310 1166 lv,
326 1113 352 1152 c.
373 1112 410 1150 aa
431 1110 438 1150 :
460 1095 543 1148 Poeni
559 1095 653 1162 Gadir,
678 1100 720 1150 ita
736 1097 844 1150 Punica
863 1097 961 1166 lingua
1010 1096 1045 1152 18
1062 1112 1070 1153 ε
1095 1097 1225 1152 Farinam
1237 1101 1322 1168 igitur·
1338 1099 1473 1166 Famam,
1493 1101 1574 1154 Bona
1596 1119 1663 1172 quoe
1684 1103 1789 1154 dicitur

177 1182 475 1255 septemsigniſscante.
489 1183 572 1236 -In
597 1183 691 1253 Etym.
703 1183 742 1238 M.
759 1201 789 1256 p.
816 1181 887 1250 185,
913 1190 959 1252 ri,
1006 1184 1068 1250 dea,
1100 1194 1292 1251 transeamus,
1322 1203 1406 1258 quarn
1431 1192 1542 1258 myrteis
1565 1205 1669 1240 caesam
1686 1193 1781 1260 virgis,

177 1286 231 1340 pro
247 1266 378 1334 Κλαύδιος
397 1268 547 1342 legendum
560 1287 619 1324 esse
628 1266 724 1333 κλάδος
734 1271 788 1324 viri
802 1269 881 1324 docti
892 1287 959 1324 mo·
1006 1271 1081 1344 quod
1092 1275 1190 1326 rnarlto
1203 1276 1448 1328 nescienteseriam
1456 1279 1525 1328 meri
1533 1275 1650 1328 ebiberit
1655 1277 1781 1347 plenam,

177 1365 311 1424 nuentnt.
1005 1359 1106 1413 Seruo
1112 1359 1225 1413 Clodius
1232 1360 1340 1414 indicat
1345 1371 1423 1414 sexto
1437 1362 1478 1416 De
1489 1361 1544 1418 diis
1551 1379 1656 1432 grceco.
1673 1361 1717 1416 Cf.
1730 1361 1787 1416 la-

370 1450 422 1506 Ex
441 1451 564 1506 LlBRls
585 1450 763 1507 INCERTIS,
1006 1445 1127 1499 stantius
1144 1443 1254 1502 Defals.
1272 1446 1324 1500 rel.
1340 1447 1364 1514 1,
1378 1463 1415 1500 aa
1429 1464 1436 1500 ι
1450 1447 1550 1500 Sextus
1566 1447 1681 1502 Clodius
1701 1454 1732 1501 in
1754 1469 1785 1502 eo

553 1555 569 1612 3
1007 1533 1077 1587 iibrn
1088 1549 1168 1604 quem
1181 1550 1273 1606 groece
1287 1537 1409 1606 scripsit,
1424 1531 1510 1602 neser!
1523 1536 1617 1589 Fauni
1629 1535 1705 1588 hanc
1718 1535 1786 1608 (Fa-

1006 1617 1096 1692 tuam)
1109 1637 1222 1674 uxorem
1228 1615 1329 1690 fuisse.
1343 1621 1472 1676 Fortasse
1492 1622 1538 1676 bic
1548 1633 1589 1676 est
1605 1623 1706 1678 Sextus
1719 1624 1787 1678 Clo-

1005 1705 1080 1774 dius,
1091 1725 1107 1761 e
1117 1706 1222 1774 Sicilia,
1238 1710 1350 1762 latinae
1360 1711 1444 1762 simui
1452 1709 1787 1781 Groecoequeeloqaentioe

1001 1792 1149 1867 professor,
1165 1797 1211 1849 cui
1225 1797 1364 1850 Antonius
1376 1795 1435 1850 duo
1449 1797 1538 1850 millia
1545 1799 1677 1870 jugerum
1693 1801 1786 1870 campi

1006 1883 1135 1938 Leontini
1147 1883 1306 1956 assignavit.
1316 1883 1386 1938 Vide
1399 1883 1506 1938 Sueton
1517 1885 1559 1939 De
1571 1884 1642 1940 rhet.
1656 1903 1683 1940 c.
1696 1883 1731 1954 55
1741 1886 1787 1943 Ci-

1005 1987 1071 2023 cero
1085 1969 1158 2023 Phil.
1174 1971 1212 2038 11,
1227 1988 1274 2040 17.
1288 1970 1341 2038 ΙΙΙ,
1355 1987 1384 2042 9.

1045 2051 1162 2119 Κλώδιός
1177 2075 1215 2120 τις
1229 2055 1255 2110 ίν
1270 2053 1370 2134 ἐλέγχῳ
1384 2056 1500 2134 χρόνων,
1516 2075 1602 2130 quem
1619 2057 1786 2112 Plutarchus

552 2137 582 2196 lt·
1005 2141 1034 2196 in
1047 2143 1154 2211 Numa,
1177 2161 1203 2200 c.
1224 2160 1251 2210 1,
1273 2143 1382 2212 laudat,
1401 2144 1600 2218 intelligendus
1618 2155 1659 2199 est
1670 2147 1786 2200 Clodius

216 2230 316 2286 Idem:
330 2228 450 2306 Λάμπη,
462 2227 536 2294 πόλις
551 2228 670 2308 Κρήτης,
692 2228 886 2306 ’λγαμίμνονος
899 2229 958 2288 κτί-
1004 2231 1134 2296 Licinias,
1154 2228 1235 2300 cujus
1249 2230 1354 2285 librum
1364 2234 1478 2286 tertium
1487 2250 1583 2287 rerum
1591 2233 1785 2286 Romanarum

176 2337 244 2390 σμα,
251 2316 303 2374 ἀπὸ
312 2315 427 2392 Λάμπον
437 2321 483 2374 τοῦ
493 2315 638 2393 ἸἀρραίουΙ
650 2315 690 2375 Τὸ
697 2316 795 2374 terrarii
805 2321 957 2395 Λαμπαῒος.
1005 2319 1072 2372 citat
1081 2317 1178 2372 Livius
1186 2318 1296 2385 XXIX,
1304 2336 1353 2374 αα.
1362 2321 1445 2374 Hunc
1452 2337 1540 2393 graece
1546 2319 1687 2393 scripsisse
1697 2337 1786 2391 quum

177 2401 306 2468 Κλαύδιος
317 2401 345 2460 δὲ
359 2400 464 2468 Ἰούλιος
475 2401 605 2478 Λαμπίας
619 2401 712 2469 αὐτούς
726 2425 814 2481 φησιν.
1003 2422 1063 2458 non
1077 2403 1213 2474 tradamr,
1226 2406 1296 2458 nihil
1310 2416 1351 2460 est
1364 2425 1416 2462 cur
1427 2425 1480 2461 nos
1493 2416 1634 2480 putemus.
1651 2406 1695 2464 cf.
1712 2409 1785 2461 flee-

1003 2509 1065 2549 ren.
1079 2494 1121 2546 De
1133 2491 1218 2550 fontt.
1234 2493 1310 2548 Plut.
1323 2511 1354 2568 p.
1372 2512 1441 2564 ιτα,
1455 2495 1566 2549 Krame
1586 2495 1701 2568 Fragm.
1721 2491 1784 2551 hist.

1005 2579 1089 2634 Rom.
1105 2596 1136 2652 p.
1153 2578 1220 2637 213.

216 1660 313 1735 Steph.
326 1661 372 1718 B.:
387 1654 510 1716 Ἰουδαία.
524 1653 688 1736 Ἀλέξανδρος
699 1659 713 1714 ὁ
726 1655 897 1738 Πολυΐστωρ,
909 1658 961 1718 art

176 1747 228 1802 τῶν
243 1745 345 1803 παίδων
358 1744 534 1822 Σεμιράμιδος
552 1743 639 1804 Ἰούδα
652 1744 698 1802 καί
715 1743 867 1821 Ἰδουμαία,
883 1751 917 1814 ὥς
932 1747 958 1806 δὲ

177 1831 308 1898 Κλαύδιος
317 1829 433 1906 Ἰόλαος,
447 1831 499 1889 ἀπὸ
513 1830 639 1891 Ἰουδαίου
652 1831 809 1910 Σπάρτωνος
822 1835 852 1890 ίκ
866 1834 959 1906 Θήδης

177 1915 244 1993 μετὰ
267 1917 392 1978 Διονύσου
415 1918 623 1998 ίστρατευκότος.
652 1921 782 1976 Judaeum
801 1920 960 2000 Σπάρτωνος

177 2008 247 2080 (nisi
262 2007 336 2064 forte
354 2007 478 2084 Σπάρτου
492 2007 570 2083 scr.)
588 2007 669 2064 finxit
682 2027 718 2064 ex
735 2009 825 2064 Udaeo
845 2012 955 2088 Sparto.

495 2555 679 2584 ιιι-0000.-

320 2668 593 2759 CLAUDIUS
622 2671 824 2758 THEON.

219 2781 452 2872 CLODIUS
482 2783 914 2874 NEAPOLITANUS.
1317 2773 1478 2800 ‘⁴⁹‘

220 2929 361 2984 «Claudii
382 2927 503 2984 Theonis
523 2929 642 2983 historia
664 2947 758 3004 graeca
781 2940 958 2985 memoratur
1260 2921 1527 3012 CLEMENS·

175 3017 355 3088 Hieronymo
367 3015 478 3070 Praelat.
491 3017 521 3068 in
531 3017 693 3084 Danielem,
707 3016 759 3070 ubi
767 3015 902 3089 prodesse
914 3015 957 3072 d'r·
1150 3037 1154 3049 ·

176 3102 301 3158 citurad
323 3112 461 3157 extremas
481 3103 605 3156 Danielis
626 3112 723 3176 partes
743 3102 958 3176 intelligendas,
1044 3097 1144 3154 Suidas
1165 3095 1310 3173 ιΚλήμης,
1330 3095 1467 3175 ἱστορικός.
1489 3095 1612 3176 Ἔγραψε
1640 3095 1784 3172 Ῥωμαίων

176 3207 293 3262 esseque
306 3191 380 3244 inter
393 3207 451 3257 eas,
465 3206 535 3261 quas
548 3199 675 3243 secutum
689 3205 720 3244 se
732 3191 772 3244 ait
782 3189 959 3262 Porphyrius
1006 3185 1122 3261 βασιλεῖς
1139 3181 1183 3241 καὶ
1192 3183 1397 3263 αὐτοκράτορας·
1412 3183 1457 3240 καί
1471 3181 1534 3262 πρδς
1546 3183 1703 3262 Ἱερώνυμον
1716 3185 1782 3260 Περὶ

176 3295 265 3350 quum
278 3287 379 3333 contra
389 3277 533 3332 Danielem
547 3276 653 3330 librum
666 3277 803 3332 scriberet
818 3276 956 3332 duodeci·
1004 3272 1055 3327 τῶν
1070 3269 1255 3348 Ἰσοκρατικῶν
1272 3267 1426 3348 σχημάτων·
1439 3267 1484 3325 καί
1501 3267 1580 3328 άλλα.
1596 3271 1704 3327 Eadem
1726 3275 1782 3326 Eu-

176 3382 291 3420 mum.»
309 3367 392 3420 Voss.
403 3381 432 3437 p.
456 3363 524 3427 416.
537 3365 573 3419 V.
592 3363 742 3438 Porphyrii
764 3363 798 3418 lr.
814 3373 885 3421 tom.
902 3365 958 3432 ΙΙΙ,
1004 3359 1087 3415 docia
1098 3378 1128 3433 p.
1140 3359 1208 3430 267.

141 3433 154 3456 ⁹
175 3469 205 3525 p.
219 3451 285 3525 689.
300 3452 378 3507 Inter
389 3451 497 3521 varios,
511 3469 584 3523 quos
595 3449 709 3506 aliunde
723 3451 862 3519 novimus,
871 3451 960 3504 Theo·
1044 3447 1217 3506 Clementem
1225 3445 1407 3515 historicum,
1417 3447 1447 3500 in
1458 3463 1543 3518 quem
1550 3445 1637 3500 rerba
1647 3445 1780 3502 Suidiana

175 3556 225 3593 nes
236 3539 330 3592 nullus
350 3547 456 3609 exstat,
472 3554 558 3610 quem
578 3538 730 3610 Porphyrii
752 3537 860 3592 sontem
876 3537 959 3592 hrisse
1004 3530 1152 3612 (ίγραψι...
1167 3529 1481 3608 αύτοκράτορας)οαόοιο
1501 3533 1623 3606 possint,
1646 3529 1781 3589 'novimus

176 3643 242 3680 cum
256 3623 466 3699 probabilitatis
479 3625 573 3698 specie
588 3624 865 3679 contendercliceat.
1006 3619 1272 3694 chronographum,
1301 3617 1381 3688 cujus
1408 3635 1480 3692 saepe
1504 3619 1633 3672 meminit
1668 3621 1781 3675 Malaias

216 3713 330 3768 Clodius
344 3710 713 3784 Neapoliiunnrabeodem
727 3711 958 3786 Porphyriolau·
1004 3706 1167 3781 (p.3i1,1o.
1183 3704 1310 3774 αα8,ι8.
1328 3704 1397 3774 οδε,
1424 3723 1468 3762 11.
1487 3712 1561 3774 aio,
1582 3722 1611 3762 a.
1633 3713 1707 3774 oia,
1733 3725 1779 3762 21.

176 3799 308 3856 daturin
321 3798 479 3872 fragmento
493 3797 574 3870 quod
587 3814 622 3853 ex
639 3815 780 3854 manuscr.
799 3799 959 3855 Oxoniensi
1004 3794 1071 3862 280,
1090 3813 1119 3850 α.
1144 3792 1214 3862 ioli,
1239 3791 1273 3848 13
1298 3791 1345 3846 ed.
1372 3789 1496 3864 Bonn.).
1518 3790 1645 3845 Eundem
1664 3793 1781 3848 laudant

175 3885 397 3942 communicavit
414 3885 556 3940 Bentleius
578 3885 609 3938 in
629 3885 753 3960 Epistol.
775 3884 813 3940 ad
836 3885 958 3942 Millium
1005 3879 1147 3936 Cedrenus
1158 3899 1188 3954 p.
1207 3897 1255 3952 ¹93
1272 3877 1394 3950 Hesych.
1411 3877 1553 3951 inlragrn.
1569 3879 1598 3931 in
1610 3878 1779 3934 Christina-

174 3992 204 4047 p.
222 3979 260 4046 49
270 3974 336 4041 Ox„
346 3972 553 4046 ubipostquam
566 3971 601 4027 de
608 3972 838 4046 interpretatione
846 3971 954 4026 verbo·
1003 3969 1102 4036 talem,
1124 3970 1289 4038 Anonymus
1307 3967 1337 4018 in
1353 3962 1502 4021 combefis.
1521 3965 1617 4039 Origg.
1637 3966 1780 4022 Constant

175 4055 363 4130 ιἰιιιικναξζόί,
371 4053 623 4136 χθύπτης,ρλεγμὼ,
631 4056 697 4136 δρδψ
706 4068 880 4132 exposuerat,
889 4077 955 4132 per·
1001 4074 1030 4130 p.
1052 4055 1100 4112 δα.
1122 4055 1198 4111 Vixit
1214 4054 1301 4108 homo
1321 4063 1387 4126 post
1410 4053 1596 4106 lastinianum
1615 4051 1660 4124 (v.
1679 4055 1781 4110 Malaia

176 4148 231 4220 git:
241 4143 295 4203 Kal
302 4143 378 4222 ίτερα
386 4143 413 4201 δὲ
423 4146 534 4201 πλεῖστα
543 4147 651 4201 τοιαῦτα
660 4141 702 4200 διδ
712 4145 763 4200 τῶν
773 4143 812 4200 κδ’
822 4141 957 4220 στοιχείων
1002 4161 1033 4216 p.
1047 4140 1116 4210 aas,
1131 4140 1163 4195 13
1172 4136 1193 4216 )‚
1207 4140 1330 4212 ideoque
1343 4139 1380 4194 ad
1397 4157 1449 4192 nos
1463 4137 1535 4193 nihil
1546 4140 1680 4212 pertinet.
1696 4141 1780 4211 Quod

177 4229 352 4310 ἀπαρτίζοντα
365 4229 429 4288 ίδιον
452 4229 549 4288 σκοπὸν
566 4228 683 4308 εὕρομεν,
700 4219 766 4286 οἷον·
789 4227 872 4304 Βίθυ,
888 4227 955 4307 (hp,
1002 4246 1071 4283 vero
1084 4228 1163 4283 addit
1178 4227 1278 4284 Suidas
1296 4226 1417 4282 eundern
1432 4227 1575 4298 scripsisse
1588 4225 1625 4282 ad
1636 4227 1777 4300 Hierony·

176 4317 243 4398 χδὼ,
252 4320 395 4397 πλῆκτρον,
408 4315 492 4397 σρίγξ·
501 4315 591 4375 ὅέστιν
603 4315 692 4383 οὕτως·
706 4315 766 4394 βέδυ
777 4315 846 4374 ἐστίν
860 4322 877 4388 ἡ
890 4313 955 4392 ὑγρίι
1002 4335 1080 4370 annm
1089 4317 1182 4371 nescio
1199 4333 1284 4387 quem
1297 4312 1457 4387 (Rhodium
1468 4313 1685 4385 peripateticum
1696 4315 1779 4370 intel·

176 4405 261 4477 ούσία,
275 4403 355 4483 ζίιψῆ
378 4402 499 4481 πυρώδης
511 4402 595 4474 οὐσία,
611 4400 697 4480 χδὼὴ
716 4405 760 4478 γῆ,
784 4404 914 4480 πλῆκτρον
929 4399 956 4458 δὲ
1001 4402 1063 4477 ligit
1081 4403 1309 4458 Westermannus
1331 4397 1429 4454 Gesch.
1453 4399 1482 4452 d.
1506 4400 1606 4454 Bered.
1633 4399 1650 4471 §
1676 4407 1727 4474 49,
1750 4403 1778 4474 ι)

176 4492 267 4571 δάὴρ,
283 4489 360 4572 σφίγξ
388 4495 405 4561 ἡ
420 4489 519 4549 τούτων
540 4489 614 4570 φιλία
637 4486 680 4546 διδ
703 4488 733 4546 τὸ
757 4488 953 4568 συνεσρίγχδαι.
1001 4485 1062 4566 περὶ
1077 4486 1261 4566 Ἰσοκρατικῶν
1275 4483 1430 4562 σχημάτων,
1443 4495 1540 4558 aperte
1552 4485 1643 4540 aliena
1654 4488 1777 4556 miscuit,

182 4600 1771 4624 ..-..-—----—-----———————-———-

176 4662 359 4722 ysaiammam
372 4657 460 4708 Gadira
469 4659 505 4706 cst
513 4659 584 4706 terrm
590 4656 727 4715 eminentia;
740 4660 791 4716 aut,
802 4654 872 4704 sicuti
883 4655 956 4704 elaa-
1001 4667 1016 4704 a
1029 4651 1191 4702 semiramidis
1200 4651 1280 4700 liberis
1294 4649 1358 4699 iuda
1370 4652 1396 4699 et
1407 4648 1521 4706 idomas.
1534 4649 1621 4697 vocata
1629 4665 1637 4708 ς
1646 4651 1777 4700 secnndmn

175 4735 230 4784 dius
244 4735 322 4784 loiaus
333 4733 391 4783 dicit
400 4734 426 4782 in
441 4733 564 4782 Phoenices
573 4732 686 4792 historia,
699 4745 787 4782 nomen
805 4730 861 4780 inde
875 4729 955 4792 venit,
1001 4731 1126 4782 claudium
1134 4730 1245 4780 ioiaumi
1249 4728 1409 4778 udaeanomea
1415 4725 1612 4788 habetatum,
1618 4729 1743 4789 spartonis
1750 4729 1776 4788 l..

175 4813 239 4876 quod
250 4812 379 4862 Archaieus
388 4811 505 4862 Phocaicis
514 4811 576 4860 iilius
585 4809 813 4872 urbisqueconditor
821 4821 874 4860 eam
883 4809 953 4858 Phoe·
1000 4809 1043 4871 qui
1055 4807 1141 4858 Thebis
1158 4819 1213 4856 cum
1225 4806 1320 4856 Βοσοοο
1331 4805 1356 4854 in
1369 4803 1544 4867 expeditionem
1555 4803 1680 4868 proiectus
1687 4809 1732 4856 est.

175 4893 257 4941 nicam
267 4892 346 4954 lingua
364 4891 399 4940 sic
408 4890 543 4952 appellavit.
554 4891 614 4939 llam
626 4889 696 4952 γάδον
716 4889 781 4952 apud
792 4889 916 4938 Pltoeaioes
924 4886 954 4936 si·
1380 4888 1407 4936 ⁴.

175 4969 344 5033 gaihmtqaod
355 4982 370 5019 a
381 4970 461 5032 parvis
472 4968 544 5018 initiis
553 4968 698 5018 aedificatum
712 4970 759 5018 est.
1031 4972 1133 5032 Lampe,
1142 4967 1201 5018 urbs
1220 4967 1312 5028 cretae,
1331 4966 1363 5016 ab
1382 4971 1559 5028 emmennone
1569 4965 1682 5026 condita,
1692 4977 1775 5014 nonen

553 5050 568 5100 3
1000 5047 1095 5097 inheta
1113 5048 1202 5106 Lampo
1215 5045 1322 5095 Tarrhrei
1335 5043 1393 5092 filio.
1410 5045 1649 5107 Gentilehampaeue
1666 5041 1776 5094 claudius

206 5131 332 5196 Jodaeaiei
340 5131 466 5194 idnnoec)
473 5085 604 5182 ιεοοοοοιιι
612 5128 773 5182 Alexandrum
783 5127 954 5190 Polyiristorem
999 5138 1057 5176 vero
1066 5127 1208 5186 Ιιοιρωιοι
1218 5121 1393 5174 incoissrocat
