3908 5732
851 393 1096 457 FRAGMENTA.
1721 417 1776 466 σοι

534 531 598 589 ια6.
1003 526 1030 582 ἐν
1045 528 1130 606 πολλῇ
1147 529 1251 608 ταραχῇ
1265 527 1321 587 όντι
1335 527 1378 586 διδ
1392 527 1439 601 τήν
1464 530 1572 607 δύναμιν
1584 535 1629 590 τοῦ
1647 532 1782 612 Σεθήρου,

1002 612 1035 670 τθι
1050 614 1147 673 ἐκείνου
1160 617 1260 696 φρονεῖν
1279 623 1497 698 προσεποιοῦντο,
1508 624 1553 678 τοῦ
1575 621 1622 694 μὲν
1637 619 1782 680 Ἰουλιανοῦ

1002 701 1240 780 καταγινώσκοντες
1261 706 1423 784 ἀνανδρείαν,
1432 711 1477 764 τοῦ
1490 706 1517 764 δλ
1543 706 1640 787 Νίγρου
1656 707 1782 785 μίλλησίν

1001 791 1084 850 τεκαὶ
1099 791 1238 871 ῥαθυμίαν.
1251 791 1283 853 Ὁ
1298 791 1325 850 δὲ
1340 793 1477 861 Ἰουλιανθς
1489 795 1590 874 ἀφασίιρ
1599 819 1628 854 τι
1640 797 1703 874 [καί
1719 801 1782 856 ἀπο·

1002 877 1044 956 ρίορ
1057 878 1068 956 ]
1080 879 1255 959 καταληφθείς
1275 879 1374 956 πέμπει
1385 880 1449 960 πρὸς
1463 880 1506 940 τὀν
1516 881 1646 961 Σεόῆρον,
1661 885 1782 945 κοινωνὸν

1001 965 1078 1022 αὐτὸν
1095 970 1141 1036 τῆς
1157 967 1291 1045 βασιλείας
1305 969 1512 1048 ἀποφηνάμενος.

1038 1073 1061 1113 ε.
1084 1052 1119 1113 Ἡ
1134 1055 1161 1112 δὲ
1174 1054 1318 1132 σύγκλητος
1333 1059 1420 1134 δρῶσα
1444 1057 1487 1115 τὸν
1508 1057 1649 1117 Ἰουλιανδν
1672 1061 1700 1117 ε’ν
1718 1063 1783 1118 ἀπο-

999 1139 1110 1215 γνώσει,
1131 1143 1170 1223 τῷ
1184 1141 1212 1200 δά
1234 1141 1346 1224 Σεόήρῳ
1360 1144 1460 1212 πάντας
1477 1143 1530 1216 ήδη
1549 1151 1783 1226 προσχωροῦντας,

999 1228 1129 1309 συνέδριον
1143 1232 1310 1306 ποιησαμένη
1324 1233 1351 1288 ἐν
1372 1231 1462 1312 ἐκείνῳ
1480 1233 1519 1312 τῷ
1535 1231 1622 1312 τόπῳ,
1637 1225 1700 1314 tor}
1719 1259 1783 1294 ποτε

999 1317 1022 1374 οἱ
1036 1315 1130 1375 ύπατοι
1153 1317 1186 1377 τά
1200 1318 1346 1399 πράγματα
1374 1317 1496 1400 διῴκουν,
1512 1319 1652 1401 ψηφίζεται
1672 1324 1716 1381 τὸν
1735 1323 1783 1400 μὲν

169 1437 359 1516 amimae,
374 1436 435 1516 περ]
451 1441 497 1507 τῆς
511 1434 655 1512 Ῥωμαίων
670 1439 754 1515 ἀρχῆς
762 1439 889 1515 διελέγετο
899 1485 907 1512 ,
919 1446 953 1510 ὡς
999 1405 1183 1510 ἀναιρεθῆναι,
1198 1408 1377 1486 άπυδεχθῆναι
1386 1407 1424 1514 ἱδὲ
1438 1408 1515 1514 μάγον
1536 1409 1716 1492 αὐτοκράτορα
1729 1415 1783 1518 ΣΞ.

169 1525 317 1606 ἰρίρριπτο,
333 1523 435 1592 οὗθενδς
451 1523 522 1591 ὄντος
533 1527 580 1630 Ιτοῦ
594 1527 653 1582 κατ’
662 1524 737 1631 ἀξίαν
752 1525 832 1597 αὐτὴν
847 1527 953 1604 λαμθά·
1000 1515 1090 1644 gam
1108 1579 1115 1600 ,
1135 1493 1282 1601 Πρεῖὅείαν
1306 1517 1334 1600 [⁸
1348 1517 1413 1604 προί
1428 1498 1505 1554 αὐτον
1522 1496 1652 1607 {uf-‘m
1671 1498 1714 1607 δίὰ
1730 1523 1784 1628 τω]

168 1635 254 1681 νοντος
269 1613 314 1672 καὶ
327 1611 487 1693 Περτίνακος
507 1633 582 1690 φονον
603 1615 752 1682 ζητουντος·
772 1611 878 1691 ἡγεμών
902 1612 953 1694 γάρ
1041 1603 1167 1657 sewum*
1183 1605 1235 1691 της,
1245 1585 1356 1660 βουληςῖ
1370 1604 1494 1692 mu?
1507 1607 1578 1664 ΜΨ
1589 1587 1783 1692 βίωῦείίίτθ·

168 1704 221 1760 τῶν
236 1701 370 1781 Ἰλλυριῶν
385 1700 429 1758 ἐπι,
445 1697 556 1776 Μάρκου
573 1699 705 1768 καταστὰς
718 1705 731 1760 ὁ
744 1700 872 1780 mmm}
885 1701 953 1779 μνχ-
999 1665 1157 1775 σεῦασμίορς
1170 1691 1263 1744 τιμας·
1282 1669 1325 1728 ἐπί
1349 1669 1377 1727 δὲ
1398 1693 1447 1780 ὶτογ
1483 1673 1616 1731 Ιουλιανον
1625 1674 1782 1780 χιλίαρχον,

170 1813 221 1865 μη,
233 1781 288 1868 χχ,
300 1789 363 1868 παρ,
373 1789 461 1854 αὐτοῖς
477 1787 606 1866 μεγάλως,
999 1755 1191 1864 άπφκτενουγτα
1212 1756 1339 1866 ἀνσνδρον
1363 1781 1408 1816 και
1423 1760 1512 1865 αθλιφν
1533 1760 1695 1868 πρεσόφτην,
1711 1763 1782 1830 ίδίοις

209 1897 233 1937 e.
254 1879 279 1936 Τ
279 1881 375 1935 οιαῦτα
388 1876 473 1934 τοίνυν
487 1874 606 1952 λέγοντος
619 1879 664 1934 τοῦ
680 1873 814 1954 Σεθήρου,
825 1875 952 1934 ἐπέδοσαν
997 1859 1130 1919 mmm
1140 1866 1307 1954 fflm⁶“⁹}'⁰”
1319 1843 1388 1948 {5²⁰³
1401 1866 1515 1952 πονηβον
1528 1867 1611 1912 τως·
1635 1848 1660 1954 9
1675 1847 1722 1924 μὲν
1738 1843 1782 1907 Οὔ*

998 1929 1108 2005 εὑρεθείς
1119 1929 1226 2009 ίρημος,
1236 1953 1351 2012 αισχρως
1361 1933 1548 2011 θλοφυρομενος
1555 1934 1692 2012 άφονευθη.
1705 1935 1782 1996 Ἐπεί

168 1961 274 2072 hrum&
289 1965 313 2022 οἱ
337 1967 510 2068 στρατιῶταά’
530 1961 649 2070 μάλιστα,
662 1962 704 2021 διὰ
723 1963 767 2072 ίὸν
792 1963 952 2073 nepta&
997 2013 1068 2074 δλτά
1082 2017 1156 2096 παρὰ
1169 2022 1215 2090 τῆς
1228 2019 1375 2096 συγκλήτου
1398 2021 1516 2093 ἐδηλώθη
1529 2025 1566 2080 τῶ
1582 2021 1695 2100 Σεῦήρω
1722 2023 1741 2096 ἥ
1753 2048 1782 2084 τε

168 2075 256 2134 φονον’
272 2049 341 2110 ὥστε
366 2073 533 2130 mamm
555 2048 601 2108 καὶ
619 2073 797 2131 mmmm
818 2051 952 2120 αποδειξαι
996 2107 1041 2160 τοῦ
1059 2102 1202 2164 Ἰουλιανοῦ
1226 2106 1368 2186 ἀναίρεσις,
1387 2107 1487 2174 ἀναθάς
1508 2080 1558 2166 ἐπί
1571 2115 1617 2168 τοῦ
1643 2068 1778 2189 βήμθιτος,

168 2137 352 2219 τδνΣεθῆρον.
365 2136 399 2199 ‘0
411 2137 438 2197 δὲ
458 2137 506 2209 τὴν
519 2137 604 2218 ἀρχὴν
620 2137 885 2216 ῦπαδεξάμενος,καί
893 2163 951 2198 τινα
1019 2192 1027 2212 ,
1103 2190 1111 2212 ,
1260 2193 1272 2216 ,
1428 2193 1459 2214 Η
1726 2200 1733 2220 l

168 2225 366 2306 προδιαλεχθεὶς
386 2231 425 2308 τῷ
450 2227 636 2306 στρατοπέδῳ,
656 2225 749 2294 εὐθέως
773 2224 820 2297 τὴν
842 2227 885 2286 ἐπι,
904 2225 952 2299 τὴν
998 2191 1441 2274 αυτοκρατωρκαλλυγουστοεύπο
1461 2195 1593 2273 Ρωμαίων
1608 2199 1779 2278 ἀνηγορευθη.

168 2313 278 2391 Ῥώμην
293 2313 378 2395 ἄφιξιν
393 2315 595 2396 προηγόρευσεν,
608 2315 694 2393 ὀλίγον
710 2313 768 2372 τινά
783 2313 840 2382 δούς
861 2314 951 2395 καιρὸν
1356 2319 1422 2370 ¹27·

167 2403 221 2468 τοῖς
235 2401 407 2481 στρατιώταις
427 2400 608 2470 ἀναπαύσεως.
630 2400 676 2468 Ὡς
700 2401 726 2460 δδ
747 2405 793 2472 τῆς
806 2400 952 2482 ὁδοιπορίας
1038 2404 1104 2460 Exc.
1120 2404 1206 2462 Salm.
1221 2423 1253 2479 p.
1270 2404 1327 2478 397
1350 2401 1492 2482 εΣεθῆρος
1514 2402 1613 2462 ἔστειλε
1635 2406 1782 2485 γράμματα

168 2489 281 2568 ήρξατο,
308 2491 424 2566 οὐδαμοῦ
446 2489 545 2570 τρυφήν
575 2488 714 2569 βασιλικήν
746 2489 952 2566 ἐνδεικνύμενος,
998 2488 1033 2553 είς
1048 2487 1156 2562 Ῥώμην
1169 2494 1318 2561 ὑπαντῆσαι
1333 2492 1404 2570 αὐτῷ
1422 2490 1481 2557 τοὺς
1501 2490 1670 2572 στρατιώτας.
1689 2496 1783 2554 Συνελ·

169 2576 238 2636 ἀλλά
248 2576 295 2636 σύν
307 2581 361 2643 τοῖς
373 2574 546 2657 στρατιώταις
560 2576 743 2655 διαιτώμενος,
756 2577 851 2656 ἀπέστη
861 2601 889 2636 τε
900 2582 953 2645 τοῖς
997 2575 1089 2643 δόντας
1115 2575 1143 2634 δά
1165 2575 1305 2649 ὠνείδισεν,
1319 2576 1410 2655 ιίπὼν,
1436 2575 1476 2636 ότι
1497 2577 1547 2638 κάν
1565 2579 1603 2656 μή
1629 2582 1782 2660 aizoi-ipt-

167 2669 213 2737 τῆς
221 2663 337 2732 Ἰταλίας
350 2663 434 2745 ὅροις,
447 2665 495 2737 τήν
506 2689 534 2724 τε
544 2663 635 2746 φήμην
647 2665 798 2746 προφθάσας
808 2673 861 2733 τοῖς
869 2669 952 2726 ἐκεῖσε
997 2685 1070 2722 νοντο
1084 2664 1233 2743 αὐτόχειρες
1247 2665 1408 2745 Περτίνακος
1426 2671 1472 2724 τοῦ
1488 2667 1628 2746 βασιλέως,
1641 2668 1709 2727 ἀλλά
1723 2671 1780 2730 δίον

169 2751 262 2832 παρών
284 2749 374 2833 ώφθη·
388 2751 433 2810 καί
448 2751 542 2819 πάντες
563 2751 641 2810 αὐτὸν
660 2753 883 2833 δαφνηφοροῦντες
906 2753 952 2812 καί
997 2750 1090 2817 αὐτοὺς
1109 2753 1207 2810 ἀνελεῖν
1223 2752 1280 2819 τοὺς
1295 2753 1499 2822 ἀποκτείναντας
1513 2758 1627 2814 ἰκτῖνον·
1646 2761 1723 2816 τοῦτο
1743 2759 1781 2834 μὴ

169 2849 227 2908 ταῖς
250 2840 345 2908 πύλαις
361 2839 537 2918 ήνεωγμίναες
554 2840 682 2922 ἐδέχοντο.
697 2839 762 2919 [Ὡς
782 2841 902 2901 δὲταῦτα
915 2847 951 2922 τῷ
997 2838 1150 2909 ποιήσαντες
1164 2839 1208 2896 ὑπ’
1221 2841 1332 2898 αῖτίασιν
1342 2841 1393 2898 stol
1405 2840 1493 2921 φόνου.
1511 2869 1523 2894 α
1539 2841 1603 2902 Ἐπί
1615 2843 1720 2922 φυλακῇ
1729 2845 1781 2924 γάρ

168 2927 305 3009 Ἰουλιανῷ
317 2927 510 3006 ἀπηγγέλλετο,
524 2929 550 2986 ἐν
565 2927 667 3007 ίσχότη
681 2929 826 3006 ἀπογνώσει
835 2921 898 3009 ήν,]
908 2937 951 2989 τοῦ
998 2927 1122 3006 βασιλικῇ
1145 2925 1299 3006 ταχθέντες,
1314 2926 1379 3007 ἔφη,
1402 2930 1448 2987 οὒκ
1463 2932 1489 2986 o
1503 2933 1541 3007 τῷ
1559 2931 1687 3010 ἀριστερῷ
1709 2933 1783 3012 μίριι

168 3012 216 3092 μίν
230 3021 342 3095 στρατοῦ
362 3017 408 3086 τὴν
430 3013 539 3092 δύναμιν
551 3016 595 3076 καὶ
610 3015 640 3076 τθ
653 3018 750 3086 πλῆθος
768 3016 879 3090 ἀκούων,
894 3017 952 3077 οῦτε
996 3013 1029 3071 τά
1044 3012 1103 3094 ξίφη
1118 3014 1304 3088 διαζώννυσθε,
1317 3017 1375 3074 ἀλλ’
1390 3018 1464 3097 άντῷ
1486 3015 1572 3097 δεξιῷ.
1584 3043 1597 3070 n
1614 3017 1667 3078 Καὶ
1683 3021 1782 3078 άπολτ·

167 3103 195 3161 δά
206 3107 244 3186 τῷ
260 3103 336 3183 δήμῳ
350 3103 488 3174 πιστεύων,
504 3101 562 3162 οὔτε
583 3111 636 3171 τοῖς
651 3101 824 3184 στρατιώταις
845 3107 949 3184 θαρρῶν
997 3100 1050 3158 θῶν
1064 3101 1098 3158 τά
1110 3099 1179 3160 όπλα
1190 3101 1235 3159 καί
1249 3103 1309 3168 τοθς
1326 3100 1438 3180 ίππους,
1463 3103 1605 3171 ἀπεδίωξιν
1620 3105 1719 3172 αύτούς.
1736 3097 1781 3174 Εἷς

168 3189 213 3258 οθς
236 3189 375 3272 ἐψεύσατο.
394 3191 446 3250 liat
462 3191 505 3249 διά
519 3197 596 3250 τοῦτο
610 3189 668 3250 οὐδὲ
683 3195 727 3264 τῆς
739 3191 840 3259 πόλεως
856 3195 953 3271 προελ·
997 3189 1024 3246 δὲ
1039 3189 1216 3270 στρατιώτης,
1231 3191 1279 3248 οὐκ
1293 3192 1474 3270 ἀνασχομένου
1488 3197 1533 3249 τοῦ
1549 3191 1631 3250 ἵππον
1644 3193 1780 3252 ἀπολιπεῖν

167 3277 220 3336 θεῖν
235 3277 347 3355 ἐτόλμα,
368 3276 439 3336 ἀλλά
454 3277 489 3336 τά
514 3277 586 3336 ἔνδον
600 3277 830 3358 παρασκευάζετο,
850 3281 885 3344 ὡς
904 3275 951 3350 τήν
997 3276 1085 3354 αὐτὸν,
1099 3279 1158 3336 ἀλλ’
1171 3281 1371 3344 ἀκολουθοῦντος
1383 3278 1428 3336 καὶ
1439 3279 1649 3358 χρεμετίζοντος,
1665 3283 1782 3360 ὑπεραλ-

168 3365 288 3447 Σεόήρου
303 3366 392 3446 μάχην
404 3368 430 3424 lo
444 3369 477 3446 τῇ
489 3365 563 3424 πόλει
574 3364 755 3443 ποιησόμενος.
995 3363 1042 3442 γής
1053 3365 1205 3442 γενόμενος,
1218 3365 1262 3423 τθν
1271 3363 1352 3424 ίππον
1360 3365 1492 3446 ἀπέσφαξε
1507 3367 1552 3424 καί
1566 3367 1668 3424 ἑαυτόν.

207 3475 231 3518 ³.
255 3453 372 3516 Ἐκείνου
385 3451 412 3512 δδ
420 3459 505 3512 ταῦτα
522 3451 697 3532 βουλομένου,
713 3455 726 3510 δ
742 3451 859 3531 Σεόῆρος
875 3452 950 3512 κατά·
1035 3443 1144 3521 Οθτοςθ
1155 3452 1277 3533 βασιλεὺς
1285 3453 1316 3512 τό
1330 3453 1472 3522 Βυζάντιον
1480 3454 1645 3534 παραλαῦών
1657 3453 1691 3512 τά
1703 3455 1779 3536 τείχη

170 3543 236 3602 λαθε
250 3543 282 3602 τά
294 3544 384 3622 τείχη,
398 3543 445 3601 καί
456 3542 556 3600 κελεύει
570 3539 613 3600 διὰ
628 3541 715 3612 πάσης
727 3543 787 3599 ὁδοῦ
811 3540 950 3600 λανθάνον·
996 3543 1124 3603 καθεῖλεν.
1143 3531 1209 3620 Εἶχε
1221 3542 1248 3600 δά
1262 3539 1375 3620 πύργους
1391 3541 1458 3600 ίπτδι
1480 3546 1509 3602 lx
1523 3545 1575 3600 τῶν
1587 3542 1713 3623 Θρρκίων
1730 3567 1779 3604 πο·

168 3655 214 3700 τας
229 3631 273 3692 καί
291 3633 452 3713 κρύπτοντας
463 3630 497 3690 τά
512 3629 581 3690 δπλα
592 3634 619 3689 ἐν
634 3631 743 3690 ἰδιωτῶν
758 3628 878 3710 σχήματι
892 3633 949 3688 εἰσ·
994 3631 1047 3688 λῶν
1064 3629 1226 3709 άρχομίνους
1236 3631 1281 3688 καὶ
1293 3630 1336 3689 ἐπὶ
1349 3631 1396 3702 τήν
1417 3630 1541 3712 ἀρκτῴαν
1555 3631 1717 3702 καθήκοντας
1733 3633 1780 3690 θά-

170 3721 245 3778 δῦναι
256 3719 314 3788 τοθς
333 3719 503 3800 στρατιώτας·
516 3719 620 3792 καὶήδη
631 3720 655 3778 οἱ
662 3717 783 3794 πολέμιοι
793 3718 865 3777 ἔνδον
872 3707 949 3790 ήσαν,
994 3717 1105 3774 λασσαν.
1118 3716 1173 3778 Καὶ
1185 3717 1284 3776 τούτων
1299 3718 1323 3776 εί
1333 3741 1372 3786 τις
1383 3718 1463 3799 ίτίρῳ
1473 3742 1511 3797 τερ
1522 3717 1614 3798 πύργῳ
1625 3721 1780 3798 προσῆλθεν,

168 3811 215 3865 τοῦ
224 3807 366 3867 Ἰουλιανοῦ
381 3807 573 3876 ἐξυπτιάζοντας
592 3807 637 3866 καί
651 3810 802 3884 ἀγνοοῦντος
817 3805 850 3864 τά
863 3829 948 3885 πρατ-
994 3806 1101 3881 οὐδεμία
1113 3804 1230 3877 αἴσθησις
1239 3813 1291 3872 τοῖς
1298 3805 1387 3873 άλλοις
1394 3803 1505 3882 δγίνετο·
1513 3809 1536 3864 εἰ
1543 3805 1570 3863 δὲ
1578 3809 1616 3886 τῷ
1624 3806 1720 3885 πρώτῳ
1727 3807 1780 3864 άντ-

168 3895 276 3972 τόμενα.
289 3895 392 3956 *Ereti*
414 3895 537 3954 δὲταῦτα
552 3895 683 3955 διάπυστα
693 3899 731 3974 τῷ
743 3894 820 3974 δήμῳ
835 3893 947 3971 ἐγίνετο,
994 3892 1088 3965 όάησεν
1102 3891 1119 3963 ἢ
1131 3893 1201 3953 λίθον
1213 3892 1368 3973 ά]νε’]6αλεν,
1380 3893 1457 3961 αὐτός
1465 3915 1493 3952 τε
1504 3893 1575 3972 ἥχει,
1586 3892 1632 3951 καλ
1645 3893 1781 3963 σιωπήσας

212 653 280 708 Εκσ.
296 653 339 708 De
355 649 406 704 ins.
428 669 459 724 p.
475 649 511 721 37
529 669 535 704 :
551 638 634 714 Οότος
652 647 794 725 πυθόμενος
820 647 866 722 τήν
890 651 956 712 Ῥω-

172 736 258 812 μαίων
283 733 368 814 ἀρχὴν
382 732 512 814 μετέωρον
527 734 670 814 φερομένην
684 735 854 817 ἁρπάζεσθαι,
873 762 956 796 κατα-

171 821 247 900 γνούς
261 827 306 881 τοῦ
322 819 369 898 μὲν
385 819 527 902 βφθυμίαν,
543 826 586 880 τοῦ
600 823 627 879 δά
639 823 800 901 δυσπραγίαν
811 823 955 902 (ἀνέπειθον

171 909 199 969 δὲ
214 909 291 968 αιἰτθν
305 909 351 968 καί
365 909 485 988 ὀνείρατα
498 907 543 967 καὶ
553 909 670 987 χρησμοί
682 910 727 968 καί
740 909 870 987 σύμόολα·
888 912 955 991 τόγε

171 1000 321 1056 τελευταῖον
336 997 409 1078 ᾠήθη
418 995 462 1054 τὸν
477 996 627 1076 Περτίνακα
642 997 704 1055 ἰδεῖν
728 1001 767 1080 ἐφ’
778 997 860 1058 ίππου
881 1011 954 1081 προῖ-

170 1085 248 1157 όντα,
263 1085 307 1143 τὸν
325 1083 352 1144 δὲ
364 1083 445 1142 ἵππον
458 1087 555 1142 ἰκτῖνον
566 1083 614 1162 μὲν
635 1085 853 1166 ἀποσεισάμενον,
867 1088 954 1160 Σεόῆ·

171 1197 215 1254 ρον
229 1173 259 1232 δύ
280 1171 486 1240 άναλαῦόντα]·
513 1171 581 1230 οὕτω
600 1171 687 1231 τοίνυν
707 1177 721 1231 θ
738 1174 854 1256 Σεθῆρος
870 1179 954 1256 ἀρθεὶς

170 1261 218 1334 τήν
230 1262 338 1340 γνώμην
354 1259 499 1338 ἀπόπειραν
515 1263 567 1318 τῶν
582 1264 748 1338 στρατιωτῶν
767 1263 888 1324 ἐποιεῖτο.
910 1266 953 1326 Τά

173 1349 220 1426 μὲν
242 1353 334 1430 πρῶτοι
359 1349 418 1407 κατ’
437 1347 538 1421 ὀλίγους
551 1349 681 1424 ἡγεμόνας
693 1372 721 1407 τε
733 1348 778 1408 καί
801 1351 953 1432 χιλιάρχους

199 4063 239 4110 rr.
253 4066 305 4109 lto.
318 4059 477 4123 ἁρπάζεσθαι]
488 4061 593 4123 ἁρπάσαι
602 4061 686 4110 codex.
695 4087 728 4096 -
738 4059 911 4122 ζητοῦντος]
921 4059 938 4107 i.
950 4071 973 4108 e.
985 4059 1142 4116 ἐπεξελθόντας
1153 4066 1187 4121 τῷ
1203 4060 1282 4123 φόνῳς
1299 4060 1344 4108 nisi
1356 4059 1436 4121 potius
1445 4059 1491 4108 mit
1500 4059 1632 4121 ἀμύνασθαι
1643 4063 1775 4118 ζητοῦντος.

169 4129 299 4180 Herodian.
314 4149 320 4178 ι
332 4130 397 4192 ῖλεγε
406 4131 431 4178 δά
440 4131 486 4179 δεῖν
498 4131 613 4193 άπαμῖιναι
623 4133 663 4180 καὶ
674 4131 801 4186 ἐπεξελθεῖν
812 4133 847 4190 τῷ
861 4129 1002 4193 Περτίνακος
1015 4130 1086 4194 φόνῳ.
1096 4159 1126 4172 -·-
1136 4130 1151 4194 §
1163 4137 1184 4180 θ.
1196 4131 1310 4194 άφιξιν]
1320 4131 1397 4187 ίῖοδον
1408 4130 1497 4180 Herod.
1510 4134 1545 4192 ΙΙ,
1562 4138 1570 4180 l
1580 4137 1600 4180 1.
1613 4159 1643 4172 -
1652 4129 1780 4194 τρυφήν]

168 4203 241 4260 Hem
251 4201 334 4264 τροφήν
344 4199 431 4248 ωιλ-
445 4203 482 4255 ὡς
493 4201 523 4249 δῖ
532 4203 625 4250 ταῦτα
635 4201 694 4249 κτλ.
703 4198 712 4262 ]
722 4199 814 4248 incluse
823 4199 931 4262 supplevi
941 4213 954 4248 ε
964 4199 1108 4250 Herodiano.
1117 4227 1148 4236 —
1157 4207 1207 4251 τοῦ
1220 4203 1271 4264 μὲν
1282 4207 1410 4265 στρατοῦ
1419 4201 1466 4265 len
1477 4201 1564 4251 Herod.
1574 4219 1582 4262 ;
1592 4201 1669 4251 codex
1682 4203 1778 4264 ετδγὰρ

168 4273 252 4329 πλῆθος
265 4275 307 4319 τοῦ
317 4275 417 4334 στρατοῦ
432 4272 474 4328 τήν
485 4271 582 4334 δύναμιν
591 4272 631 4319 καὶ
640 4272 667 4320 τὸ
676 4271 762 4328 πλῆθος
773 4269 874 4318 ἀκούων.
883 4299 915 4312 -
924 4269 1056 4333 προελθεῖν]
1065 4271 1197 4334 προσελθεῖν
1207 4271 1260 4322 md.
1277 4299 1309 4308 -
1322 4269 1336 4334 §
1348 4277 1373 4322 3.
1391 4273 1417 4321 δι
1425 4271 1558 4336 άπυστα]
1569 4273 1681 4322 διάπιστα
1693 4272 1780 4322 codex.

169 4365 198 4378 -
208 4342 256 4390 διά
267 4343 318 4400 τήν
328 4341 466 4405 δύναμιν]
475 4341 514 4390 διά
523 4357 548 4390 τε
558 4343 601 4399 την
613 4341 662 4390 δνν.
673 4340 760 4390 codex.
770 4369 801 4380 -
811 4339 826 4404 §
836 4343 859 4389 ά.
870 4344 908 4402 τῷ
918 4341 947 4388 δὲ
963 4341 1080 4404 Σεθήρῳ
1089 4341 1216 4404 πάντας]
1226 4347 1272 4390 τῶν
1281 4342 1306 4390 δὲ
1316 4343 1419 4404 Στόήρου
1429 4359 1455 4391 π.
1467 4343 1552 4392 codex.
1564 4369 1595 4382 -
1604 4341 1780 4404 χιλίαρχον]

169 4411 337 4460 meliosomtio
345 4411 483 4473 procederet
490 4411 509 4460 si
517 4424 574 4460 oum
583 4410 717 4461 Herodiano
725 4410 805 4458 dicere
813 4411 899 4458 motor
907 4408 1021 4457 voluisset
1032 4428 1039 4456 ι
1050 4410 1212 4472 ἀποπέμπεται
1221 4410 1341 4474 χιλίαρχον
1351 4412 1486 4462 άποκτιῖναι
1497 4413 1607 4475 ἄνανδρον
1616 4413 1666 4460 κτλ.
1673 4439 1705 4452 -
1712 4412 1779 4461 ἀναί-

169 4497 246 4542 ρεσις,
257 4479 361 4542 άναθδς]
371 4482 436 4530 lnter
445 4493 468 4528 ν.
481 4481 595 4544 διαίρεσις
607 4483 632 4530 et
643 4481 731 4536 άναδδς
741 4480 866 4542 comptum
876 4481 965 4530 ornlsse
974 4480 1039 4528 sunt.
1053 4479 1150 4529 seilicet
1160 4481 1271 4530 nontintn
1282 4495 1341 4531 nere
1352 4482 1457 4543 loliani,
1469 4487 1573 4532 severus
1584 4487 1687 4532 Romam
1700 4482 1779 4542 misit,

168 4549 211 4612 qnl
221 4548 335 4610 juberent
344 4550 432 4600 milites
440 4549 531 4612 eosque
541 4551 614 4600 ermis
623 4565 653 4600 ex
664 4551 723 4600 urbe
732 4550 829 4598 obviem
838 4551 887 4610 tro,
897 4549 1066 4612 imperatorem
1077 4551 1232 4601 τιλιιῖαῖυτοε.
1246 4555 1301 4608 Qno
1311 4553 1389 4614 laeto,
1399 4553 1477 4603 ciprii
1490 4554 1608 4615 inermes,
1624 4565 1709 4604 nerem
1719 4555 1778 4602 Per·

169 4618 254 4668 tinools
263 4618 291 4668 iis
299 4617 444 4680 exprobret,
453 4631 482 4668 εσ
490 4619 601 4683 deinceps
609 4621 721 4682 dispellit.
734 4619 794 4670 vitle
805 4621 832 4670 lr.
847 4625 899 4670 lli.
911 4623 968 4670 Post
977 4620 1031 4670 limo
1040 4623 1141 4669 Romam
1151 4621 1270 4684 ingressus
1279 4624 1304 4672 in
1315 4627 1399 4674 senatu
1409 4624 1482 4673 verbe
1495 4624 1561 4672 lecit.

200 4691 242 4738 Fr.
263 4693 316 4740 127.
330 4689 412 4740 Severi
424 4688 455 4738 nd
466 4689 553 4740 milites
564 4694 686 4742 llomenos
699 4691 832 4740 orationem
843 4690 916 4742 hebes
925 4705 964 4754 ep.
981 4689 1143 4742 Herodianum
1162 4694 1200 4748 ll,
1221 4697 1264 4752 ¹³3
1281 4693 1323 4743 sed
1333 4697 1414 4742 noetm
1426 4693 1459 4742 ibi
1470 4707 1518 4742 non
1536 4691 1657 4755 leguntur.
1675 4692 1780 4741 loannes

169 4771 214 4809 ειιε
228 4759 329 4809 δινσιε
339 4761 430 4820 Dione,
440 4773 470 4808 ει
480 4774 529 4822 quo
539 4763 611 4812 etiem
620 4761 758 4824 morientis,
767 4762 799 4818 εῑς
808 4762 833 4810 δὲ
842 4764 984 4825 στρατιώτης
995 4763 1045 4810 κτλ.
1054 4795 1062 4820 ,
1073 4760 1207 4822 exscripsit.
1218 4763 1280 4813 Vide
1290 4762 1403 4826 xiphilin.
1419 4763 1532 4819 LXXlV.
1544 4765 1568 4810 t.
1578 4787 1610 4796 -
1619 4761 1677 4809 ἀλλ’
1695 4761 1723 4808 ἐν
1738 4764 1778 4822 τῷ

169 4829 271 4893 δεξιῷ]
281 4832 362 4881 llonet
370 4831 401 4882 de
411 4829 448 4880 nt«
459 4833 589 4884 θεῖαιαεῖοε
598 4832 629 4882 οδ
638 4834 685 4884 AEl.
695 4833 848 4894 Sportionnm
858 4833 883 4882 in
891 4837 973 4884 sever.
984 4847 1007 4883 υ.
1018 4839 1047 4893 δ,
1058 4844 1108 4893 qno
1123 4831 1177 4879 loeo
1195 4833 1267 4882 etiem
1284 4835 1458 4894 excerptorum
1476 4833 1614 4880 nostrorum
1630 4828 1778 4878 mentionem

169 4903 237 4952 lecit.
251 4901 289 4952 ct.
299 4902 397 4965 interpr.
411 4903 443 4952 nd
455 4903 543 4965 lliplril.
557 4904 574 4952 l.
586 4906 603 4954 l.
615 4929 646 4942 -
656 4903 833 4968 Βυζάντιον]
848 4906 883 4954 δε
893 4907 963 4966 capto
979 4903 1093 4966 Byzantio
1103 4913 1127 4948 ν.
1140 4901 1266 4951 llorodion.
1279 4906 1325 4964 ill,
1335 4909 1361 4963 δ,
1374 4903 1400 4951 rt
1411 4901 1525 4963 Xiphilim
1539 4900 1652 4958 thllv,
1666 4901 1702 4946 ll.
1717 4901 1778 4955 Qum

169 4971 595 5035 deterribnsrocalibusseqoontur,
606 4987 637 5023 ex
647 4974 722 5024 Dione
731 4973 805 5036 petito
816 4975 881 5022 sunt.
891 5002 922 5015 -
931 4976 1019 5039 ῖτέρῳ
1030 4993 1069 5038 τῳ
1081 4971 1196 5035 πύργῳ]
1211 4975 1235 5022 lo
1248 4975 1319 5037 ῖτέρῳ
1329 4974 1409 5036 πύργῳ
1419 4971 1506 5022 codex.
1516 4971 1594 5030 -τῷ
1608 4966 1714 5029 πρώτῳ
1724 4967 1777 5016 los·

169 5041 321 5106 δόησεν]ο
335 5043 442 5104 xiphil.;
452 5044 476 5092 tv
487 5048 522 5106 τῷ
537 5060 577 5106 πρ.
588 5043 712 5102 ἀνεάόησεν
728 5044 813 5094 codex.
824 5071 855 5084 -
870 5043 1044 5107 σιωπήσας]
1060 5045 1105 5092 lroo
1121 5043 1268 5104 excerptoris
1283 5047 1328 5104 est.
1345 5046 1380 5092 lte
1395 5039 1510 5102 xiphilin.
1524 5057 1529 5088 ι
1543 5038 1612 5092 αὐτὸς
1630 5037 1655 5085 δά
1667 5037 1720 5098 ἤχει
1736 5039 1777 5085 καῖ

169 5111 261 5172 ἐλάλει,
272 5115 312 5160 καῖ
321 5117 356 5175 τῷ
365 5114 464 5176 δευτέρῳ
473 5114 500 5162 τδ
511 5115 568 5162 αὐτὸ
578 5119 646 5162 τοῦτο
656 5119 730 5163 ποιεῖν
741 5115 880 5176 παρεδίδου·
893 5116 933 5162 καὶ
946 5115 1008 5163 οὕτω
1021 5115 1060 5163 διά
1070 5111 1165 5161 πάντων
1179 5111 1267 5173 ὁμοίως
1281 5112 1372 5174 ἐχώρει.
1384 5112 1499 5159 ceterum
1510 5107 1594 5156 eedem
1606 5105 1679 5154 hebet
1690 5105 1777 5154 soldos

172 5195 195 5228 ν.
209 5181 346 5243 Βυζάντιον,
357 5183 486 5244 praemissis
496 5181 574 5232 verbis
583 5181 710 5232 Herodieni
722 5183 785 5244 (lu,
797 5189 804 5230 t
815 5185 861 5244 ,6)
872 5202 877 5231 ι
888 5183 942 5232 Ὀτι
953 5185 979 5232 τὸ
993 5182 1114 5240 Βυζάντιον
1124 5183 1161 5231 ἐπὶ
1172 5183 1274 5245 Σιδήρου
1283 5187 1324 5230 τοῦ
1335 5181 1450 5244 βασιλέως
1458 5184 1505 5228 τῶν
1514 5175 1639 5241 Ῥωμαίων
1648 5174 1777 5239 τετείχιστο
