3830 5720
470 298 1039 436 THEOPHANES
1077 295 1562 436 BYZANTIUS.
1646 347 1649 355 ·

868 605 1147 638 ...ι-ψ...-

258 808 444 882 Theophanes
469 809 634 880 Byzantius,
659 825 676 862 a
700 807 817 880 reliquis
844 807 891 862 iile
915 807 997 880 hujus
1043 804 1085 864 διά
1099 805 1273 882 Κομιντιάλου
1285 805 1779 886 ΣουανίανπαρθΧοσράουθιταιτοδντος,

216 898 339 952 nominis
358 897 545 970 scriptoribus
561 895 653 970 probe
672 895 900 968 distinguendus,
915 895 996 948 libris
1042 895 1121 952 αὐτοῦ
1136 893 1164 952 δέ
1178 897 1378 970 ὕποτιθεμένου,
1393 895 1422 952 οὗ
1443 893 1531 968 μέντοι
1545 896 1672 963 διδοῦντος·
1690 897 1748 966 iane
1759 924 1780 958 τε

218 985 314 1040 decem
324 984 499 1056 consignavit
509 1000 554 1036 res
563 982 666 1036 Justini
677 993 705 1037 et
713 983 822 1040 Tiberii
834 980 995 1055 (565-5811,
1041 988 1058 1054 ἡ
1073 981 1266 1058 Μεσοποταμία
1278 990 1353 1040 πᾶσα
1371 981 1488 1054 ἐσείσθη,
1503 982 1629 1061 προοίμιον
1639 987 1685 1042 τῶν
1696 987 1780 1044 ἐπελευ-

217 1089 249 1126 ac
263 1089 321 1146 prae
344 1071 444 1124 ceteris
463 1086 497 1124 ea
519 1068 633 1124 videtur
652 1079 816 1143 persecutus
838 1085 912 1134 csse,
934 1085 997 1140 quae
1043 1066 1159 1144 σομένιυν
1174 1071 1261 1126 κακῶν
1277 1067 1413 1146 γενομένη.

217 1169 317 1212 contra
328 1159 424 1211 Persas
436 1157 622 1229 imperatores
633 1157 756 1210 Romani
767 1164 921 1230 gesserunt.
937 1155 996 1208 lni·
1081 1173 1104 1214 a.
1120 1151 1185 1213 Ὅτι
1197 1154 1229 1211 τδι
1242 1153 1306 1232 πρδς
1319 1145 1393 1235 stipor
1404 1153 1498 1231 άνεμον
1510 1159 1554 1214 τοῦ
1564 1155 1681 1222 Τανάϊδος
1690 1159 1780 1234 Τοῦρκοι

217 1247 287 1298 tium
307 1244 491 1298 historiarum
508 1244 627 1317 sumpsit
646 1243 682 1296 als
696 1261 770 1297 anno
790 1261 849 1314 quo
872 1243 995 1298 loannes
1042 1239 1164 1316 νέμονται
1181 1242 1205 1298 οἱ
1218 1240 1301 1297 πάλαι
1316 1241 1490 1318 Μασσαγέται
1504 1240 1665 1318 καλούμενοι,
1678 1241 1714 1308 oie
1727 1244 1782 1322 Πίρ

216 1332 407 1388 Comentiolus
419 1331 456 1385 ad
466 1333 614 1385 Persarum
629 1349 726 1404 regem
737 1331 908 1404 legationem
925 1331 998 1386 obiit
1043 1350 1087 1386 σαι
1106 1327 1188 1408 οἰκείογ
1207 1327 1313 1406 γλώσσῃ
1337 1328 1524 1408 Κερμιχίωνάς
1542 1351 1611 1408 φασι.
1627 1329 1675 1389 llal
1687 1331 1748 1389 αὐτοὶ
1762 1329 1782 1388 δέ

217 1418 294 1494 (566)
306 1439 314 1486 ;
327 1435 383 1490 qua
394 1437 481 1490 quum
488 1418 559 1471 nihil
568 1419 693 1474 lustinus
702 1417 865 1494 proficeret,
878 1419 995 1486 loedera,
1043 1416 1068 1472 έν
1081 1417 1118 1494 τῷ
1132 1414 1190 1472 τότε
1202 1417 1272 1494 δῶρα
1285 1415 1330 1474 καὶ
1342 1415 1463 1494 πρέσθεις
1477 1417 1540 1494 πρὸς
1556 1415 1657 1494 βασιλέα
1669 1416 1783 1476 ’loomim

216 1524 278 1578 quae
289 1505 462 1560 Justinianus
474 1505 646 1560 etChosroes
658 1506 686 1560 in
694 1523 782 1560 annos
792 1505 997 1578 quinquaginta
1043 1500 1170 1573 irretiat,
1181 1500 1296 1580 δεόμενοι
1305 1500 1342 1576 μὴ
1352 1502 1524 1570 ὑποδέξασθαι
1534 1503 1607 1562 αὑτὸν
1616 1501 1782 1583 rebellisque.

215 1593 394 1668 pepigerant,
408 1603 492 1666 rupta
506 1603 571 1646 sunt
585 1589 674 1668 (566).
688 1592 776 1648 Liber
785 1593 901 1646 ultimus
915 1592 998 1647 desiit
1044 1589 1162 1648 ‘ostra
1175 1589 1348 1668 imprimitis
1362 1591 1408 1649 καὶ
1422 1589 1727 1671 άντιριλορρονησάμενος,
1738 1590 1784 1648 lai·

216 1679 320 1734 inbelli
329 1678 394 1733 inde
405 1677 441 1732 ab
452 1695 526 1732 anno
539 1675 594 1748 ὅρα
606 1681 728 1753 suseepti
742 1696 846 1734 annum
856 1678 997 1732 decimum
1042 1680 1118 1735 λυσεν
1131 1679 1166 1744 τίς
1180 1676 1212 1734 τὰ
1229 1679 1323 1736 οἰκεῖα.
1337 1678 1400 1745 Τοῖς
1418 1677 1446 1736 δέ
1458 1677 1576 1758 Ἀάάροις
1593 1677 1688 1756 ὕστερον
1703 1679 1784 1736 ἐλθοῦσι

217 1763 293 1841 (ὅθι)
304 1809 312 1839 ,
325 1768 382 1821 sire
392 1765 422 1820 in
431 1766 536 1820 Tiberii
547 1783 652 1820 annum
660 1778 847 1841 postremum.
860 1765 997 1820 Praeterea
1042 1765 1087 1822 καὶ
1103 1763 1250 1824 Παννονίαν
1269 1767 1374 1837 οῐκῆσαι
1388 1764 1435 1825 καὶ
1453 1765 1557 1844 εἰρήνης
1571 1773 1652 1844 τυχεῖν
1667 1763 1786 1841 δεομένοις,

217 1853 404 1926 Theophanes
420 1871 464 1908 res
477 1853 628 1906 Justiniani
650 1853 852 1928 descripserat,
868 1852 996 1924 aliosque
1043 1851 1085 1910 διὰ
1099 1851 1142 1910 τὸν
1163 1852 1228 1931 πρὸς
1248 1852 1307 1921 τοὺς
1328 1853 1461 1932 Τούρκους
1476 1853 1553 1930 λόγον
1572 1852 1616 1910 καλ
1631 1852 1673 1918 τὰς
1685 1849 1787 1920 συνδίκοις

216 1937 306 1994 libros
320 1939 371 2012 (de
386 1939 471 1994 rebus
487 1941 635 2013 Maurieiii
651 1940 746 1995 nescio
763 1957 913 2012 quousque
927 1955 995 2012 per·
1042 1941 1089 1998 οὒκ
1099 1937 1248 2000 ἐπαίσατο.
1639 1957 1644 1969 ’

216 2027 335 2081 tinentes
349 2027 383 2080 iis
397 2045 459 2100 quae
474 2025 590 2080 Photius
602 2027 710 2100 legerat
728 2026 826 2081 decern
840 2025 996 2080 volumini·
1082 2045 1104 2087 a.
1118 2023 1182 2087 Ὀτι
1201 2025 1247 2098 τλν
1266 2029 1317 2085 τῶν
1338 2025 1483 2098 σκωλήκων
1496 2025 1595 2104 γένεσιν
1612 2022 1671 2104 ἀνὴρ
1691 2022 1787 2099 Πέρσης,

216 2113 270 2166 bus
281 2114 475 2184 subjunxerat.
487 2114 638 2188 Scripserit
649 2124 749 2170 auctor
758 2113 996 2188 postremisannis
1044 2111 1224 2193 βασιλεύοντος
1243 2113 1445 2190 Ἰουστινιανοθ,
1467 2117 1493 2173 έν
1519 2113 1648 2191 Βυζαντίῳ
1672 2109 1785 2180 ὑπέδειξεν,

216 2202 347 2256 Mauricii
360 2203 431 2274 imp.
1043 2200 1116 2259 οὔπω
1139 2200 1264 2280 πρότερον
1300 2201 1466 2276 ἐγνωσμένην
1496 2200 1647 2279 Ῥωμαίοις.
1674 2189 1745 2264 oio<
1768 2195 1789 2254 il

481 2339 488 2350 .
561 2339 567 2351 .
1043 2291 1073 2347 ist
1095 2291 1188 2368 Σηρῶν
1208 2287 1329 2366 ὁρμηθείς
1343 2291 1357 2346 δ
1371 2289 1490 2368 Πέρσης,
1512 2289 1543 2348 τθ
1557 2286 1655 2365 σπέρμα
1674 2289 1719 2343 τῶν
1738 2307 1789 2342 σκυι·

405 2339 523 2394 Pholum
536 2337 610 2396 Bffll'
630 2338 696 2393 ⁰⁰d'
711 2337 774 2404 64³
1041 2375 1128 2447 λνίκιυν
1156 2379 1182 2435 ἐν
1208 2377 1317 2455 νάρθηκι
1342 2375 1434 2434 λαθὼν
1459 2375 1540 2456 μέχρι
1565 2372 1696 2442 Βυζαντίου
1717 2369 1790 2429 διεσθ-

255 2471 463 2550 Ἀνεγνώσθησαν
474 2472 624 2554 Θεοφάνους
636 2473 780 2542 Βυζαντίου
789 2473 938 2554 Ἱστορικῶν
951 2471 997 2532 λθ·
1041 2485 1123 2540 αααα,
1145 2463 1191 2521 ναί
1206 2469 1251 2522 ταῦ
1273 2463 1347 2542 ἔαρος
1368 2463 1514 2543 tpieptioo
1537 2461 1581 2523 tat
1600 2460 1644 2532 νδν
1657 2458 1739 2539 iiiiii
1751 2461 1790 2514 νῶν

217 2582 257 2636 γοι
272 2558 345 2620 δέκα.
356 2559 479 2638 Ἀρχεται
493 2557 656 2640 δέδπρῶτος
668 2561 742 2640 λόγος
750 2561 801 2618 άπθ
809 2567 854 2619 τοῦ
866 2563 995 2641 Περσικοῦ
1042 2549 1192 2626 ανααμίνανν
1221 2549 1325 2630 illim*
1349 2553 1468 2631 ἔπαφῆαν
1496 2550 1533 2608 ἀθ
1560 2548 1703 2629 ανέθμννΨ
1724 2540 1791 2603 illi

217 2645 334 2722 πολέμου
349 2651 393 2705 τοῦ
407 2645 548 2712 συστάντος
570 2646 637 2722 μετὰ
655 2647 701 2718 τὴν
716 2649 832 2707 διάλυσιν
847 2651 899 2706 τῶν
916 2669 996 2706 σπον-
1040 2638 1170 2718 τραφέντα
1185 2645 1237 2704 ταῖς
1253 2635 1358 2716 tillim<
1378 2637 1557 2718 ἕαταραῗῦηαί
1570 2659 1597 2696 αἱ
1610 2635 1651 2694 ναί
1665 2633 1738 2692 νων
1749 2633 1791 2708 ili‘

216 2735 279 2810 δῶν,
295 2732 324 2799 θς
335 2732 538 2799 Ἰουστινιανδςθ
550 2735 671 2813 βασιλεὺς
682 2735 727 2794 καλ
737 2735 997 2816 ΧοσρόηςδΠερσῶν
1041 2725 1152 2802 itim-
1170 2716 1222 2784 Ὧν
1236 2725 1285 2795 i'it
1297 2747 1326 2783 αα
1341 2724 1440 2802 timii
1453 2726 1498 2784 sal
1514 2725 1562 2795 τὴν
1580 2721 1695 2802 iiiiii&
1708 2723 1720 2778 l
1733 2723 1791 2798 llll

216 2819 339 2890 ἀλλήλους
360 2819 455 2878 ἔθεντο.
476 2819 578 2880 'Eleos
601 2819 628 2879 δὲ
653 2820 772 2900 Χοσρόης
790 2844 818 2878 τε
837 2819 928 2895 αὐτὸς,
951 2819 996 2880 καί
1041 2801 1792 2906 lei<’tourriacirrepovwn'ratpxuetemerantem:

217 2899 369 2978 ’ίονστῖνος,
383 2905 501 2985 διάδοχος
514 2905 696 2966 Ἰουστινιανυῦ
708 2908 858 2979 καταστάς,
874 2905 994 2986 δευτέρον
1041 2921 1095 2958 σαν·
1110 2901 1145 2960 Ol
1160 2899 1211 2979 tit?
1228 2901 1342 2976 Ταῦρναῑ
1356 2897 1414 2956 νέαν
1433 2898 1468 2957 τά
1485 2923 1516 2957 αα
1539 2900 1630 2976 Σηρῶν
1644 2891 1743 2970 ἐμπόρια
1758 2907 1793 2946 ¹²⁸²

216 2991 288 3060 ἔτους
310 2997 356 3064 τῆς
376 2995 460 3072 ἀρχῆς
477 2995 547 3074 αὐτῷ
568 2994 766 3074 περαιουμένοις,
791 2995 946 3074 Ἀρχόμενος
968 2993 995 3052 δὲ
1040 2985 1099 3053 τοὺς
1121 2984 1230 3062 λιμένας
1252 2993 1388 3063 κατεῖχον·
1409 2991 1493 3045 ταῦτα
1517 2985 1545 3045 δέ
1567 2984 1625 3064 πρίν
1646 2980 1690 3058 μέν
1713 2975 1794 3055 sss'pmt

217 3081 332 3137 ἐντεῦθεν
348 3083 394 3151 τῆς
405 3079 519 3160 ἱστορίας
534 3080 634 3139 κάτεισι
647 3081 725 3160 μέχρι
739 3081 848 3140 δεκάτου
863 3081 934 3148 ἔτους
946 3083 996 3138 αὖ·
1042 3083 1178 3153 κατεῖχον·
1201 3071 1364 3154 Ἐρθαλιίνου
1386 3071 1413 3131 δέ
1434 3078 1480 3132 τοῦ
1495 3072 1658 3154 Ἐρθαλιτῶν
1678 3061 1793 3146 permitat,

216 3170 261 3224 τοῦ
277 3171 322 3224 τοῦ
336 3167 463 3244 πολέμου.
481 3167 622 3243 Μέμνηται
632 3167 659 3226 δέ
674 3171 699 3226 έν
714 3169 781 3248 τῷδε
795 3172 832 3249 τῷ
845 3168 940 3249 πρώτῳ
950 3172 997 3227 τοῦ
1041 3160 1069 3228 ἕξ
1082 3153 1111 3219 αὖ
1123 3161 1168 3220 καί
1182 3159 1211 3218 τὸ
1223 3159 1295 3237 γένος
1309 3159 1370 3238 ἶαχα
1385 3159 1432 3231 *lt
1444 3163 1551 3233 αλῆαῑν,
1569 3157 1680 3237 Παρθίαν
1689 3151 1728 3212 ανδ
1740 3149 1792 3228 flii

218 3251 320 3330 βιάλίου
343 3253 413 3333 λόγῳ
434 3253 479 3312 καὶ
497 3253 531 3312 τὰ
551 3255 619 3314 κατὰ
643 3255 826 3316 Ἰουστινιανθν
849 3257 996 3334 ἱστορῆσαι.
1041 3271 1088 3315 σας
1103 3247 1271 3324 νῑκαίαανααα,
1288 3246 1455 3328 ἀφῃρέθησαν
1477 3247 1526 3323 μὲν
1548 3245 1643 3305 τούτων
1659 3243 1681 3300 0l
1701 3237 1794 3314 ssipen,

177 3403 181 3414 ,
216 3341 257 3399 Οὐ
271 3340 322 3416 μὴν
339 3338 407 3398 ἀλλὰ
420 3340 496 3413 δῆλός
508 3343 588 3421 ἔστιν,
601 3347 635 3410 ὡς
646 3343 691 3402 καὶ
707 3342 797 3424 ἐφεξῆς
808 3345 859 3400 τῶν
875 3341 937 3399 δέκα
951 3339 997 3400 λά·
1042 3335 1165 3394 δεσπόται
1179 3334 1206 3394 δὲ
1218 3334 1383 3406 κατέστησαν
1394 3335 1565 3415 Ἔρθαλῖται.
1580 3331 1633 3396 Οὓς
1646 3327 1723 3406 μικρῷ
1735 3321 1794 3380 θνα·

216 3449 268 3502 γιον
294 3427 395 3506 ἑτέρους
413 3427 544 3496 συνέταξε.
571 3429 680 3498 Διέξεισι
704 3431 731 3488 δέ
755 3432 781 3487 έν
802 3427 849 3504 μέν
869 3429 935 3507 τῷδε
959 3431 997 3507 τῷ
1043 3446 1085 3503 ρον
1107 3423 1181 3502 μάχῃ
1201 3421 1353 3492 νικήσαντας
1373 3423 1487 3500 Ταῧρααν
1510 3421 1615 3500 &pallor
1628 3416 1653 3483 ἕξ
1672 3414 1746 3471 αὐτῶν
1761 3404 1796 3512 iffi

216 3513 301 3594 λόγῳ,
316 3513 386 3580 ὅπως
408 3515 435 3571 αἱ
454 3515 563 3572 σπονδαὶ
582 3514 760 3594 συνεχύθησαν
784 3514 925 3575 Ἰονστίνου
949 3515 997 3590 μέν
1041 3515 1135 3570 ταῦτα.
1152 3510 1288 3574 Ἰουστῖνος
1303 3507 1330 3566 δέ
1343 3507 1488 3588 Ζήμαρχον
1505 3511 1531 3576 ἐς
1543 3505 1602 3572 τοὺς
1614 3501 1735 3583 Τοθρκονς
1746 3515 1796 3574 npe-

224 3613 1791 3652 ———.........--.------—-—--——-····

246 3675 313 3725 Lecti
326 3678 383 3725 sunt
402 3676 552 3738 'streophanis
567 3679 820 3740 constantinopolitani
839 3677 996 3728 Historiarum
1041 3687 1100 3724 aum
1125 3675 1293 3736 imperatorem
1313 3673 1436 3733 legarunt,
1451 3685 1483 3721 ne
1496 3677 1590 3722 Avares
1610 3665 1729 3728 reciperari,
1744 3658 1797 3707 νέαν·

216 3751 271 3800 libri
286 3751 385 3814 decem,
403 3766 506 3814 quorum
518 3754 610 3816 primus
620 3753 716 3802 initium
732 3755 798 3803 ducit
809 3755 840 3804 ab
852 3753 892 3803 illo
903 3753 997 3804 Persico
1041 3754 1135 3800 erentes
1146 3753 1183 3813 (ο.
1192 3757 1236 3801 568
1244 3753 1261 3810 ).
1270 3752 1312 3800 ilie
1322 3737 1798 3810 munenttbenteraeeeptt,orantqueadtt

217 3827 295 3886 bello,
315 3828 379 3889 quod
394 3829 469 3891 ruptis
487 3829 538 3890 iam
561 3829 688 3880 ioederihns
702 3831 730 3880 iis
748 3835 859 3881 exortum
875 3832 924 3892 est,
939 3843 995 3893 qum
1043 3828 1295 3890 benevolentiamque
1306 3827 1460 3876 humanitatis
1468 3839 1556 3888 genere
1568 3825 1655 3886 legatos
1667 3817 1796 3878 completus,

216 3903 364 3954 Justinianus
374 3907 501 3968 imperator
511 3910 535 3956 et
542 3907 674 3966 Ghosroes,
690 3911 813 3958 Persarum
825 3923 883 3968 rex,
893 3907 996 3956 invicem
1041 3906 1141 3954 domum
1149 3905 1247 3954 remisit.
1257 3907 1387 3965 Quumque
1398 3904 1468 3953 arari
1477 3917 1535 3952 moa
1543 3893 1743 3955 ammantat
1752 3893 1798 3939 Pil

217 3981 389 4030 constituerant
402 3985 476 4044 (sut).
488 3984 599 4034 Solverat
609 3997 637 4033 ea
645 3984 762 4034 chosroes
771 3986 833 4048 ipse,
845 3989 868 4034 et
877 3985 997 4044 tustinus,
1042 3985 1139 4033 aoniam
1148 3985 1379 4045 habitare,paeeque
1387 3983 1432 4032 troi
1442 3983 1609 4030 Romanorum
1617 3963 1799 4038 preeairanturi⁰b

216 4060 230 4106 J
233 4057 343 4106 nstiniani
354 4057 403 4118 jam
410 4072 541 4120 successor,
552 4063 657 4111 exeunte
666 4062 741 4110 altero
751 4063 842 4124 imperii
849 4074 912 4110 anno
921 4061 995 4122 (566).
1041 4060 1122 4110 datam
1128 4062 1213 4111 Turris
1219 4060 1289 4109 iidem
1295 4063 1424 4122 pactasque
1429 4057 1579 4107 conditiones
1585 4053 1697 4116 repulsam
1702 4043 1798 4127 tulerunt.

217 4133 278 4183 Hine
288 4147 343 4196 ergo
352 4135 512 4184 narrationem
524 4137 676 4199 auspicatus,
689 4139 764 4201 pergit
776 4152 847 4200 porro
859 4137 890 4186 ad
905 4150 996 4187 annum
1077 4144 1099 4186 a.
1119 4138 1266 4199 Bombyeum
1285 4137 1400 4198 originem
1421 4135 1494 4183 homo
1516 4132 1616 4195 quidam
1642 4133 1720 4184 Persa,
1738 4121 1799 4172 ναῦν·

218 4225 292 4272 nsque
304 4211 359 4261 belii
371 4211 500 4262 decimum.
517 4214 625 4264 Meminit
641 4228 696 4264 rere
712 4217 757 4265 hoe
772 4217 822 4279 ipso
835 4217 914 4279 primo
927 4215 996 4264 rolu·
1041 4214 1112 4262 niano
1121 4214 1266 4275 imperante,
1275 4211 1480 4272 constantinopoli
1488 4208 1731 4265 sementariarum
1742 4197 1799 4244 antu

217 4287 282 4336 mine
289 4287 725 4353 iibri‚saripsisseeaquoquesequae
734 4292 779 4340 sub
786 4293 921 4340 Justiniano
931 4295 997 4352 gesta
1042 4290 1153 4340 Romanis
1173 4290 1300 4351 cognitam.
1314 4289 1358 4338 Hic
1376 4291 1473 4338 Persae
1486 4290 1575 4337 serum
1592 4282 1684 4344 regione
1699 4274 1801 4340 protectus

216 4369 286 4425 sanat,
300 4367 348 4414 imo
359 4369 383 4416 et
400 4368 479 4428 plures
490 4381 545 4416 eum
563 4369 646 4432 decem
660 4370 724 4419 hisce
735 4371 886 4431 subjunxisse
910 4369 996 4431 libros,
1041 4367 1158 4415 vermium
1169 4379 1249 4416 semen
1261 4366 1336 4416 ferula
1345 4364 1479 4424 inclusum,
1490 4355 1716 4419 constantinopolim
1723 4351 1800 4398 satam

216 4443 274 4491 satis
298 4442 423 4492 manifeste
444 4446 551 4506 apparet.
575 4448 659 4495 Narrat
681 4449 763 4496 autem
783 4447 829 4495 hoe
850 4446 925 4508 libro,
949 4459 997 4508 qua
1041 4443 1191 4505 deportarit,
1206 4455 1235 4491 ae
1253 4455 1311 4492 vere
1331 4442 1429 4491 ineunte
1447 4440 1472 4490 in
1484 4439 1629 4488 alimentum
1639 4426 1800 4484 moritoliisse·

218 4519 310 4567 ratione
321 4523 391 4580 pacta
408 4523 526 4570 conventa
537 4522 584 4571 sint
595 4522 726 4584 dissoluta,
742 4535 818 4585 quum
830 4525 940 4573 tustinus
956 4536 997 4584 per
1041 4521 1107 4568 mina
1120 4519 1249 4582 imposuit:
1262 4531 1318 4582 quas
1330 4519 1392 4568 loliis
1402 4517 1508 4578 notam,
1519 4518 1545 4565 et
1554 4516 1579 4564 in
1590 4513 1639 4562 aias
1649 4523 1673 4559 se
1682 4501 1800 4558 induenti.

219 4595 397 4645 comentiotum
405 4597 659 4648 suaniamachosroe
673 4598 848 4662 repeteret(cf.
858 4599 997 4650 Menandri
1041 4598 1066 4645 et
1080 4596 1139 4645 mire
1152 4599 1276 4657 coeperunt
1289 4595 1391 4658 operari.
1408 4588 1716 4666 Ergobombypumortun
1735 4583 1801 4628 exer·
1855 4647 1856 4662 γ

219 4671 253 4724 fr.
266 4673 320 4733 15),
338 4673 388 4734 ipse
400 4685 456 4722 rem
474 4673 549 4722 aerbo
567 4674 664 4735 quidem
679 4676 843 4737 promitteret,
855 4679 996 4739 nontamen
1041 4675 1115 4736 dique
1127 4673 1263 4723 'euticium
1288 4685 1363 4734 qaum
1383 4674 1436 4735 post
1457 4671 1543 4723 'tureis
1566 4667 1673 4720 tostinus
1689 4658 1801 4722 torpenter

218 4761 245 4796 re
261 4750 391 4810 praestaret.
404 4749 485 4798 ttelert
497 4753 522 4798 et
541 4750 566 4798 in
579 4752 631 4800 tota
646 4752 816 4814 Mesopotamia
834 4755 923 4802 terram
942 4766 997 4801 mo-
1041 4751 1560 4814 ostendisaet,rehementerobstupuemnt:
1571 4759 1627 4797 nam
1636 4737 1800 4794 paninum

219 4824 293 4884 risse,
303 4824 397 4873 initium
406 4826 520 4874 nimtmrn
529 4827 708 4890 calamitatum,
720 4817 995 4891 qnaesubseoutae'eunt.
1042 4829 1287 4890 emporiaportusque
1296 4827 1425 4889 tenebant,
1446 4839 1502 4889 quae
1512 4829 1593 4875 Persae
1605 4821 1670 4886 prius
1685 4809 1801 4867 unitatati-

251 4909 274 4948 2.
292 4903 318 4949 ln
331 4901 428 4950 oriente
440 4901 471 4950 ad
488 4903 587 4952 Tanaim
600 4904 671 4953 Terei
689 4903 792 4966 degunt,
804 4907 845 4966 qm
859 4909 997 4968 Mauagetae
1042 4905 1207 4966 Ephthalanus
1219 4905 1297 4963 enim,
1310 4903 1500 4967 Ephthatitarum
1518 4915 1577 4959 rex.
1592 4910 1666 4960 aquo
1682 4897 1705 4943 ai
1717 4886 1802 4952 illidii·

220 4977 538 5039 antiquitusdicti‚aPersis
548 4981 997 5046 sualiaguaKermichionesappellsn-
1041 4987 1132 5034 tionem
1151 4985 1288 5032 universum
1305 4995 1380 5045 genus
1390 4984 1472 5044 traxit,
1486 4980 1627 5030 Perozenet
1643 4978 1721 5024 Persas
1738 4972 1801 5028 quun

220 5057 267 5104 tur.
281 5055 311 5104 ttt
323 5057 463 5118 tempestate
481 5057 528 5106 trac
548 5057 638 5120 legatos
649 5073 704 5109 cum
721 5060 861 5110 muneribus
874 5061 904 5110 ad
923 5063 996 5111 Justi-
1041 5061 1150 5122 risisset,
1162 5061 1267 5109 submoti
1280 5061 1318 5110 his
1329 5060 1389 5110 locis
1409 5063 1503 5120 Perse,
1520 5069 1604 5107 rerum
1615 5065 1669 5102 tero
1685 5045 1746 5112 pollii
1756 5039 1802 5090 αννί

998 5141 1038 5181 sto
