3842 5726
568 373 695 434 MAGNI
717 374 764 432 tin
789 372 1025 433 nutt'tttthttt
1047 371 1295 430 FRAGMENTA.

140 500 233 578 μαίων.
245 499 302 562 Καὶ
312 499 422 579 μερίσας
433 499 477 559 τδν
487 489 621 581 στρατδνθ
633 499 709 567 αὐτθς
723 498 843 578 βασιλεὺς
853 498 919 574 πίμ-

138 612 183 647 πει
195 588 242 646 ίπὶ
256 587 306 660 τήν
320 587 427 648 Nimio
441 587 549 654 ὁπλίτας
563 587 656 668 ἄνδρας
667 586 773 668 μυρίους
786 586 920 664 ἑξακισχι-

137 675 209 741 λίους
229 673 301 750 gar-ub
315 673 362 748 δύο
373 674 491 755 ἐξάρχων
505 674 684 740 Σεύαστιανοῦ
703 673 748 732 καὶ
761 672 919 752 Προκοπίου.

137 760 193 822 Καὶ
204 761 373 838 αατίφθασεν
389 765 403 820 θ
418 761 494 827 αὐτὸς
512 755 651 827 Ἰουλιανὸς
665 760 694 818 τὸ
710 759 851 841 Κιρκήσιον
866 759 921 816 κά-

136 871 234 926 στρον·
249 849 299 906 καὶ
315 849 397 916 ίάσας
412 848 458 908 καὶ
471 852 498 908 iv
512 851 550 928 τῷ
566 847 702 928 Κιρκησίῳ
716 847 834 928 κάστρῳ,
847 845 921 911 ὅσους

137 928 213 1014 εὐραν
233 935 393 1012 ίγπαθίτους
407 935 567 1014 στρατιώτας
588 935 790 1013 ἑξακισχιλίους,
804 933 922 1013 προσθεὶς

136 1009 226 1081 abebi<
238 1015 287 1072 καὶ
299 1015 394 1081 ἄλλους
403 1013 510 1080 ὁπλίτας
519 1012 613 1092 ἄνδρας
623 1010 844 1092 τετρακισχιλίους
855 1011 921 1090 μετὰ

136 1101 258 1182 ίξιίρχων
270 1101 319 1160 δύο
331 1101 477 1177 Ἀκκαμίου
489 1100 535 1159 καὶ
546 1100 667 1180 Μαύρου.
680 1100 734 1160 Καὶ
746 1101 849 1170 ἐξῆλθεν
860 1101 922 1158 ἐκεῖ·

135 1195 188 1262 θεν,
202 1189 252 1247 καὶ
265 1193 389 1268 παρῆλθε
399 1190 443 1247 τὸν
457 1185 582 1268 ’λύορρθιν
596 1188 717 1262 ποταμὸν
732 1187 775 1246 διδ
786 1191 831 1258 τῆς
845 1187 922 1268 γεφύ-

136 1299 197 1388 ρας,
207 1279 262 1332 τῶν
270 1276 372 1332 πλοίων
382 1275 535 1351 φθασάντων
545 1273 631 1342 είςτδν
642 1274 782 1354 Εὐφράτην
795 1273 921 1349 ποταμόν·

135 1385 255 1420 ωντινων
270 1361 372 1420 πλοίων
385 1365 504 1442 ὑπῆρχεν
527 1359 660 1442 θάριθμδς
674 1361 813 1420 διακοσίων
824 1359 923 1433 πεντή-

135 1472 228 1508 κοντα.
245 1449 304 1509 Καὶ
315 1451 486 1528 συναθροίσας
498 1449 541 1507 τθν
553 1448 617 1507 ἴδιον
630 1450 709 1506 αὐτοῦ
722 1447 841 1528 στρατθν,
855 1447 922 1528 ίχων

135 1535 193 1612 μεθ’
202 1541 303 1594 ἑαυτοῦ
312 1537 459 1595 ’λνατολιον
467 1536 609 1615 μάγιστρον
620 1535 664 1594 καί
675 1535 835 1598 Σαλούστιον
846 1535 925 1618 ίπαρ

135 1645 185 1701 χον
197 1622 373 1702 πραιτωρίων
387 1623 431 1681 καὶ
445 1621 503 1689 τούς
517 1623 698 1703 στρατηλάτας
711 1625 798 1694 αὐτοῦ,
811 1621 924 1682 σἰνελθδιν

136 1713 164 1768 ίν
178 1711 280 1790 ὑψηλῷ
295 1709 397 1787 βήματι
409 1709 440 1768 δι’
455 1713 547 1768 ἑαυτοῦ
562 1709 746 1791 προσεφώνησε
761 1715 798 1790 τῷ
810 1713 924 1791 στρατῷ,

137 1800 257 1854 ἐπαινῶν
275 1796 370 1863 αὐτούς
382 1797 426 1856 καλ
439 1797 645 1878 προτρεπόμενος
659 1796 797 1876 προθύμως
812 1797 856 1856 καί
869 1821 925 1856 σω-

140 1881 243 1964 φρόνως
256 1883 439 1960 ἀγωνίσασθαι
450 1883 519 1942 κατθι
529 1886 651 1964 Περσῶν.
667 1885 721 1944 Καὶ
731 1885 822 1952 εὐθίως
832 1884 926 1961 ίμὺαί-

137 1993 190 2027 νειν
205 1973 245 2035 είς
258 1970 294 2028 at
308 1974 388 2029 πλοῖα
403 1969 553 2050 ὶπίτρεψεν,
566 1970 686 2030 είσιλθὼν
701 1970 746 2030 καί
761 1971 836 2038 αὐτὸς
850 1975 863 2029 θ
877 1975 927 2050 βα-

139 2057 229 2124 σιλεύς
241 2059 280 2124 είς
289 2057 320 2116 τθ
330 2058 497 2136 εὐτρεπισθίν
507 2060 577 2138 αὐτῷ
588 2060 688 2130 πλοῖον,
702 2059 747 2116 καί
757 2059 926 2139 προηγεῖσθαι

139 2147 229 2202 αὐτῶν
243 2145 494 2224 προσκυυλκάτορας
511 2143 667 2223 προσέταξεν
688 2145 782 2224 ἄνδρας
796 2145 927 2222 γενναίους

140 2237 171 2289 ἐκ
182 2237 230 2290 τοῦ
244 2233 356 2312 άριθμοῶ
368 2234 419 2288 τῶν
430 2231 591 2310 λαγιιιαρίων
603 2229 648 2289 καί
658 2231 820 2310 ματτιαρίων
827 2231 927 2310 χιλίους

142 2317 351 2389 πεντακοσίους,
367 2318 492 2384 κελεύσας
505 2319 679 2398 βαστάζεσθαι
692 2317 736 2377 καὶ
748 2319 780 2376 rh
795 2320 871 2397 σίγνα
885 2323 928 2378 αὐ·

142 2409 189 2460 τοὺ
202 2403 250 2461 καί
262 2403 308 2462 τὸν
320 2403 424 2480 κύμητα
435 2404 580 2464 Λουκιανὸν
593 2405 650 2480 (εἰσ
665 2408 751 2462 etiam
759 2410 862 2468 Zosim.
874 2411 927 2479 111,

80 2543 88 2556 ,
147 2499 198 2563 σή,
209 2491 239 2550 3.
256 2489 445 2550 Λθυιιιλλιανθν
459 2511 517 2548 sec.
532 2495 672 2552 Ammian.
683 2493 707 2569 ),
723 2491 805 2570 ἄνδρα
818 2495 927 2570 πολεμι-

144 2575 277 2651 κιύτατον,
302 2569 368 2636 εἶναι
389 2578 436 2636 σὺν
454 2579 542 2659 αὐτῷ,
559 2578 629 2646 ὅστις
650 2579 697 2638 καί
718 2579 805 2638 πολλὰ
826 2579 928 2660 κάστρα

146 2663 269 2742 Περσικά
282 2663 357 2744 παρθ
369 2663 414 2722 τθν
429 2667 570 2744 Εὐφράτην
582 2665 689 2743 κείμενα
698 2665 743 2724 καὶ
755 2669 782 2724 ίν
792 2665 865 2746 με’σιμ
876 2672 927 2726 τῶν

145 2751 251 2808 ὑδάτων
265 2755 292 2809 ἐν
306 2750 393 2822 νήσοις
406 2749 469 2808 δντα
482 2753 607 2830 ίπύρθησι
621 2753 667 2809 καὶ
680 2750 738 2818 τούς
750 2753 776 2809 ἐν
789 2755 876 2819 αὐτοῖς
885 2753 927 2812 ὅν·

145 2861 194 2902 τας
209 2835 318 2914 Πέρσας
332 2839 427 2895 ἀνεῖλε.
444 2836 556 2917 Βίκτορα
570 2837 597 2896 it
612 2838 658 2896 καί
669 2837 837 2918 Δαγαλοίῑφον
850 2839 927 2898 κατί·
954 2843 955 2848 ’

146 2923 224 2992 ταξεν
238 2925 345 2984 ὄπισθεν
358 2927 411 2983 τῶν
423 2927 522 2983 λοιπῶν
534 2923 631 2983 πλοίων
651 2915 716 2983 εἶναι
730 2925 775 2983 καί
789 2926 927 3006 φυλάττειν

146 3013 181 3070 τά
193 3011 297 3084 πλήθη.
313 3009 367 3072 Καὶ
378 3013 507 3084 κατῆλθεν
521 3015 534 3070 θ
548 3010 668 3090 βασιλεὺς
680 3011 746 3089 μετίι
759 3017 804 3072 τοῦ
816 3019 928 3092 στρατοῦ

144 3099 246 3166 παντὸς
262 3101 307 3157 διά
326 3103 373 3171 τῆς
387 3098 504 3177 μεγάλης
524 3099 647 3179 διώρυγος
660 3105 706 3158 τοῦ
726 3099 864 3181 Εὐφράτου
881 3105 927 3172 τῆς

145 3187 296 3265 μισγούσης
312 3191 350 3267 τῷ
370 3191 395 3249 Τ
398 3187 484 3268 ίγρητι
495 3191 622 3270 ποταμῷ·
643 3187 688 3248 καί
704 3190 820 3260 εἰσῆλθεν
835 3191 870 3256 εἰς
884 3189 927 3250 τθν

143 3356 251 3418 inuenit,
267 3354 319 3417 inse
328 3357 444 3418 quattuor
452 3354 527 3404 mitiis
536 3355 641 3404 miiitum
652 3356 699 3404 atta
708 3355 803 3416 adjecit,
813 3363 931 3406 Δοοειιιοο

145 3433 529 3494 (naturamnaturaim.
545 3447 603 3493 aar,
619 3442 642 3495 t,
652 3435 683 3496 ι)
698 3438 723 3484 et
734 3437 819 3484 ttauro
829 3435 932 3485 ducibus

143 3510 294 3560 oenstttutta
307 3509 366 3559 inde
375 3513 455 3559 autern
468 3509 608 3570 θίεσαίοιιιι,
625 3511 724 3560 thorrae
737 3511 843 3562 huminis
858 3515 932 3575 ponte

145 3589 267 3648 trajecto.
281 3587 383 3636 clamem
401 3599 485 3646 suam,
500 3591 558 3638 itio
574 3600 648 3637 nares
664 3600 764 3636 numero
780 3588 928 3650 habentem,

143 3681 190 3729 per
202 3666 355 3728 Euphratem
365 3665 533 3716 adventantem
552 3665 648 3728 reperit.
666 3667 727 3714 Tum
744 3678 801 3714 vero
815 3666 840 3715 in
856 3679 931 3716 unum

143 3743 238 3792 mactis
255 3741 333 3804 motis
352 3755 408 3790 rum
424 3741 534 3792 Anatolio
546 3741 657 3802 magistro
667 3745 691 3791 et
703 3741 807 3791 saiustio
819 3743 932 3804 proiecto

144 3819 274 3882 praetorio,
282 3830 414 3866 eousoeuso
422 3819 472 3866 atto
480 3821 601 3879 suggestu,
613 3819 745 3868 exereitum
755 3819 932 3882 allocutusest,

143 3904 171 3948 rt
180 3897 255 3948 toria
266 3897 322 3958 rjus
334 3897 397 3945 tasin
404 3895 575 3958 depraedicans‚
587 3898 624 3946 uti
633 3897 786 3959 unitissimo
793 3899 933 3960 optimoque

145 3978 231 4026 suisne
242 3979 329 4024 eontra
337 3979 419 4026 Persas
428 3975 531 4024 inssiern
537 3975 707 4026 descenderent
713 3976 869 4026 hortatusest.
876 3979 934 4026 Post

145 4056 292 4104 tnrstatim
303 4054 398 4116 nauigia
406 4053 641 4116 oonsoeuderejussis
648 4054 768 4116 omnibus,
778 4055 828 4116 ipse
837 4067 934 4118 quoque

145 4135 170 4182 in
180 4135 294 4194 nanum
302 4131 347 4180 sibi
357 4143 443 4181 ussem
453 4133 571 4196 ingressus
579 4135 628 4193 est;
639 4133 768 4194 premissis
776 4134 817 4195 qui
827 4133 933 4195 expioru·

145 4215 213 4260 toras
223 4210 320 4268 ment,
330 4209 465 4270 quingentis
470 4223 502 4257 ea
511 4222 612 4259 nomem
626 4209 801 4259 lanceariorum
809 4209 933 4260 etmnttia·

145 4288 243 4335 morum
260 4283 399 4334 fortissimis
408 4283 478 4344 riris3
491 4285 579 4334 νοιίΙΙιι
590 4299 687 4349 quoqne
705 4299 749 4336 sna
762 4286 807 4335 sibi
827 4287 934 4349 preferri

145 4362 237 4423 jussit,
258 4362 285 4409 st
304 4359 456 4410 Lucilianum
468 4361 598 4424 comitem,
615 4362 695 4411 virum
713 4363 932 4426 bellicosissimum,

145 4453 235 4488 εεσιιιιι
247 4439 340 4488 habere
357 4440 442 4490 notuit.
462 4440 507 4490 itio
523 4441 625 4502 piurima
648 4445 772 4490 Persarum
791 4445 871 4492 rastra
883 4445 934 4492 tlu-

108 4521 114 4532 ·
146 4519 230 4580 phrati
249 4517 370 4578 continis,
382 4521 407 4568 et
415 4531 472 4580 quse
483 4520 574 4569 modias
589 4519 651 4569 inter
663 4533 739 4582 aquas
759 4522 783 4570 in
797 4521 879 4570 insutis
889 4522 935 4572 sita

145 4598 233 4652 mi,
246 4595 366 4654 vastarit,
382 4595 461 4644 Persis
478 4596 617 4646 custodibus
634 4609 717 4646 eorum
731 4597 864 4647 trucidatis.
884 4601 935 4647 tta·

146 4675 236 4720 trem
247 4683 311 4718 vero
322 4670 403 4720 um
414 4683 497 4720 σιιιαιιι
508 4671 601 4722 Victori
610 4675 636 4722 et
648 4673 791 4735 bagatnipho
804 4673 934 4724 demands·

147 4750 192 4798 rit.
206 4751 240 4798 tit
251 4747 378 4798 haemmi
394 4761 437 4798 rex
456 4761 512 4798 curn
528 4751 634 4800 exercitu
643 4751 758 4800 ‚universo
769 4763 812 4814 per
823 4765 935 4814 magnum

147 4827 276 4888 anian,
289 4838 340 4888 quo
349 4825 484 4889 Euphrates
497 4827 585 4890 Tigridi
598 4831 720 4889 miscetis,
734 4831 808 4892 atque
827 4830 934 4893 intigri

148 4904 223 4966 ω,
239 4903 283 4954 nbi
296 4902 367 4953 mixti
379 4903 428 4952 duo
440 4905 474 4954 itii
491 4904 557 4953 hosii
569 4905 687 4968 ingentem
704 4905 800 4955 niveum
818 4907 933 4957 efficiunt.

149 4986 181 5033 nt
193 4983 220 5030 in
237 4981 345 5032 Persidis
355 4981 477 5042 τσςίοοσιιι
488 4981 608 5043 perrexit,
621 4995 677 5044 qum
692 4983 883 5033 htuumnitnrum
895 4999 936 5035 νο-

149 5057 425 5118 munacianensis
432 5057 587 5118 nonorocut,
599 5058 640 5108 ubi
650 5073 716 5122 reges
728 5063 854 5110 Persarum
865 5062 933 5114 sedes

151 5149 208 5185 suas
229 5134 377 5186 Ιιιὺιιοτιιιιθ,
398 5135 500 5198 figebat
519 5139 600 5186 autem
618 5137 694 5188 victor
712 5139 841 5201 imperator
856 5143 933 5192 tutia·

1719 376 1735 425 ὑ

967 497 1044 556 αὐτθν
1056 499 1176 578 Τίγρητα
1188 497 1323 574 ποταμὸν,
1333 495 1397 554 δπου
1413 495 1548 572 μίγνυνται
1562 497 1585 554 οί
1600 497 1645 554 δύο
1657 519 1738 554 ποτα·

966 583 1010 660 μοί
1019 585 1064 642 καί
1074 585 1227 642 ἀποτελοῦσι
1239 583 1333 658 λίμνην
1344 583 1468 658 μεγάλην.
1483 581 1536 641 Καὶ
1546 581 1693 658 παρίύαλεν
1703 585 1741 649 είς
1820 577 1827 588 ”

966 670 998 729 τδι
1017 670 1139 750 ίίιρσιιιδι
1150 673 1175 728 ἐν
1189 675 1222 750 τῇ
1238 669 1314 749 χιύρφ
1333 674 1385 728 τῶν
1399 669 1544 746 λεγομένων
1566 671 1738 736 ὐίαυζανιτῶν

966 757 1074 830 πλησίον
1090 759 1273 836 Κτησιφῶντος
1283 756 1397 832 πόλεως,
1411 753 1469 814 ἔνθα
1484 758 1587 834 ὑπῆρχε
1599 755 1628 812 τδ
1643 759 1739 833 Ιίερσι-

966 843 1011 902 κθν
1035 846 1185 922 βασιλεῖον·
1208 843 1253 901 καὶ
1277 842 1418 918 ίπικραι-ής
1443 840 1578 920 γενόμενος
1601 841 1741 910 Ἰουλιανὸς

966 934 979 988 θ
995 928 1116 1009 βασιλεύς
1127 929 1274 1001 ἐσκήνωσεν
1288 930 1315 987 ἐν
1327 933 1359 1008 τῇ
1371 927 1474 986 πεδιάδι
1488 931 1534 996 τῆς
1548 929 1627 998 αὐτῆς
1641 927 1741 996 πόλεως

968 1020 1168 1098 Κτησιφῶντος,
1186 1014 1340 1096 βουλόμενος
1361 1013 1428 1091 μετὰ
1449 1018 1495 1086 τῆς
1509 1013 1575 1080 ίδίας
1595 1015 1742 1092 συγκλήτου

967 1103 1010 1161 καὶ
1020 1103 1068 1170 ἕως
1076 1102 1231 1168 Βαύυλῶνος
1242 1102 1364 1160 εἰσελθεῖν
1375 1100 1419 1160 καί
1427 1099 1590 1178 παραλαύεἷν
1601 1101 1635 1158 τά
1647 1103 1742 1164 testas.

967 1187 1002 1248 ‘0
1013 1187 1040 1247 δὲ
1052 1187 1173 1268 βασιλεύς
1183 1186 1432 1267 Σαὸὐουρσρσάιιιος
1442 1185 1586 1256 ὑπονοήσας
1598 1185 1636 1244 brt
1647 1187 1689 1246 διδ
1697 1194 1743 1260 τῆς

968 1275 1098 1342 Νισίύεως
1109 1275 1227 1356 ήρχετοθ
1241 1275 1361 1354 βασιλεὺς
1371 1273 1511 1350 Ῥωμαίων
1525 1272 1678 1346 Ἰουλιανὸς,
1691 1274 1743 1354 ‹bn-

969 1387 1037 1440 μησι
1061 1364 1120 1423 κατ’
1145 1365 1222 1422 αὐτοῦ
1247 1362 1314 1439 μετὰ
1337 1367 1381 1422 τοῦ
1405 1361 1518 1432 πλήθους
1539 1362 1619 1418 αὐτοῦ
1634 1364 1745 1430 παντύς.Δ

970 1451 1184 1530 Ἀπαγγελθίντος
1198 1449 1225 1508 δὲ
1236 1451 1307 1532 αὐτῷ
1321 1449 1360 1508 δτι
1372 1449 1476 1508 ὄπισθεν
1491 1450 1571 1506 αὐτοῦ
1585 1450 1653 1506 ἔστιν
1667 1453 1680 1506 θ
1695 1455 1744 1528 βαρ

970 1535 1054 1604 σιλεύς
1076 1537 1218 1612 Ῥωμαίων
1233 1535 1372 1604 Ἰουλιανὸς
1387 1535 1550 1615 παραλαίὼν
1572 1534 1606 1592 τά
1625 1536 1745 1614 Περσικά

970 1621 1052 1703 μέρη,
1062 1623 1107 1682 καὶ
1119 1623 1158 1680 δτι
1171 1623 1314 1702 ἔμπροσθεν
1326 1625 1396 1701 αὐτῷ
1409 1625 1558 1682 ἀπαντῶσιν
1570 1623 1593 1679 oi
1603 1623 1744 1700 στρατηγοί

969 1714 1020 1768 τῶν
1036 1709 1177 1785 Ῥωμαίων
1193 1710 1238 1768 καὶ
1256 1710 1343 1782 πλήθη
1358 1710 1458 1782 πολλὰ,
1473 1709 1521 1768 καί
1532 1706 1606 1786 γνούς
1622 1708 1661 1766 ὅτι
1676 1711 1740 1785 ἐμε-

970 1795 1070 1870 σιίσθη,
1081 1795 1168 1876 φεύγει
1179 1797 1214 1862 εἰς
1224 1794 1271 1866 τήν
1285 1795 1494 1876 Περσαρμενίαν,
1506 1794 1574 1872 δύλῳ
1586 1793 1691 1870 πέμψας
1701 1795 1746 1854 δύο

972 1883 1159 1962 συγκλητικούς
1172 1884 1250 1942 αὐτοῦ
1271 1883 1315 1942 καὶ
1332 1881 1423 1948 αὐτούς
1442 1879 1511 1940 κατὰ
1532 1882 1599 1939 ἰδίαν
1623 1879 1746 1960 βούλησιν

972 1969 1141 2051 βινοτομήσας
1151 1969 1214 2050 πρὸς
1222 1969 1361 2030 Ἰουλιανθν
1371 1969 1415 2028 τθν
1426 1969 1536 2048 βασιλέα
1547 1967 1696 2045 Ῥωμαίων,
1704 1969 1746 2026 ίνα

972 2059 1140 2127 πλανήσωσιν
1154 2057 1245 2134 αὐτὸν,
1261 2056 1324 2134 πρθς
1345 2056 1374 2114 rit
1390 2055 1427 2134 μή
1441 2056 1651 2134 καταδιωχθέντα
1669 2058 1746 2116 αὐτὸν

972 2149 1126 2225 φθαοθῆναι.
1141 2149 1176 2205 Οἱ
1191 2143 1219 2206 δὲ
1234 2143 1441 2224 βινοτομηθίντις
1458 2144 1558 2222 Πίρσες
1574 2147 1652 2220 (sic)
1670 2136 1747 2216 ἦλθον

972 2231 1035 2312 πρθς
1049 2231 1093 2290 τθν
1109 2230 1220 2311 βασιλέα
1234 2231 1373 2308 Ῥωμαίων
1388 2233 1541 2310 προδοῦναι,
1556 2232 1646 2311 φασίν,
1660 2231 1748 2290 θέλον-

971 2341 1013 2388 τες
1026 2319 1071 2377 τὸν
1088 2319 1197 2397 βασιλέα
1213 2321 1332 2398 Περσῶν,
1352 2322 1387 2386 ὡς
1408 2319 1623 2397 τιμωρησάμενον
1644 2320 1745 2386 αὐτούς,

973 2405 1125 2478 Ἀπατηθελς
1138 2407 1166 2465 δὲ
1180 2410 1243 2486 παρ’
1259 2409 1343 2465 αὐτῶν
1355 2406 1540 2483 ίπομνυμένων
1552 2410 1566 2464 θ
1579 2406 1654 2472 αὐτὸς
1670 2411 1746 2484 βασι·

972 2493 1030 2560 λεύς
1039 2493 1178 2562 Ἰουλιανθς
1189 2492 1360 2566 ἠκολούθησεν
1372 2497 1457 2560 αὐτοῖς
1467 2493 1534 2571 μετά
1543 2499 1587 2552 τοὺ
1596 2494 1660 2552 ἰδίου
1668 2517 1747 2570 στρα-

971 2579 1110 2657 τεύματος·
1121 2581 1166 2639 καί
1176 2580 1313 2659 ἀπήγαγον
1326 2581 1403 2638 αὐτὸν
1418 2583 1453 2647 είς
1467 2578 1514 2652 τήν
1526 2581 1621 2659 ἔρημον
1633 2579 1678 2637 καλ
1689 2580 1749 2636 niso·

975 2669 1034 2746 δρον
1058 2668 1101 2726 ἐπὶ
1121 2669 1195 2744 μίλια
1217 2671 1264 2747 ρν’,
1285 2668 1466 2738 πλανήσαντες
1487 2667 1592 2739 αὐτούς,
1612 2671 1645 2744 τῇ
1666 2666 1750 2724 εἰκάδι

972 2754 1081 2834 πέμπτη
1094 2762 1139 2814 τοῦ
1152 2756 1260 2816 Δαισίου
1272 2761 1318 2814 τοῦ
1329 2755 1375 2815 καὶ
1386 2755 1492 2815 Ἰουνίου
1504 2755 1594 2827 μηνός.
1606 2753 1660 2818 Καί
1670 2754 1753 2830 εὑρὼν

976 2834 1099 2924 (siponi)
1120 2847 1173 2902 ἐκεῖ
1186 2843 1261 2924 τείχη
1273 2843 1377 2901 παλαιὰ
1390 2842 1546 2903 πεπτωκότα
1560 2841 1660 2906 πόλεως
1673 2842 1748 2918 λεγο-

976 2929 1055 3008 μένης
1068 2929 1196 3002 Βουύίων,
1210 2930 1254 2988 καί
1266 2929 1331 2989 άλλο
1343 2928 1370 2988 δὲ
1382 2929 1490 3009 χωρίον,
1506 2926 1624 2988 ἑστώτων
1639 2927 1686 3004 μὲν
1697 2931 1750 2984 τῶν

976 3019 1137 3096 οἰκημάτων,
1160 3017 1256 3098 ἔρημον
1277 3019 1304 3078 δὲ
1319 3009 1360 3090 ήν,
1374 3018 1438 3099 ὅπερ
1455 3019 1560 3095 ἐλέγετο
1576 3015 1665 3080 Ἀσία·
1690 3013 1751 3074 ἔνθα

975 3105 1054 3164 titio
1078 3107 1228 3184 θβασιλεύς
1249 3105 1391 3171 Ἰουλιανὸς
1414 3104 1460 3164 καὶ
1477 3108 1492 3162 θ
1508 3113 1563 3170 πᾶς
1575 3103 1684 3183 στρατὸς
1701 3106 1751 3160 τῶν

973 3191 1118 3268 Ῥωμαίων
1134 3193 1188 3251 ίιιεῖ
1207 3190 1365 3263 ίσκήνωσιν.
1387 3191 1434 3252 Ἐν
1449 3191 1536 3256 αὐτοῖς
1550 3190 1576 3248 δὲ
1590 3197 1642 3256 τοῖς
1664 3187 1753 3252 τόποις

974 3369 1021 3406 nus
1044 3357 1146 3406 tentoria
1159 3369 1203 3406 sus
1220 3358 1245 3406 in
1265 3358 1316 3419 ipsa
1327 3354 1489 3418 ctesiphontis
1508 3355 1619 3418 utanttte,
1637 3355 1661 3402 tn
1673 3353 1758 3404 mimo·
1785 3375 1789 3384 ·

975 3437 1065 3486 iubens
1084 3438 1114 3486 sd
1133 3437 1279 3498 Babylonem
1299 3447 1374 3496 mque
1385 3447 1443 3484 eum
1458 3433 1604 3497 primoribus
1615 3431 1665 3481 suis
1685 3444 1753 3493 pene·
1848 3431 1855 3444 '

974 3518 1039 3564 trare
1047 3527 1149 3577 eamque
1164 3515 1299 3576 subjugare.
1318 3517 1446 3563 Persarum
1464 3525 1523 3562 reru
1539 3526 1581 3562 res
1592 3510 1753 3562 Sabbursrsa·

975 3591 1027 3640 cias
1040 3593 1181 3641 existtmms
1198 3591 1367 3653 imperatorem
1385 3593 1577 3652 homanumoor
1589 3587 1689 3639 hibbim
1708 3586 1753 3634 tter

976 3668 1119 3730 instituisse,
1132 3668 1206 3730 soptts
1223 3668 1273 3718 suis
1284 3667 1397 3717 omnibus
1416 3665 1550 3724 inatmctis,
1562 3665 1678 3714 adsersus
1697 3676 1754 3712 euna

976 3743 1144 3806 prononcttur.
1157 3745 1251 3796 certior
1263 3750 1345 3794 statem
1363 3744 1442 3794 tactus
1457 3743 1581 3794 tatianum
1597 3741 1642 3792 sibi
1662 3743 1755 3801 sterno

975 3835 1026 3872 esse
1045 3821 1151 3884 regiones
1171 3824 1277 3872 Ροτσίοιε
1293 3821 1467 3882 οοοσςιιιιιίοαι,
1483 3831 1498 3868 ιι
1515 3819 1593 3870 tronis
1612 3819 1694 3866 sutem
1706 3819 1754 3866 ttu-

976 3911 1060 3948 nnsuos
1075 3899 1148 3948 duom
1166 3911 1222 3948 eum
1234 3898 1341 3947 exercitu
1358 3909 1444 3958 magno
1463 3908 1489 3944 se
1500 3895 1627 3944 miurtums
1645 3893 1754 3942 instare:

976 3975 1096 4026 montiisse
1114 3975 1222 4036 hostibus
1233 3975 1350 4024 tuotusum
1363 3973 1465 4022 sentiens
1477 3973 1503 4021 in
1517 3971 1704 4020 Persurmemsm
1719 3971 1755 4025 hg·

976 4053 1022 4113 git,
1030 4064 1166 4113 eassusque
1174 4051 1218 4100 sibi
1228 4065 1258 4100 ne
1266 4050 1298 4099 ab
1307 4049 1414 4099 hostibus
1421 4047 1617 4111 pretundemtur,
1627 4059 1656 4096 ea·
1667 4045 1753 4108 primo·

977 4127 1044 4177 ribus
1057 4141 1114 4178 suos
1124 4127 1197 4186 duos,
1210 4126 1308 4176 naribus
1319 4126 1414 4189 proprio
1426 4127 1524 4174 tttorom
1533 4138 1564 4172 σι
1575 4135 1692 4173 consensu
1703 4122 1756 4171 abs·

977 4205 1057 4265 cissis,
1074 4204 1156 4254 doiose
1172 4203 1262 4264 mittit,
1279 4205 1321 4265 qui
1340 4203 1464 4253 tintinnum
1484 4201 1510 4250 in
1530 4201 1584 4250 avis
1599 4199 1754 4248 abducerent.

977 4286 1031 4332 Duo
1043 4281 1123 4344 itaque
1139 4281 1163 4330 hi
1174 4269 1343 4343 imperatorem
1353 4284 1519 4330 homanorum
1527 4277 1657 4337 adeuntes,
1671 4279 1757 4326 Persa-

978 4376 1033 4412 rum
1048 4361 1070 4412 ei
1086 4375 1180 4424 regem,
1192 4361 1314 4412 ohitlntns
1329 4362 1373 4412 sibi
1389 4361 1503 4422 intutas,
1515 4373 1541 4410 se
1559 4357 1696 4421 prodituros
1706 4371 1758 4407 esse

977 4440 1097 4490 dicebant.
1107 4443 1238 4502 Quumque
1246 4440 1387 4500 iuramento
1394 4453 1445 4488 sese
1455 4437 1480 4486 iu
1496 4437 1543 4486 hoo
1558 4435 1756 4496 obstrinxissent,

977 4516 1178 4579 huperutordoiis
1192 4529 1277 4566 eorum
1287 4515 1397 4577 detrusas,
1414 4516 1463 4576 ipsu
1472 4512 1649 4562 cumexeroitu
1659 4512 1704 4560 hos
1719 4511 1756 4562 iti·

978 4595 1041 4644 ueris
1057 4592 1131 4642 moes
1142 4596 1242 4643 secutus
1253 4595 1298 4642 est.
1311 4596 1342 4642 Et
1359 4605 1401 4653 per
1419 4604 1512 4640 errores
1527 4589 1649 4638 buxeum
1664 4588 1757 4637 eumin

979 4672 1074 4722 deserta
1091 4675 1116 4722 et
1131 4683 1202 4734 οιμιιιι
1221 4672 1328 4721 eareutia
1346 4670 1377 4719 sd
1393 4670 1503 4719 nniitisrts
1521 4672 1619 4718 sentum
1635 4667 1757 4728 quoinqui-

979 4751 1059 4814 gintm
1079 4750 1118 4800 die
1134 4751 1246 4801 vicesima
1261 4753 1347 4813 quinta
1360 4751 1432 4801 ttsesii
1448 4751 1498 4799 sive
1516 4749 1583 4798 ionii
1602 4745 1698 4796 mensis.
1717 4748 1756 4794 tu·

980 4833 1097 4879 venerunt
1111 4830 1144 4880 ibi
1162 4831 1250 4878 numnis
1261 4828 1374 4891 qooedsm
1391 4828 1490 4889 antiqua
1507 4829 1532 4876 et
1548 4826 1654 4887 ootinpsa
1673 4823 1756 4884 urbis,

979 4921 1035 4970 quae
1046 4909 1123 4958 Bubia
1133 4909 1190 4958 oiim
1204 4908 1344 4970 onenhaim,
1361 4911 1386 4957 et
1400 4905 1467 4956 anun
1483 4905 1605 4968 quoddam
1616 4901 1757 4961 nasutium,

981 4988 1060 5037 Asiam
1078 4989 1188 5048 nomine,
1209 4987 1275 5050 quod
1299 4987 1420 5036 domicitia
1438 4985 1550 5047 qrraedum
1571 4983 1652 5032 udhun
1669 4982 1758 5030 stantis

980 5064 1098 5126 moenai,
1110 5065 1282 5114 oddoertum
1298 5067 1358 5115 eret.
1370 5064 1406 5114 lbi
1425 5065 1554 5124 imperator
1572 5073 1629 5110 sum
1649 5057 1757 5110 exercitu

980 5142 1119 5202 considens,
1133 5145 1213 5192 tustra
1229 5143 1320 5204 posuit,
1340 5142 1381 5192 sesi
1400 5155 1444 5190 nec
1457 5139 1525 5189 utititi
1544 5137 1640 5198 cibum,
1659 5151 1703 5186 nes
1719 5139 1758 5199 ju·
1780 5201 1785 5206 -
