3930 5754
177 328 233 380 biti
768 307 928 374 iotuuis
949 311 1187 374 Autiocimut

177 439 334 518 adalprand
343 437 473 520 πρόόττα,
483 443 541 500 ἀλλ’
552 441 598 498 οὐκ
609 438 786 518 έποξυρθσθαι
797 437 935 517 βούλομαι.
947 463 959 490 ν
1004 439 1049 500 καί
1059 441 1141 498 παῖδα
1151 439 1198 499 καί
1211 437 1331 518 διάδοχον
1344 437 1444 511 ἐκάλει,
1453 443 1541 497 τοῦτον
1554 437 1674 499 ἕλκεσθαι
1685 439 1729 498 bd
1740 444 1789 510 τῆς

179 531 212 610 (s)
228 527 308 590 Οὕτω
321 551 349 586 τε
364 530 389 595 ές
402 529 487 586 πάντα
503 527 557 594 ίσος
571 527 616 586 καί
629 524 715 603 όμοιος
734 519 776 600 ἦν,
789 525 870 599 ὥστε,
882 529 960 605 όρχη·
1006 530 1102 608 ἀγορᾶς
1118 526 1318 606 παρεσκευείκει·
1340 527 1385 586 καί
1406 527 1434 585 δν
1451 527 1563 595 ἅπαντας
1579 533 1602 587 oi
1624 531 1670 598 τῆς
1691 531 1789 606 βουλῆς

178 625 244 697 στήν
256 649 313 685 τινα
325 630 372 686 τοῦ
392 625 476 702 δήμου
488 623 690 703 ἒλευθιρωθῆναί
705 647 768 682 ποτε
783 623 962 707 βουληθέντος,
1006 615 1189 696 ίδορυρόραυν,
1203 619 1293 674 τοῦτον
1304 617 1334 674 iu
1346 619 1390 673 τοῦ
1403 615 1533 694 συνεδρίου
1550 617 1593 674 tu
1604 614 1635 672 τθ
1648 615 1788 691 δεσμωτή-

178 713 214 789 pl,
230 713 355 792 πρότερον
373 713 570 784 συνεπαινέσαι,
587 713 647 792 πρὶν
668 710 711 770 τδν
726 712 852 783 δεσπότην
873 713 952 770 αὐτοῦ
1008 701 1411 782 ρισνᾶπῆγαγον,ἀντλστερένου
1421 701 1557 774 δεσμδικαλ
1568 701 1625 760 ἄντί
1636 703 1789 780 ἁλουργίδα

177 799 369 872 πεισθῆναικαλ
384 801 430 871 τὴν
443 799 521 874 τιμὴν
530 801 633 860 λαόεῐν.
675 803 779 876 Τοῖςγι
798 798 908 876 ἑταίροις
924 799 959 864 ὡς
1006 789 1141 868 τρῑὸώνῑον
1156 787 1574 867 περὶθίντὲς·ὖ)ικαλδιθτῦῦτω
1591 789 1670 856 ἄντι(
1683 789 1790 861 *bviii-

179 889 205 945 έν
220 887 331 966 ίδιωτείορ
351 892 445 962 συνῆν,
460 885 635 960 δικαζομένοις
649 885 897 962 συναγωνιζόμενος,
911 885 957 944 καί
1007 877 1136 956 Opuntiae
1152 877 1284 934 ἆσθίνειαν
1301 878 1413 936 κατεῖδε.
1428 875 1535 942 {titiis
1549 877 1596 951 μέν
1606 877 1651 947 δὴ,
1665 877 1791 954 μέγιστον

180 974 267 1033 θύουσι
292 977 486 1054 συνεσρτοίζων,
510 973 649 1040 νοσοῦντοίς
675 996 703 1031 τε
729 973 961 1048 ἐπισκεπτόμενος,
1007 962 1629 1043 τῶνπρθαῦῐοῧὸυνηθῑίςιτθιθῧτονίΐχετέλος.
1663 963 1790 1044 (emilius

180 1061 311 1138 μηδεμίαν
335 1061 447 1141 ρρουρδιν
471 1061 640 1138 ἐπαγόμενος.
660 1061 690 1137 (a)
714 1059 793 1119 Ἀλλδι
814 1060 859 1117 καὶ
877 1059 961 1138 δόγμα
1008 1053 1117 1112 δίαύτσῦ
1128 1052 1309 1128 καίσυγγενεῖς
1318 1053 1412 1118 δδίκως
1420 1053 1600 1132 διιρθείρσντο,
1611 1051 1657 1118 Ὧς
1666 1059 1789 1112 τοσοῦτον

180 1149 340 1226 προέθηκεν,
354 1149 421 1207 ὥστε
436 1147 502 1225 μήτε
515 1147 591 1206 αὐτὸν
611 1146 671 1224 μήθ’
686 1145 772 1226 ἕτερόν
787 1169 845 1205 τινα
866 1150 961 1226 σηρικῇ
1008 1141 1124 1220 ίκλιῑψαι
1139 1140 1185 1210 τὴν
1201 1140 1359 1215 σύγκλητον,
1379 1142 1446 1198 ὥστε
1461 1139 1527 1215 μηδὲ
1547 1143 1572 1205 ές
1594 1139 1640 1205 τδις
1654 1144 1714 1198 κατ’
1734 1141 1790 1206 ἔτος

181 1237 270 1306 ἐσθῆτι
291 1240 422 1314 χρῆσθαι,
438 1236 481 1294 τόν
495 1258 523 1292 τε
537 1233 646 1314 χρύσεον
670 1232 728 1290 θλον
746 1233 844 1308 κόσμον
865 1231 963 1310 γυναιξὶ
1009 1226 1178 1306 ἀρχαιρεσίας
1194 1227 1317 1304 διαρκεῖν.
1347 1227 1586 1304 Παρακαλούμενός
1609 1227 1637 1286 τέ
1659 1251 1724 1286 ποτε
1739 1227 1791 1286 iuri)

183 1323 274 1399 μόναις
291 1323 444 1402 ἐπιτρέψας·
457 1324 544 1382 πολλὰ
558 1321 645 1380 δὲκαὶ
664 1325 699 1387 τίς
712 1320 899 1400 έπανορθιίισεις
912 1323 963 1378 τῶν
1008 1319 1059 1374 τῶν
1074 1315 1154 1395 ριλων
1168 1319 1245 1374 τοῦτο
1258 1315 1290 1385 δι]
1304 1317 1334 1374 τὸ
1346 1315 1456 1394 ἀρχαῖον
1465 1313 1613 1396 ἐφθέγξατο·
1681 1349 1688 1362 ·

181 1411 282 1470 πόλεων
293 1411 454 1480 δαπανήσας.
467 1410 496 1487 (i)
508 1412 569 1470 Τιῗιν
583 1432 612 1467 τε
622 1407 754 1468 Ἰουδαίων
766 1411 869 1466 πολλῶν
879 1411 904 1474 ές
917 1405 963 1477 τὴν

182 1495 291 1572 Ῥώμην
305 1497 477 1556 συνελθόντων
497 1495 542 1554 καί
554 1495 661 1576 συχνοὺς
672 1499 722 1552 τῶν
735 1494 882 1573 ἐπιχωρίων
895 1495 920 1562 ίς
931 1494 964 1552 τὰ

181 1583 293 1662 σφέτερα
320 1583 365 1655 ἔθη
396 1581 590 1658 μεθιστάντων,
617 1581 675 1647 τοὺς
700 1581 819 1648 πλείονας
842 1581 962 1652 ἐξήλασε.
1011 1625 1102 1686 lm.
1160 1623 1186 1683 δ,
1240 1625 1246 1645 .
1285 1624 1293 1644 ς
1337 1623 1391 1684 Π,
1473 1625 1485 1682 ἐ
1552 1623 1574 1664 r,
1618 1647 1631 1680 ν
1666 1623 1682 1682 ὅ
1774 1625 1791 1683 χ

185 1670 217 1749 (a)
232 1673 354 1737 Τοιοῦτος
373 1661 416 1728 οόν
440 1693 479 1735 τις
501 1667 553 1740 ὧν,
579 1667 710 1747 αίρνιδίως
730 1669 765 1734 εἰς
789 1667 836 1740 την
859 1668 964 1749 χείρονα
1025 1649 1052 1732 ..⁰
1087 1649 1187 1734 meu*
1206 1647 1314 1734 u'at'rnu
1367 1647 1459 1731 ρωμῗν
1487 1647 1645 1734 μακαίύσῃ
1683 1649 1707 1683 τι
1722 1649 1771 1738 uf

880 1757 892 1770 .
1009 1737 1055 1783 της
1069 1731 1192 1791 πατριοος
1213 1715 1334 1770 απωλετο
1351 1712 1396 1771 καί
1415 1736 1461 1783 της
1483 1715 1626 1791 βασιλεως.
1648 1715 1694 1790 (ιο)
1712 1716 1795 1774 (buo

184 1850 307 1922 μισθῆναι
322 1847 366 1903 καί
385 1846 435 1902 ὑπό
448 1868 516 1909 τινος
530 1842 681 1902 ἐλαύνεσθαι
697 1844 840 1918 δαιμονίου.
861 1845 964 1902 Πολλοῦ
1009 1799 1094 1858 τοίνυν
1108 1799 1155 1871 τὴν
1169 1800 1252 1879 ἀρχὴν
1281 1799 1444 1880 διῳκήσατο’
1466 1800 1563 1880 φοὸερᾷ
1588 1802 1635 1876 μὲν
1660 1802 1793 1877 ‘hymn’

183 1955 211 1990 τε
223 1932 318 1999 πόθους
333 1930 413 1998 αίτιος
427 1935 479 1997 τοῖς
496 1930 638 1997 Ῥωμαίοις
652 1929 768 2004 ἐγένετο,
784 1933 857 1998 κοινῆ
875 1953 903 1988 τε
921 1929 966 1986 καί
1010 1897 1117 1968 {2⁰⁶2pr
1129 1887 1156 1946 δὲ
1170 1887 1323 1968 'mouisti'
1342 1891 1440 1967 αἰσχρᾷ
1453 1911 1481 1947 ³¹
1493 1889 1639 1968 ἡδυπαθείᾳ
1652 1891 1794 1973 χρησάμεῗ

185 2019 237 2078 tiis
255 2019 471 2097 πρυσαναλίσκων
487 2017 545 2084 τοὺς
562 2017 665 2097 ἄνδρας.
676 2019 707 2094 (ελ
723 2014 817 2086 Ἔδοξε
829 2017 880 2096 γὰρ
894 2018 966 2096 αὐτῷ
1010 1998 1060 2040 ”⁰⁴¹
1081 1975 1132 2036 καὶ
1144 1975 1304 2056 στρατεύσας
1316 1977 1383 2036 κατὰ
1398 1977 1560 2056 Πῑθθῶθἐπὶ
1574 1980 1713 2049 wilm
1731 1977 1795 2036 ὑπ’·

228 2081 233 2100 .

184 2107 230 2174 τὰς
244 2113 294 2166 τῶν
307 2107 436 2184 κυνηγίων
444 2106 504 2173 θέας
517 2109 563 2176 τῆς
583 2105 682 2171 πόλεως
693 2105 837 2164 ἀπελάσαι.
856 2103 908 2164 Καὶ
923 2105 966 2162 δεδι
1011 2067 1130 2144 στρεψιν·

184 2193 331 2260 τοῦτότινες
339 2192 387 2260 ἔξω
394 2193 490 2260 ταύτας
499 2195 581 2252 τελεῖν
591 2191 764 2272 πειραθέντες,
771 2191 856 2257 αὐτοῖς
867 2193 966 2250 συνδιε·
1362 2222 1400 2277 79
1416 2223 1444 2259 a,

185 2281 321 2360 ρθοίρησον
334 2289 385 2346 τοῖς
396 2280 511 2358 θεάτροις
524 2279 553 2338 ἔκ
565 2303 641 2338 τινων
654 2279 764 2337 σανίδων
778 2278 965 2356 εἰργασμένοις.

186 2370 218 2448 (Ἰ)
235 2368 268 2428 ‘O
285 2367 362 2434 αὐτὸς
373 2367 419 2433 τὰς
433 2371 483 2424 τῶν
498 2367 637 2444 ἐπισήμων
651 2367 750 2443 ἀνδρῶν
765 2364 903 2441 ἐνυόρίζων
917 2389 966 2442 γυ-
1051 2363 1151 2418 Sutrias
1167 2383 1192 2418 v.
1215 2359 1381 2441 Τιθέριος.
1401 2389 1413 2413 ιι
1437 2359 1555 2439 Ἄριστος
1575 2362 1602 2419 δέ
1620 2362 1748 2441 θπύρχων
1768 2365 1796 2420 έν

186 2464 293 2526 ναῑκας,
307 2455 411 2513 θίπαντα
426 2453 458 2511 δι’
474 2455 560 2512 αὐτῶν
574 2453 608 2511 τδι
622 2452 695 2512 κσινδι
709 2453 906 2528 κατεμοίνθανε,
922 2452 966 2510 καὶ
1011 2447 1112 2519 νεότητι
1126 2447 1171 2506 καί
1184 2448 1248 2528 πρὸς
1261 2453 1344 2526 γῆρας
1355 2446 1436 2506 ἐλθὼν
1447 2447 1571 2528 αἶφνίδῑῠν
1583 2451 1618 2514 εἷς
1629 2449 1678 2519 τὴν
1688 2451 1795 2528 χείρονα

186 2543 249 2621 πρός
262 2565 291 2618 γε
307 2540 442 2621 συνεργοὺς
454 2540 533 2606 αύτδις
547 2545 599 2599 τῶν
613 2543 712 2620 μιαρῶν
727 2538 859 2619 πράξεσιν,
874 2543 908 2607 ὡς
922 2539 967 2598 καί
1013 2535 1161 2612 μετεὸλήθη
1175 2535 1296 2612 γνώμην,
1311 2533 1378 2592 ὥστε
1398 2534 1442 2592 καί
1465 2545 1640 2614 παραφρονεῖν
1655 2536 1734 2594 αὐτὸν
1753 2560 1797 2594 νο-

188 2625 422 2705 γαμηθησομένας,
440 2628 560 2686 έποιεῖτο.
592 2627 655 2688 Ἐπί
675 2627 774 2693 τούτοις
796 2651 824 2686 τι
847 2627 967 2686 Μουκίαν
1014 2628 1140 2701 μισθῆναι
1150 2623 1194 2681 καί
1208 2623 1259 2680 ίιπδ
1272 2621 1391 2697 δαίμονος
1403 2620 1555 2680 ἐλαύνεσθαι
1565 2623 1629 2701 πρὸς
1638 2630 1728 2680 πᾶσαν
1740 2625 1799 2678 θνα·

1071 1477 1144 1540 'epea
1153 1476 1259 1533 inuberes
1267 1479 1324 1538 γαῖα
1336 1475 1441 1538 μιχθήτιυ
1450 1475 1515 1538 πυρί.

183 1757 289 1835 γνώμην
305 1757 469 1836 μετεόλήθη,
484 1757 552 1816 ὥστε
572 1756 651 1814 αὐτὸν
666 1755 711 1814 καί
731 1779 905 1835 παραρρονειν
920 1779 965 1814 νο-

187 2713 233 2773 arei
244 2714 287 2771 τόν
299 2713 395 2784 ταύτης
409 2714 491 2794 ἄνδρα
504 2713 561 2792 ἅμα
574 2715 632 2774 δυσὶ
644 2714 801 2794 θυγατράσιν
816 2716 901 2773 ἀνεῖλε
924 2713 968 2772 tit
1013 2709 1145 2788 σιουργίαν
1159 2733 1188 2768 τε
1198 2710 1244 2767 καί
1257 2709 1353 2786 μανίαν
1365 2710 1411 2767 καί
1421 2708 1621 2786 οίστρηλασίαν,
1636 2710 1665 2768 οὐ
1679 2708 1758 2784 μόνον
1770 2712 1798 2766 ἐν

187 2799 234 2869 τὴν
258 2799 321 2880 πρὸς
340 2799 389 2871 την
411 2805 489 2859 αὐτοῦ
514 2801 615 2881 μητέρα
638 2803 736 2882 φιλίαν.
753 2803 783 2881 (τι)
802 2799 909 2862 Σεϊανόν
923 2825 968 2872 τε,
1013 2810 1066 2866 τοῖς
1082 2797 1151 2858 κατδ
1166 2797 1256 2877 φύσιν,
1272 2794 1340 2855 tiit
1354 2795 1399 2854 καί
1414 2799 1440 2854 ἐν
1453 2804 1504 2863 τοῖς
1516 2795 1589 2874 πορθ
1603 2795 1697 2876 φύσιν,
1712 2795 1758 2853 καί
1770 2798 1798 2852 ἐν

189 2887 270 2967 ἄνδρα
285 2890 329 2945 ὑπ’
353 2891 431 2946 αὐτοῦ
445 2912 472 2946 τε
486 2889 530 2947 καὶ
549 2894 595 2956 τῆς
610 2892 704 2968 βουλῆς
716 2889 759 2947 int
777 2891 829 2957 τοῖς
846 2889 969 2966 μεγοίλοις
1013 2887 1088 2968 πόσῃ
1104 2885 1192 2964 ἀδικία
1207 2885 1253 2944 καὶ
1279 2883 1420 2962 τυραννίδι.
1435 2883 1514 2944 Οὕτω
1535 2883 1562 2941 δὲ
1583 2882 1740 2959 μεταπεσὼν
1763 2885 1798 2951 εἷς

189 2974 318 3048 ἀξιώμασι
342 2975 520 3054 προαχθέντα,
546 2975 725 3056 αὖτοκριίτοροί
745 2998 773 3034 τε
792 2975 968 3056 ψηρισθέντα,
1014 2974 1108 3034 κακίαν
1129 2971 1303 3052 καταστρέρει
1316 2972 1360 3031 τὸν
1376 2971 1442 3050 βίον.
1457 2997 1469 3024 ν
1484 2977 1550 3030 Haee
1565 2973 1654 3048 junge
1675 2993 1741 3028 cum
1756 2973 1795 3031 ίι·.

188 3060 262 3141 παρδ
275 3062 320 3127 τδς
334 3059 455 3120 ἁπάντων
471 3062 577 3129 ἐλπίδας
591 3062 742 3144 διέφθειρεν.
760 3062 813 3123 Ὃν
827 3063 877 3142 γδρ
890 3063 967 3126 αιἰτδς
1016 3085 1068 3138 79,
1086 3065 1102 3138 §
1115 3063 1143 3120 5.

191 3253 221 3264 -—
240 3229 459 3294 θποξυρᾶσθαι]
479 3231 634 3293 ἀποξύρασθαι
651 3231 774 3294 valesium
797 3232 904 3294 ξυρᾶσθαι
921 3230 1185 3291 5οιίτ1ιιε;όποξύρεσθαι
1200 3230 1246 3278 bio
1265 3232 1331 3278 cau.
1344 3230 1422 3289 bvii,
1446 3234 1471 3277 Ιθ
1488 3231 1550 3277 exli.
1567 3226 1632 3276 idem
1647 3227 1741 3275 dictum
1759 3239 1799 3288 ορ.

191 3302 290 3347 Sueten.
302 3301 380 3348 tiber.
396 3311 418 3348 c.
433 3307 476 3358 ³²,
489 3301 602 3348 Orosium
616 3302 674 3362 vlt,
689 3305 713 3349 i.
731 3301 785 3363 -§
801 3309 824 3349 t.
839 3297 945 3349 δῦτω...
962 3298 1161 3362 ἐπαγόμενος]
1174 3300 1252 3348 Verbo
1263 3301 1319 3346 sunt
1332 3297 1413 3346 Dionis
1424 3301 1500 3358 bvii,
1516 3303 1552 3358 tt,
1565 3297 1665 3345 mutatis
1675 3297 1802 3345 levissimis

191 3368 343 3430 qadimsdnm.
352 3370 435 3418 suidas
443 3369 494 3417 lraec
502 3370 590 3431 partim
600 3371 716 3432 corrupit,
726 3372 812 3432 partim
821 3371 909 3419 omisit.
920 3373 1008 3430 ipsein
1019 3369 1107 3417 rideas.
1118 3399 1148 3408 -
1158 3367 1289 3431 ὀρχηστὴν]
1300 3368 1398 3416 Accium
1407 3367 1544 3417 histrionem
1552 3402 1558 3424 ‚
1566 3369 1628 3415 teste
1637 3367 1761 3415 Suetonio.
1769 3391 1802 3401 ·-

190 3432 364 3500 πεισθῆναι]
376 3440 415 3486 καὶ
425 3455 450 3486 π.
467 3440 518 3487 Dio.
528 3467 559 3480 -
568 3444 629 3495 τοῖς
644 3438 689 3501 γε]
700 3445 747 3495 τοῖς
757 3440 801 3503 γίιρ
811 3439 876 3488 suia.
885 3457 892 3500 ;
902 3440 949 3489 Dio
961 3460 966 3489 ι
979 3445 1058 3496 τοῖςτε
1069 3442 1102 3487 έτ.
1113 3442 1144 3496 ὡς
1155 3441 1195 3487 καὶ
1204 3440 1227 3487 ἐν
1237 3439 1253 3486 l.
1263 3443 1333 3496 συνῆν
1341 3451 1347 3463 ·
1356 3437 1611 3500 καὶγὰρδικαζομένοιτ
1619 3436 1684 3498 σφίσι
1694 3453 1800 3498 συνηγαν-

191 3509 277 3570 ultera,
287 3511 327 3558 καὶ
338 3510 417 3558 θύουσι
427 3510 575 3572 συνεόρταζε,
585 3511 708 3565 νοσοῦντας
720 3527 745 3558 τι
755 3511 922 3572 ἐπεσκέπτετο,
933 3513 988 3573 μηδ.
998 3527 1034 3573 pp.
1046 3509 1233 3571 ἐπεισαγόμενος.
1244 3534 1275 3543 -
1285 3509 1451 3570 ἐπανορθώσεις
1461 3514 1507 3556 τῶν
1516 3505 1619 3568 πόλεων]
1632 3519 1654 3554 ν.
1667 3509 1711 3555 itio
1718 3509 1800 3558 tuti.

195 3584 231 3629 17.
244 3605 274 3614 -
284 3579 298 3642 §
308 3583 330 3627 i.
344 3580 387 3626 bio
400 3581 477 3639 bvii,
492 3586 518 3627 15
529 3580 563 3628 tu
576 3599 582 3628 ι
594 3581 624 3629 ¹0
638 3581 744 3640 Τιόήριος
762 3581 845 3630 ἀπεῖπε
859 3581 899 3642 μὲν
915 3583 993 3640 ἐσθῆτι
1005 3586 1090 3645 σηρικῇ
1104 3581 1192 3641 μηδένα
1207 3579 1278 3641 ἄνδρα
1292 3579 1391 3640 χρῆσθαι
1405 3581 1518 3640 (χρᾶσθαι
1530 3579 1611 3625 noster
1622 3577 1676 3625 eod.
1689 3583 1714 3626 et
1726 3578 1799 3638 Xiplr.

192 3647 216 3695 in
229 3647 282 3694 eod.
296 3647 396 3706 conia,
410 3646 494 3698 ἀπεῖπε
508 3649 532 3696 δὲ
543 3649 582 3696 καὶ
594 3653 675 3711 χρυσῷ
686 3649 763 3697 σκεύει
777 3651 876 3710 μηδένα,
889 3652 948 3709 πλὴν
962 3652 1017 3713 πρὸς
1028 3653 1057 3698 τὰ
1070 3651 1132 3713 ίιρα,
1144 3648 1242 3712 νομίζειν
1256 3651 1309 3708 (ct.
1323 3648 1399 3697 Tacit.
1414 3653 1433 3696 it
1443 3684 1450 3708 ,
1459 3648 1513 3709 3³).
1523 3647 1608 3710 —-§i.
1621 3652 1679 3696 τῶν
1690 3649 1719 3695 δὲ
1731 3648 1800 3696 ’1ου-

194 3717 293 3777 δαίων,
305 3715 368 3780 ιτα]
381 3735 392 3758 ο
407 3720 436 3766 tit
449 3717 500 3766 trec
514 3718 537 3765 in
553 3718 637 3767 Dionis
649 3719 826 3779 exemplaribus
839 3719 908 3768 irodie
920 3734 968 3768 non
989 3721 1109 3782 leguntur,
1121 3720 1152 3768 ob
1172 3733 1224 3768 enm
1245 3731 1341 3768 earrsam
1360 3732 1432 3778 uuam
1446 3731 1519 3780 snpra
1536 3717 1561 3766 in
1577 3717 1641 3766 notis
1652 3716 1683 3765 ad
1700 3717 1801 3766 itionem

194 3787 298 3848 nitrlusi,
310 3788 366 3849 ηιιίο
375 3788 465 3836 scilicet
474 3788 489 3836 ii
503 3787 646 3837 Dionislibri
656 3801 670 3836 a
679 3789 814 3849 nescioquo
825 3789 924 3838 breviati
937 3790 966 3838 ad
977 3802 1021 3838 nos
1031 3791 1198 3851 peruenerunt.
1209 3789 1321 3837 celerum
1334 3787 1444 3836 deturba
1454 3801 1484 3836 sc
1495 3786 1648 3835 multitudine
1657 3786 1802 3836 ladmonem

159 3873 162 3879 ¹
197 3859 238 3919 qrri
249 3861 331 3906 Romae
340 3871 424 3906 omnes
433 3859 570 3919 angiportus
579 3859 750 3920 impleverant,
763 3859 829 3908 testis
839 3860 869 3908 sit
880 3861 963 3909 cicero
973 3861 996 3908 iu
1007 3863 1075 3910 orat.
1088 3873 1131 3921 pm
1143 3861 1244 3918 Flacco,
1255 3858 1296 3906 ubi
1313 3857 1343 3906 de
1353 3871 1413 3906 auro
1428 3857 1530 3907 ludaico
1542 3857 1658 3917 loquitar.
1677 3861 1748 3916 seis,
1761 3857 1800 3905 in-

194 3929 259 3991 quit,
272 3933 372 3991 peronia
384 3931 536 3990 sumanus,
547 3932 648 3991 peronia
658 3930 806 3990 concordia,
818 3933 947 3993 paeonium
957 3930 1045 3979 riateat
1058 3931 1085 3977 iu
1096 3927 1269 3978 concionibus.
1280 3925 1346 3976 Adeo
1358 3940 1442 3976 verum
1453 3925 1563 3988 estquod
1573 3926 1603 3974 de
1615 3926 1699 3976 iisdem
1709 3925 1802 3977 tadeis

195 3999 229 4046 ait
241 3999 343 4046 itutilius
354 3998 512 4048 liumatianus
521 4000 545 4047 in
556 3999 679 4049 itinerario
691 4019 696 4047 :
709 4003 799 4049 Latius
810 4003 902 4048 κατίσαι
911 4003 992 4060 peritis
1005 4003 1124 4060 cantapia
1133 4000 1256 4060 serpunt,
1274 4000 1432 4060 lictoresque
1441 4009 1500 4046 suos
1512 3998 1583 4044 natio
1593 4000 1661 4046 tricia
1670 3999 1776 4059 premit.
1790 4017 1802 4039 ι

195 4069 320 4115 viamus.
333 4069 437 4124 -τοὺς
448 4069 584 4125 πλείονας
596 4070 734 4132 ἐξήλασε]
748 4088 759 4111 ι
776 4073 845 4118 Anno
863 4071 932 4119 Urbis
942 4073 985 4120 772
1001 4073 1033 4119 lt.
1047 4070 1143 4129 Silano,
1157 4071 1182 4118 i..
1197 4069 1309 4118 Norbano
1324 4081 1400 4128 coss..
1411 4071 1438 4116 ut
1448 4068 1531 4117 scribit
1542 4067 1640 4116 Tacitus
1651 4066 1667 4114 l.
1679 4074 1694 4116 2
1705 4068 1729 4116 in
1741 4068 1802 4128 trae,

196 4140 284 4186 Actum
299 4137 330 4186 de
340 4141 421 4187 saerts
440 4142 569 4201 AEpuptiis
586 4141 755 4202 teidaicispue
769 4141 904 4202 pellendis.
922 4140 1050 4187 Suetonius
1065 4139 1089 4190 iu
1107 4139 1202 4188 Tiberio
1222 4139 1258 4198 (c.
1274 4139 1335 4198 aa),
1352 4139 1419 4185 Philo
1438 4138 1462 4186 in
1476 4136 1606 4196 Legatloue
1618 4137 1648 4184 ed
1659 4138 1762 4196 caium,
1779 4143 1804 4186 et

196 4208 302 4254 oninium
310 4207 399 4268 optime
410 4209 528 4269 tosepbus
541 4210 558 4257 i.
572 4213 599 4257 18
610 4209 688 4270 Antio.
702 4221 723 4256 c.
735 4212 748 4257 t
759 4213 782 4257 et
792 4216 816 4258 5.
830 4228 842 4252 ν
855 4214 971 4258 vinosus
979 4240 1009 4250 -
1018 4209 1032 4271 §
1042 4217 1063 4258 5.
1077 4215 1212 4266 τοιοῦτος
1224 4212 1262 4258 ὢν
1272 4208 1339 4271 κτλ]
1353 4211 1386 4257 De
1397 4207 1496 4256 mutatis
1506 4207 1595 4256 Tiberii
1607 4207 1716 4256 moribus
1727 4209 1805 4256 verbo

196 4279 289 4326 monuit
301 4279 432 4337 bistili,
446 4285 473 4329 iti
483 4280 536 4328 init.
549 4281 573 4328 et
582 4294 605 4329 c.
620 4285 646 4328 iit
658 4283 732 4337 extr..
742 4281 782 4340 ‹pd
793 4281 896 4328 tocusex
907 4283 963 4328 Ειιο.
976 4280 1127 4328 t‘eirescianis
1138 4280 1235 4329 additus
1244 4285 1288 4329 est.
1298 4282 1407 4330 Fortasse
1414 4282 1486 4328 etiam
1495 4281 1575 4326 nostra
1588 4276 1611 4327 in
1620 4279 1712 4339 integro
1721 4280 1805 4329 Dionis

197 4359 268 4408 opere
280 4347 427 4406 legebantur.
443 4352 554 4396 ceterum
569 4349 634 4398 irrina
648 4349 727 4396 locrrm
743 4350 876 4398 uberiorem
891 4347 1002 4397 eslribere
1020 4348 1074 4397 iicet
1087 4363 1116 4396 τι
1130 4349 1176 4398 atio
1191 4353 1249 4398 Eia.
1265 4351 1351 4409 titulo,
1362 4363 1410 4411 quo
1427 4347 1513 4398 suidas
1529 4352 1643 4398 ususest.
1660 4352 1683 4398 ts
1697 4351 1763 4398 enirn
1773 4351 1804 4400 ad

197 4416 317 4465 'tiberium
329 4418 417 4466 tustini
438 4421 458 4466 tt
472 4431 634 4468 successorem
649 4419 729 4480 inepte
742 4419 813 4467 refert
824 4432 878 4480 (ςιιεε
895 4419 924 4467 ad
938 4421 1050 4468 Nostrum
1069 4418 1189 4479 pertinent
1201 4421 1281 4468 limace
1294 4434 1300 4467 :
1312 4420 1416 4483 Ἄριστος
1428 4417 1453 4466 δὲ
1469 4417 1581 4479 ὑπάρχων
1597 4417 1620 4466 ἐν
1633 4417 1724 4474 νεότητι
1737 4423 1805 4479 σία,

196 4497 250 4547 quae
259 4485 372 4544 subjunxi
388 4487 412 4533 in
427 4486 455 4533 si.
467 4491 512 4547 79,
527 4500 550 4536 ε.
568 4488 622 4550 -§
635 4493 657 4535 8.
678 4488 711 4535 ἄν
729 4503 803 4542 τις...
819 4486 970 4550 κατεῖδεν]
985 4486 1078 4542 αὖθις...
1092 4491 1193 4538 κατιδεῖν
1206 4490 1296 4552 codem
1307 4503 1355 4538 em.
1367 4489 1484 4538 valesius.
1496 4489 1591 4537 Etenim
1602 4487 1647 4536 Dio
1657 4491 1751 4550 tvtit,
1764 4496 1804 4548 ΙΙ,

197 4559 292 4603 narrata
302 4569 359 4603 nece
368 4557 446 4616 sejani
455 4591 461 4614 ‚
469 4556 527 4605 dicit
539 4573 545 4605 ι
557 4557 629 4606 Ἔνθα
638 4557 667 4614 δὴ
679 4559 718 4606 καὶ
732 4557 833 4617 μάλιστα
843 4557 871 4606 ἄν
880 4575 914 4614 τις
923 4561 965 4616 τήν
977 4559 1121 4620 ἀνθρωπίνην
1131 4561 1251 4610 ἀσθένειαν
1265 4563 1385 4619 κατεῖδεν,
1396 4564 1427 4616 ὡς
1440 4561 1535 4622 μηδαμῆ
1550 4561 1663 4622 μηδαμῶς
1674 4564 1803 4622 μισεῖσθαι.

197 4625 251 4686 -§
266 4629 288 4673 a.
307 4625 377 4686 ἐμοῦ
394 4626 560 4682 θανόντος...
576 4633 625 4686 τῆς
643 4628 815 4690 βασιλείας]
832 4629 910 4676 Verba
924 4630 1005 4678 ilionis
1020 4631 1094 4678 tviu
1104 4665 1110 4690 ,
1127 4635 1164 4680 23.
1179 4632 1216 4680 Cf.
1230 4635 1329 4680 Suetou.
1340 4632 1420 4681 Tiliet.
1432 4644 1454 4680 a.
1470 4636 1510 4680 θῚ.
1521 4631 1577 4693 -§
1592 4635 1627 4679 10.
1646 4632 1698 4688 τήν
1712 4633 1805 4696 ἀρχὴν

197 4697 394 4756 διῳκήσατο...
407 4695 612 4760 χρησάμενος]
623 4697 710 4746 Eadem
721 4698 795 4746 uerba
804 4699 877 4747 trabes
886 4699 948 4760 apud
960 4698 1057 4748 suidam
1069 4700 1093 4747 iu
1103 4700 1256 4761 cauliculo,
1269 4713 1342 4762 quem
1353 4700 1475 4750 subnum.
1489 4705 1521 4751 79
1534 4700 1671 4762 bapposui,
1681 4715 1806 4765 quemquo

200 4767 273 4815 latine
282 4767 372 4827 prubet
385 4769 513 4830 Eutropius
525 4769 584 4828 vti,
595 4775 626 4817 6:
644 4769 758 4818 Tiberius
775 4772 872 4829 inperiti
884 4771 1001 4820 socordia
1016 4773 1153 4832 imperium
1164 4773 1257 4830 pessit,
1270 4773 1344 4832 arani
1356 4771 1529 4830 crudelitate,
1541 4772 1649 4820 scelesta
1667 4775 1804 4832 ouantia,

203 4840 275 4899 turpi
286 4830 401 4886 libidine.
418 4841 484 4887 Νοιιι
497 4851 626 4900 unusquam
637 4841 690 4900 ipse
698 4841 826 4900 pripnueit
839 4857 847 4890 :
861 4840 928 4889 bella
936 4855 984 4904 per
995 4841 1091 4901 tenatos
1100 4851 1158 4888 suos
1168 4843 1245 4900 pessit
1260 4858 1267 4889 :
1281 4837 1406 4902 quostiam
1418 4853 1487 4902 reges
1495 4875 1502 4899 ,
1511 4853 1559 4902 per
1571 4839 1718 4888 blanditias
1731 4841 1806 4891 adse

198 4912 330 4968 euocatos,
343 4920 479 4971 utinquam
492 4912 594 4958 remisit
607 4925 615 4958 .-
629 4913 656 4958 iu
669 4911 762 4972 paribus
776 4911 930 4960 irctrelaum
943 4910 1131 4972 cappadocem,
1144 4909 1218 4970 cadus
1230 4913 1311 4960 etiam
1326 4923 1434 4972 reanum
1446 4913 1473 4960 tu
1484 4913 1626 4973 prouinciae
1632 4909 1754 4970 sormam
1766 4923 1805 4960 re·

198 4973 283 5034 deaii,
295 4979 322 5025 et
331 4980 476 5026 maximum
484 4981 618 5026 ciuitatem
626 4977 757 5038 appellari
767 4983 919 5028 narriiuesuo
926 4979 1015 5041 jussit,
1027 4991 1084 5042 ριισ
1094 4994 1163 5032 nuuc
1174 4985 1294 5032 Cesarea
1303 4983 1409 5043 dicitur,
1418 4995 1500 5045 quum
1508 4986 1618 5033 Mazaca
1626 4987 1689 5031 autc
1700 4993 1804 5030 οοσανσ-

199 5047 253 5093 tur.
265 5073 296 5086 ·-
313 5049 361 5095 καὶ
373 5048 554 5110 στρατεύσας
569 5047 637 5112 κτλ]
657 5051 738 5108 inepta
752 5048 805 5096 truc
817 5049 969 5110 Excerptoris
980 5051 1127 5111 negligentiae
1140 5051 1266 5101 debentur.
1280 5055 1409 5115 Postquam
1425 5053 1456 5102 de
1471 5053 1587 5102 tmtieteo
1598 5055 1683 5100 auctor
1694 5049 1803 5108 dixerat,

199 5113 264 5162 lrsud
278 5115 350 5166 dabie
361 5116 452 5168 addidit
463 5120 536 5168 etiarn
548 5123 632 5169 contra
642 5119 741 5168 i‘artims
750 5118 871 5168 Tiberium
881 5123 941 5171 astu
953 5125 977 5171 ei
984 5121 1097 5172 consitiis
1108 5124 1196 5183 coisse,
1207 5136 1282 5172 arina
1289 5124 1379 5186 pracial
1387 5123 1506 5173 babuisse
1518 5122 1611 5182 (Tacit.
1624 5125 1685 5171 Ana.
1698 5125 1729 5170 vt
1738 5124 1801 5183 ,bap
