3792 5728
744 348 888 408 nntcfll
910 345 1257 408 autunnatenansls

204 479 316 554 πέμπειν
329 478 372 536 τὸν
386 477 556 556 πρεσόευτήν.
571 474 642 546 Ἤδη
656 476 682 534 δέ
704 476 863 556 ὁρμωμένοις
877 481 889 534 ὁ
904 477 975 556 παρδι
1022 477 1118 547 άδήλου
1134 475 1181 551 μέν
1195 482 1247 541 τοῖς
1267 475 1382 545 πολλοῖς,
1397 478 1486 544 στενῆς
1504 472 1530 533 δέ
1545 475 1587 534 καὶ
1604 478 1711 556 άτριὸοὑς
1729 483 1766 540 καὶ

205 571 250 623 τοῦ
263 563 432 640 Ἀδαμαντίου
442 563 685 643 προαπεσταλμένος
696 562 789 630 ἱππεὺς
802 566 919 643 άπαντᾷ,
932 564 975 621 τὸν
1021 564 1078 620 τότε
1087 566 1190 639 πρῶτον
1203 559 1310 630 ίππους,
1321 563 1356 626 ὡς
1368 559 1481 636 ἐλέγετο,
1496 560 1642 637 δεξαμένης,
1655 566 1694 644 ἀφ’
1705 568 1768 624 ἱππί.

206 655 255 709 τῶν
272 650 410 730 βαρόάρων
426 650 492 729 έχων
509 649 592 728 ἱερέα,
606 650 634 708 δν
655 652 678 708 ol
697 651 848 727 Χριστιανοὶ
868 653 976 708 καλοῦσι
1024 672 1068 726 ρας
1080 647 1198 724 ὁρμήσας
1209 647 1253 703 καὶ
1265 646 1352 724 κύκλῳ
1364 646 1504 726 περιελθὼν
1515 647 1612 726 έρχιται
1624 653 1656 716 είς
1666 652 1768 730 φρούριον

204 737 386 814 πρεσόύτερον,
402 740 436 802 ὡς
449 735 535 795 πίστιν
550 740 595 806 τῆς
615 737 702 801 ἀδείας
723 738 793 816 αὐτῷ
811 738 974 807 ἐπιθήσοντα.
1022 733 1184 810 Ἐπιδάμνου
1208 733 1316 802 πλησίον
1337 732 1379 790 ἐπὶ
1401 732 1479 811 λόφου
1502 735 1597 812 ὑψηλοῦ
1615 736 1720 810 κείμενον
1733 738 1769 792 καί

205 819 330 899 Ἔχοντες
345 813 388 880 οθν
410 821 485 880 αύτὸν
501 821 546 879 οὑν
568 826 653 887 αὑτοῖς
673 819 825 898 ἠπείγοντο,
845 823 889 881 καί
914 825 976 900 άφι-
1024 820 1107 884 άλλως
1124 819 1238 897 άμαχον,
1253 809 1274 898 ᾧ
1288 817 1389 897 φάραγξ
1409 818 1529 876 ὑπέκειτο
1542 821 1691 896 detrimenti
1709 823 1770 900 παρλ

206 913 325 966 κνοὺνται
339 911 373 975 εἰς
388 909 532 986 Λυχνηδόν.
550 911 611 968 Τῶν
626 907 652 966 δὲ
668 910 697 966 ἐκ
710 913 755 978 τῆς
768 909 866 974 πόλεως
882 911 933 966 τῶν
950 913 975 966 ἐν
1021 907 1068 976 τήν
1082 907 1203 986 φάραγγα
1215 905 1330 980 ποταμδς
1343 904 1421 984 βαθὺς
1432 904 1508 983 ἔρρει.
1520 906 1643 964 Ἐνταῦθα
1655 909 1770 982 μεταπέμ-

206 998 262 1060 ταῖς
277 993 591 1070 άξίαιςίπαλαιόπλουτός
604 1017 632 1052 τε
646 993 695 1072 γάρ
710 993 775 1064 αὕτη
788 994 831 1052 καλ
848 995 976 1070 εὐδαίμων
1022 1016 1098 1051 πεται
1111 993 1154 1050 τὸν
1168 993 1337 1070 Θευδέριχον.
1355 991 1408 1050 Καὶ
1423 995 1436 1048 ὁ
1451 991 1496 1066 μὲν
1512 991 1654 1058 ὑπακούσας
1665 992 1770 1072 ἔρχεται,

205 1086 222 1150 ἡ
237 1081 327 1158 πόλις)
345 1082 390 1138 καὶ
407 1084 457 1138 τῶν
473 1080 557 1138 ellim
580 1081 796 1156 ἀπαντησάντων,
819 1080 978 1160 εἰσέρχονται
1022 1079 1066 1135 καὶ
1079 1081 1124 1149 τήν
1139 1080 1219 1150 άλλην
1233 1078 1356 1158 στρατιάν
1368 1077 1457 1157 πόρρω
1468 1081 1631 1148 καταστήσας
1642 1079 1684 1136 σύν
1693 1081 1773 1155 ὀλίγοις

206 1157 326 1226 ἐνταῦθα.
345 1169 398 1226 Καὶ
411 1167 565 1225 ἀποστελλιι
578 1169 656 1224 πάλιν
671 1166 837 1242 Ἀδαμάντιος
851 1170 885 1232 εἷς
898 1167 977 1228 Ἐπί·
1023 1167 1130 1224 ἱππεῦσι
1144 1169 1207 1244 πρὸς
1225 1167 1268 1223 τὸν
1286 1165 1403 1242 ποταμόν
1422 1170 1572 1245 ἀφικνεῖται.
1588 1166 1739 1240 ’λδαμάντιος
1750 1165 1772 1222 δέ

207 359 262 410 tte

206 1255 311 1326 δαμνον,
335 1253 445 1312 κελεύων
465 1253 572 1324 ἣαύτὸν
595 1253 638 1309 τὸν
659 1253 815 1330 Θευδέριχυν
839 1253 873 1318 εἴς
887 1277 911 1310 τι
927 1258 977 1310 τῶν

206 1341 266 1418 περὶ
281 1340 415 1418 Λυχνηδὸν
429 1339 531 1418 χωρίων
547 1342 695 1408 ἀπαντῆσαι
713 1345 770 1411 μετΙ
786 1339 878 1412 ὀλίγων
893 1340 977 1396 διαλε·

207 1425 309 1501 ξάμενον
331 1428 399 1503 αὐτῷ
411 1427 469 1504 περὶ
481 1418 517 1484 ὧν
528 1425 688 1496 ἀπέσταλτο,
701 1423 717 1492 ἢ
730 1429 752 1482 εἰ
768 1427 885 1502 βούλοιτο
901 1425 977 1482 αὐτὸν

207 1514 288 1569 έλθεῐν
310 1515 345 1578 τίς
359 1511 529 1580 Ἐπίδαμνον,
544 1509 648 1589 πέμψαι
663 1511 774 1589 ὁμήρους
791 1514 825 1576 εἰς
841 1511 976 1589 Λυχνηδὸν

207 1597 277 1656 Σόαν
291 1621 318 1654 τε
342 1597 386 1654 τὸν
406 1599 485 1654 αὐτοῦ
502 1597 646 1674 στρατηγὸν
660 1597 704 1654 καὶ
720 1597 875 1674 Δαγίσθευν,
897 1599 978 1675 φυλα·

205 1683 380 1762 χθησομένους
393 1681 441 1748 έως
453 1683 483 1740 δν
496 1682 571 1747 αὐτὸς
583 1682 720 1758 ἐπανέλθῃ.
736 1675 770 1743 Ὅ
786 1684 812 1742 δὲ
826 1683 924 1757 πέμπει
933 1683 978 1758 μέν

206 1769 326 1846 τούτους,
342 1771 460 1829 ἐκέλευσε
481 1768 508 1826 δέ
529 1768 619 1837 αὐτοὺς
637 1774 784 1849 περιμεῖναι
804 1772 830 1828 ἰν
850 1769 978 1849 Σκαμπίρ

208 1856 253 1914 καλ
266 1859 470 1936 προαποστεῖλαι
486 1857 581 1934 ἄνδρα,
593 1857 619 1923 δς
632 1857 675 1914 τὸν
691 1856 845 1916 Σαὸινιανὸν
857 1856 978 1935 ὁρκιίισει,

208 1934 225 2014 ἧ
248 1942 298 2016 μὴν
316 1942 463 2007 ἐπανιόντος
486 1941 554 1998 σόιου
575 1946 619 1998 τοῦ
644 1941 815 2016 Ἀθαμαντίαν
837 1943 881 2000 καὶ
902 1943 978 2000 αὐτὸν

209 2027 266 2093 τούς
283 2029 394 2110 ὁμήρους
409 2031 515 2094 άπαθεῖς
535 2027 700 2108 ἀποπέμψαι.
723 2029 756 2088 Ὁ
777 2029 803 2087 δέ
826 2029 979 2092 Σαὸινιανὸς

208 2119 254 2174 οὐκ
271 2115 301 2172 διν
321 2115 368 2194 ἔφη
383 2116 516 2190 ὀμεῖσθαι·
536 2115 593 2172 οὐδὲ
612 2115 662 2192 γάρ
676 2118 702 2172 έν
714 2120 750 2193 τῷ
771 2117 879 2194 πρόσθεν
894 2115 979 2194 χρόνῳ

208 2203 374 2278 ὀμωμοκέναι
388 2203 428 2260 ἐπ’
443 2202 526 2259 οὐδενί
543 2202 692 2280 πράγματι,
703 2203 748 2261 καλ
767 2205 796 2262 τὸ
814 2205 896 2262 πάλαι
908 2205 978 2282 αὐτῷ

209 2287 283 2355 δόξαν
305 2291 352 2346 ούκ
373 2288 403 2345 ἂν
425 2293 468 2346 ν’ῡν
489 2288 656 2346 καταλύσειν.
677 2289 731 2348 Kal
751 2294 794 2346 τοῦ
810 2289 979 2364 Ἀδαμαντίου

208 2374 337 2451 λέγοντος,
348 2378 382 2438 ὡς
395 2375 494 2450 ἀνάγκη
508 2378 720 2452 συγχωρῆσαιτῷ
729 2373 835 2454 καιρῷή
846 2375 978 2454 ἄπρακτον

208 2451 337 2531 εἶναιτὴν
360 2459 501 2538 πρεσόείαν
522 2461 566 2537 (ού
588 2459 638 2538 γάρ
660 2461 736 2518 αιίτὸν
760 2463 879 2519 ἀπελθεῖν
897 2463 933 2537 μή
955 2487 980 2520 τι

208 2547 252 2605 καί
265 2547 383 2626 ἐνέχυρον
392 2546 563 2622 τοῦσώματος
574 2544 711 2624 λαὸόντα),
720 2547 791 2604 οὐδέν
803 2551 901 2623 μᾶλλον
913 2548 979 2608 ἐπεί-

208 2638 272 2704 σθη,
289 2635 346 2690 ἀλλ’
360 2636 453 2690 ἐκεῖνον
467 2633 513 2708 μὲν
526 2632 574 2712 ἔφη
588 2633 681 2690 εἰδέναι
699 2633 728 2691 τὸ
741 2638 824 2714 ἑαυτῷ
839 2635 977 2712 πρακτέον,

207 2719 285 2777 αὐτὸν
300 2718 326 2776 δέ
341 2720 412 2776 οὐδέν
425 2719 541 2790 ποιήσειν
558 2721 630 2797 παρά
651 2719 694 2776 τὸν
715 2723 793 2779 αὑτοῦ
816 2721 903 2795 νόμον,
917 2721 978 2780 Ἐν-

209 2810 292 2862 ταῦθα
304 2804 470 2880 Ἀδαμάντιος
483 2805 614 2872 καταστὰς
628 2809 661 2874 είς
675 2806 779 2886 ἄπορον,
791 2807 879 2864 λαθὼν
898 2829 979 2885 στρα-

205 2891 299 2956 τιώτας
324 2892 480 2962 διακοσίους,
506 2892 538 2949 δι’
563 2891 646 2971 ὄχθων
668 2916 697 2951 τε
723 2893 826 2950 άὸάτων
852 2893 896 2949 καὶ
921 2895 979 2950 ὁδοῦ

204 3068 277 3116 quem
287 3057 412 3104 Clu·istiani
423 3058 585 3119 presbyterum
592 3061 690 3120 vocant,
699 3059 739 3120 qui
751 3061 803 3106 tutu
811 3058 976 3107 adamantium

205 3134 234 3181 ad
244 3134 371 3182 barbarum
381 3135 493 3184 accedere
506 3137 552 3185 sule
560 3150 603 3184 sua
613 3137 748 3198 interposita
755 3137 863 3198 juberet,
876 3136 978 3185 adsene-

206 3215 249 3261 rat.
268 3217 346 3269 Quem
359 3214 500 3263 Sabinianus
511 3219 535 3262 et
545 3215 698 3264 Adamantius
707 3229 787 3264 seciam
799 3215 912 3263 ducentes
922 3228 976 3275 pro·

206 3292 269 3340 tinus
289 3291 412 3340 discedunt
430 3296 455 3340 et
472 3293 620 3354 Lychnidum
643 3295 750 3342 veniunt.
783 3294 901 3342 Eratlraec
920 3293 978 3342 urbs

204 3369 252 3428 jain
266 3369 321 3418 olim
333 3371 446 3431 opulenta
456 3373 480 3418 et
493 3371 580 3420 ‹livitiis
591 3371 715 3420 abundans
728 3391 733 3418 ι
744 3371 812 3430 cuijus
830 3370 978 3432 magistratus

205 3451 228 3493 et
238 3447 276 3493 alii
294 3447 357 3493 rives
371 3447 466 3494 alisiam
484 3447 529 3495 illis
542 3447 693 3507 prodierunt,
707 3447 817 3496 eleusin
838 3461 890 3496 cam
904 3448 976 3495 intro·

205 3522 333 3570 duxerunt.
347 3523 407 3570 ltine
419 3523 573 3570 Adamantius
581 3523 658 3570 denuo
669 3523 827 3584 Epidamnum
838 3523 924 3584 mittit,
935 3537 977 3584 pe·

205 3601 293 3660 titique
306 3602 332 3646 ut
341 3599 520 3649 Tlremlerielms
532 3600 596 3649 adse
612 3601 674 3648 eirea
687 3579 833 3662 Lyefinidum
847 3615 902 3650 cum
919 3614 977 3663 pau·

205 3677 239 3724 cis
249 3677 352 3734 uerrirel,
363 3678 387 3724 et
397 3676 517 3736 derebus,
531 3677 561 3725 de
572 3677 659 3738 quibus
668 3676 698 3724 ad
707 3691 761 3726 enm
773 3679 857 3726 mimirs
866 3680 930 3738 erat,
939 3691 974 3726 se·

1024 1251 1112 1331 κύκλῳ
1134 1254 1193 1329 περὶ
1209 1253 1251 1310 τὸν
1272 1252 1349 1329 λόφον
1373 1251 1450 1319 τάξας
1472 1251 1642 1331 στρατιώτας,
1662 1251 1724 1316 ὁπως
1742 1252 1772 1325 μὴ

1023 1336 1151 1402 κύκλωσις
1164 1340 1227 1414 παρ’
1250 1337 1347 1394 ἐκείνου
1369 1339 1490 1414 γένηται,
1505 1337 1666 1402 ὑποκαταὸδις
1688 1341 1718 1404 εἰς
1733 1337 1774 1394 πέ-

1023 1445 1096 1500 τραν,
1111 1426 1155 1502 ἀφ’
1169 1415 1199 1494 ής
1213 1415 1243 1494 ἦν
1259 1423 1395 1498 άκουιιτὸν,
1412 1425 1457 1482 καί
1470 1425 1592 1491 κελεύσας
1611 1424 1713 1502 κάκείνῳ
1725 1423 1774 1488 τούς

1024 1510 1115 1574 σίλλους
1129 1510 1300 1590 ἀποπέμψαι,
1317 1511 1393 1586 μόνος
1407 1511 1533 1588 διελέγετο
1547 1511 1625 1591 μόνῳ.
1642 1509 1690 1570 Καὶ
1704 1532 1774 1566 κατα·

1024 1599 1085 1663 στὸς
1103 1600 1117 1654 ὁ
1138 1598 1293 1675 Θευδέριχος
1315 1599 1453 1675 κατηγόρει
1468 1599 1617 1672 Ῥωμαίων,
1638 1602 1670 1664 ιὺς
1690 1595 1773 1670 ἐδόκει,

1024 1681 1124 1753 δίκαια,
1141 1683 1221 1760 λέγων
1239 1685 1278 1740 ότι
1301 1710 1312 1736 ι
1333 1683 1385 1760 ἐγὼ
1409 1685 1456 1759 μέν
1475 1684 1523 1750 ἔξω
1544 1690 1589 1755 τῆς
1611 1683 1668 1754 tle:
1683 1681 1775 1762 Θρᾴκης

1024 1770 1163 1847 διατρίόειν
1183 1770 1311 1848 ᾑρούμην,
1329 1771 1418 1848 πόρρω
1432 1773 1496 1849 πρὸς
1516 1771 1564 1842 τλν
1586 1771 1703 1844 Σκυθίαν,
1722 1769 1775 1826 ὅπου

1024 1855 1107 1931 μένων
1121 1856 1178 1914 οὔτε
1191 1859 1303 1935 ἐνοχλεῖν
1316 1855 1429 1931 ἐνόμιζον
1443 1857 1548 1930 οὐδένα,
1564 1857 1665 1932 ἑτοίμως
1678 1856 1702 1914 δέ
1714 1860 1776 1932 βασι-

1023 1943 1063 1998 λεῖ
1078 1942 1269 2001 ὑπακούσεσθαι
1281 1948 1395 2002 ἐντεῦθεν
1408 1947 1433 2010 ές
1444 1943 1459 2000 ό
1470 1968 1494 2002 τι
1513 1945 1682 2023 προστάξειεν.
1697 1941 1777 2016 (λ’μεῖς

1024 2028 1050 2084 δέ
1062 2027 1216 2094 καλέσαντες
1225 2031 1260 2095 ὡς
1271 2028 1313 2086 ἐπὶ
1323 2029 1364 2086 τὸν
1376 2031 1489 2105 πολεμον
1502 2031 1545 2088 τδν
1557 2027 1775 2110 πρὸςΘευδέριχον,

1023 2118 1126 2193 πρῶτον
1152 2116 1199 2189 μὲν
1225 2117 1366 2192 ὑπέσχεσθε
1389 2115 1432 2175 τὸν
1456 2122 1500 2186 τῆς
1523 2118 1628 2197 Θρᾴκης
1649 2114 1777 2194 στρατηγὸν

1024 2199 1090 2275 μετά
1104 2206 1150 2272 τῆς
1165 2202 1297 2278 δυνάμεως
1309 2203 1380 2268 εὐθύς
1395 2227 1438 2278 μοι
1453 2203 1625 2282 παρέσεσθαι,
1640 2203 1664 2267 ὁς
1678 2203 1777 2274 οὐδαμοῦ

1025 2288 1122 2366 ἐφάνη,
1136 2287 1224 2346 ἔπειτα
1237 2288 1281 2346 καί
1299 2290 1425 2348 Κλαύδιον
1438 2289 1480 2346 τὸν
1492 2295 1538 2348 τοῦ
1560 2293 1678 2349 Γοτθιιιοὺ
1695 2288 1777 2362 ταμίαν

1024 2375 1068 2432 σὺν
1081 2378 1117 2450 τῷ
1133 2373 1220 2453 ξενικῷ
1242 2375 1319 2446 ἥξειν,
1340 2373 1367 2432 δν
1390 2375 1447 2434 οὐδὲ
1468 2377 1546 2433 αὑτὸν
1568 2367 1728 2453 είδον,τρίτον
1741 2371 1778 2430 καί

1023 2461 1151 2536 ἡγεμόνας
1163 2463 1227 2518 ὁδῶν
1243 2484 1286 2536 μοι
1301 2461 1441 2531 δεδώκατε,
1455 2459 1479 2518 οἳ
1492 2461 1539 2528 τάς
1555 2460 1723 2540 εὐπορωτέρας
1735 2462 1778 2514 τῶν

1024 2550 1088 2604 ὁδῶν
1103 2548 1223 2612 ἐάσαντες
1239 2547 1284 2613 τάς
1299 2549 1333 2613 είς
1355 2547 1414 2612 τοὺς
1432 2548 1572 2622 πολεμίους
1585 2547 1704 2630 φερούσας
1717 2543 1777 2613 άπή·

1023 2657 1102 2710 γαγον
1117 2637 1149 2690 δι’
1163 2633 1248 2712 ὀρθίας
1270 2637 1387 2712 άτραποῦ
1401 2635 1446 2691 καί
1466 2641 1590 2714 κρημνῶν
1613 2633 1777 2714 άμφιρρόπιιιν,

1024 2723 1050 2776 ἐν
1064 2712 1100 2784 οἷς
1111 2719 1183 2798 παρά
1197 2721 1288 2799 μικρὸν
1300 2713 1384 2792 ἦλθον,
1398 2721 1443 2778 σὺν
1454 2724 1563 2781 ἱππεῦσί
1574 2746 1601 2781 τε
1612 2722 1663 2793 ἰὼν,
1674 2725 1706 2786 ὡς
1715 2717 1778 2786 slede,

1024 2807 1068 2864 καὶ
1080 2807 1190 2878 ἁμάξαις
1206 2808 1250 2864 καὶ
1262 2809 1441 2886 στρατοπέδων
1455 2815 1621 2888 κατασκευῇ,
1640 2804 1779 2881 ἐπιθεμένων

1025 2897 1086 2968 ἡμῖν
1106 2893 1178 2972 άφνω
1193 2897 1243 2950 τῶν
1258 2893 1387 2968 πολεμίοιν
1403 2894 1458 2969 ἅμα
1472 2899 1508 2974 τῷ
1528 2898 1585 2974 ε’μῷ
1605 2893 1693 2962 πλήθει
1711 2887 1779 2948 παντί

1021 3071 1069 3119 que
1078 3063 1147 3106 antea
1159 3060 1254 3119 initam,
1267 3064 1290 3108 et
1305 3074 1359 3122 qum
1375 3064 1433 3108 tunc
1445 3062 1552 3122 primum
1570 3063 1659 3123 equites
1673 3057 1780 3106 admisisse

1021 3136 1115 3196 dieitur,
1126 3137 1170 3185 erit)
1181 3151 1303 3198 vespreram
1323 3139 1443 3198 proiectus
1457 3139 1628 3188 circumeundo
1642 3135 1740 3198 pervenit
1754 3132 1780 3180 ud

1022 3215 1145 3262 metellum
1166 3214 1296 3274 Epidamno
1308 3215 1458 3276 proximum,
1477 3215 1501 3262 in
1515 3218 1636 3276 praerupto
1650 3212 1737 3261 tumulo
1752 3209 1779 3256 si·

1022 3291 1087 3348 lum,
1098 3291 1135 3337 cui
1147 3291 1244 3338 suberat
1253 3292 1314 3338 lossa
1328 3291 1458 3352 protunda,
1470 3292 1494 3338 ln
1504 3305 1578 3351 quam
1590 3293 1651 3338 altus
1662 3289 1740 3337 llurius
1750 3285 1780 3332 in·

1021 3365 1118 3416 lluelrat.
1153 3367 1212 3416 lllue
1233 3367 1423 3416 Theodertclrum
1443 3369 1580 3428 arcessirlt;
1599 3370 1624 3416 et
1640 3366 1678 3414 ille
1696 3362 1781 3424 quidem

1021 3442 1186 3504 obtemperans
1197 3443 1273 3502 venit,
1283 3446 1307 3491 et
1324 3444 1438 3492 instructo
1449 3445 1517 3504 longe
1529 3457 1544 3491 a
1558 3447 1623 3504 tergo
1634 3446 1709 3490 celero
1720 3451 1780 3486 eser·

1022 3519 1079 3580 citu,
1090 3533 1145 3567 cum
1154 3521 1235 3580 paucis
1243 3519 1363 3581 conitiens
1372 3520 1400 3567 ad
1414 3520 1626 3570 ssirrinmaceessit.
1641 3513 1781 3568 Adaniantius

1021 3603 1109 3658 autem,
1121 3611 1150 3646 ne
1162 3597 1217 3646 ullae
1228 3597 1317 3646 insidiae
1323 3600 1479 3654 tentarentur,
1490 3599 1597 3660 undique
1607 3600 1630 3646 in
1640 3597 1716 3645 orbem
1726 3594 1781 3641 cirea

1021 3675 1105 3722 collem
1122 3673 1209 3722 milites
1227 3673 1364 3734 collocarit,
1376 3675 1400 3722 et
1418 3673 1565 3724 descendens
1576 3676 1601 3722 in
1612 3686 1709 3726 saxum,
1726 3668 1781 3716 unde

205 3765 261 3798 cum
270 3751 453 3811 colloqueretur,
467 3753 508 3799 ant
520 3751 539 3798 si
547 3751 580 3798 illi
590 3751 719 3810 sileretur,
729 3753 806 3812 ipsum
819 3752 976 3814 epidamnum
1021 3751 1126 3799 exaudiri
1137 3752 1228 3811 presset,
1239 3754 1262 3798 et
1269 3750 1354 3810 jubens
1364 3751 1490 3798 lrarlrarum
1500 3764 1585 3800 omnes
1598 3750 1656 3799 allos
1664 3749 1780 3803 dimittere,

205 3840 368 3884 accessurum,
387 3827 553 3887 modosoam,
573 3826 646 3888 ipsius
664 3827 799 3884 ducem,et
824 3829 976 3886 Dagisttreum
1021 3828 1085 3874 solus
1094 3827 1206 3874 cumsolo
1215 3830 1251 3874 est
1261 3827 1399 3874 collocutus.
1413 3827 1536 3886 tticquum
1548 3827 1721 3877 Tlreuderielrus
1730 3835 1780 3870 mn·

204 3904 297 3951 obsides
313 3902 462 3964 Lyclmidum
478 3905 595 3962 mitteret,
606 3903 647 3965 qul
662 3905 709 3953 lllic
722 3908 906 3962 assectarentur,
919 3905 976 3952 darm
1020 3904 1117 3952 stitisset
1134 3907 1253 3951 Romanos
1268 3903 1334 3962 jure,
1345 3906 1373 3950 ut
1388 3903 1523 3962 ridelrotur,
1536 3905 1641 3952 accusat.
1653 3921 1664 3943 ι
1677 3905 1722 3962 Ege
1734 3896 1779 3958 qirl·

204 3983 285 4030 salvus
303 3985 327 4030 et
343 3982 469 4030 incolumis
493 3984 661 4030 remitteretur.
682 3987 729 4030 llos
744 3983 839 4043 quidem
863 3983 978 4031 barbarus
1021 3979 1084 4036 dein,
1097 4000 1108 4022 ν
1120 3979 1204 4042 inquit,
1216 3998 1227 4020 ι
1241 3978 1421 4028 estraTtrmciae
1433 3979 1620 4040 tinesscytlriam
1630 3976 1782 4027 rersusrttam

205 4060 295 4118 mittit,
305 4059 347 4108 sed
359 4060 474 4120 Scampire
483 4060 609 4108 subsistere
619 4045 642 4108 et
653 4061 770 4108 huminem
783 4060 812 4108 ad
824 4061 976 4110 sabinianum
1021 4058 1147 4117 transigere
1164 4057 1338 4104 coristitueram.
1373 4059 1417 4104 lllc
1434 4056 1490 4103 rnild
1502 4057 1607 4105 nrauenti
1622 4059 1645 4103 et
1657 4048 1783 4115 imperatori

205 4137 348 4198 praemittere
357 4138 427 4198 iussit
436 4174 442 4198 ,
452 4139 493 4199 qui
505 4138 658 4186 sabinianum
669 4137 823 4200 jurejurando
837 4139 943 4199 adigere,
956 4139 975 4187 si
1020 4133 1044 4182 la
1054 4134 1332 4194 omnibusolrtemperare
1341 4133 1547 4193 paratoneminom
1558 4147 1644 4181 vexare
1654 4132 1677 4179 in
1688 4131 1783 4178 mentem

205 4215 285 4262 salvus
298 4217 322 4261 et
336 4214 460 4262 incolumis
474 4214 628 4262 Adamantius
641 4214 741 4272 rediret,
754 4227 778 4262 se
790 4228 887 4276 quoque
899 4216 976 4264 salvos
1022 4211 1139 4260 veniebat.
1152 4213 1200 4258 Vos
1212 4223 1250 4258 nte
1261 4208 1291 4256 ad
1302 4208 1391 4256 bellum
1404 4212 1486 4256 eoelm
1496 4209 1698 4267 Tlteudericlrutu,
1709 4203 1783 4254 Triarii

205 4295 228 4338 et
239 4289 368 4337 lnmlumes
380 4289 474 4338 obsides
488 4290 647 4338 dirrrissurum.
665 4289 710 4340 Sed
729 4291 868 4340 Sabinianus
883 4293 976 4352 negarit
1021 4287 1109 4345 silium,
1119 4288 1242 4346 evocastis,
1256 4290 1280 4334 et
1294 4285 1396 4345 primum
1407 4285 1503 4346 uiridem
1513 4287 1621 4334 Tlrracire
1638 4284 1720 4331 ducem
1734 4293 1783 4328 eum

205 4380 230 4414 se
241 4367 387 4438 juraturum.
420 4371 468 4417 Nec
477 4367 539 4416 enirn
548 4369 595 4416 ulla
603 4367 633 4416 de
644 4382 668 4416 re
677 4371 746 4417 antee
755 4383 780 4417 se
786 4369 889 4430 jurasse,
901 4383 976 4431 neone
1020 4367 1124 4414 exercitu
1134 4365 1283 4426 milripruste
1293 4365 1398 4430 llpturum
1409 4364 1548 4424 promisistis
1557 4383 1564 4413 e
1573 4363 1679 4412 isnullibi
1686 4361 1783 4422 gentium

205 4439 339 4504 opinionem
355 4443 417 4505 apud
430 4445 535 4492 animum
547 4458 615 4492 suum
628 4458 641 4492 a
656 4449 703 4493 tam
716 4445 784 4506 longo
797 4448 902 4506 tempore
914 4447 975 4496 inse·
1020 4444 1141 4504 aprparnit:
1151 4441 1378 4501 deindcclaudium
1385 4445 1562 4502 procuratorem
1570 4441 1679 4504 stipendii
1687 4437 1783 4492 Gotlriei,

205 4523 305 4568 teratam
320 4519 491 4580 depositurum.
505 4525 586 4578 Qurrm
601 4521 755 4570 Adamantius
766 4520 868 4581 diceret,
883 4535 976 4572 necesse
1020 4535 1075 4568 cum
1094 4523 1176 4568 astruo
1189 4519 1262 4567 milite
1275 4519 1448 4578 adventorum,
1461 4532 1532 4581 quem
1546 4520 1625 4580 ipsum
1635 4529 1726 4579 quoque
1736 4526 1784 4562 ιιιιε·

205 4611 255 4646 esse
270 4599 370 4659 tempori
381 4598 466 4647 cedere
475 4602 516 4646 errt
528 4597 668 4660 legationem
683 4599 772 4648 irritam
786 4600 834 4647 lore
845 4617 851 4648 ι
862 4602 975 4648 necenim
1019 4611 1091 4659 quiem
1104 4597 1161 4644 sicli.
1194 4597 1272 4644 tertio
1286 4594 1345 4643 mini
1362 4595 1454 4642 viarum
1464 4593 1658 4652 ducesdodistis,
1670 4593 1724 4654 qui,
1734 4589 1785 4637 tutis

205 4688 230 4722 se
240 4674 466 4736 protecturum,nisi
474 4675 538 4736 prius
545 4674 639 4736 aliquod
649 4674 704 4722 ritae
713 4675 825 4724 etsalutis
833 4690 883 4724 sum
893 4677 976 4737 pipinis
1019 4680 1043 4724 et
1054 4675 1169 4736 expeditis
1178 4674 1278 4732 omissis,
1291 4687 1332 4734 per
1345 4687 1393 4732 eas,
1405 4686 1461 4734 quae
1470 4673 1501 4722 ad
1510 4675 1603 4722 lrostem
1615 4671 1731 4728 terebant,
1749 4679 1785 4728 per

205 4753 348 4812 accepisset:
364 4751 505 4800 Sabinianus
523 4753 602 4800 tameo
622 4750 679 4800 nitril
698 4751 845 4800 mouebatur.
861 4756 888 4800 Et
909 4755 974 4801 illum
1020 4757 1138 4815 praerupta
1150 4756 1174 4801 et
1184 4751 1311 4813 praecipitia
1325 4751 1376 4799 loca
1386 4764 1425 4800 me
1436 4751 1603 4808 deduxerunt,
1613 4751 1637 4798 in
1655 4747 1785 4810 quibustu-

205 4828 300 4888 qnidem
312 4829 428 4886 attsoire,
438 4827 495 4889 quid
504 4828 547 4876 sibl
569 4829 630 4876 lacto
642 4839 701 4888 opus
711 4829 751 4886 sit,
766 4842 791 4876 se
808 4829 904 4889 quidem
918 4830 975 4878 nitrtt
1020 4831 1306 4890 nrrnalrtlrit,quumcum
1313 4828 1574 4889 eqrritibuseteurritsus
1580 4831 1604 4876 et
1613 4825 1784 4886 rellquocaslru·

205 4905 333 4966 quicquam
349 4909 432 4954 contra
449 4907 538 4966 legem,
557 4919 629 4966 quam
641 4905 717 4965 colat,
730 4907 918 4954 commissurum.
933 4907 975 4955 llic
1019 4923 1073 4957 rum
1082 4911 1196 4970 apparatu
1209 4908 1362 4956 iterlacerem
1377 4909 1400 4956 el
1410 4908 1489 4956 lrostes
1497 4908 1520 4955 in
1530 4920 1569 4954 me
1580 4905 1707 4964 derepente
1713 4903 1785 4955 t'rrtll·

205 4997 278 5043 ηιιιιιιι
288 4984 471 5034 Αὸιιιιιειιθιιείιι
481 4983 553 5032 delrio
565 4985 806 5044 tuereretnssumptis
816 4984 975 5033 durerrtismi·
1020 4989 1084 5046 rent,
1098 4985 1156 5046 quin
1172 4997 1228 5031 cum
1244 4987 1295 5032 tote
1306 4983 1411 5032 exercitu
1430 4998 1483 5031 meo
1495 4983 1601 5032 fonditus
1614 4979 1738 5029 interirem.
1753 4979 1785 5023 Es

205 5059 299 5118 litibus,
319 5073 359 5122 per
368 5059 431 5124 ripas
447 5060 679 5110 inaccessorum
692 5060 925 5122 multisincognilam
936 5075 975 5110 ne·
1020 5077 1067 5125 quio
1085 5063 1241 5112 necasmriam
1256 5074 1311 5110 cum
1327 5061 1372 5111 illis
1382 5062 1515 5124 pactionem
1528 5061 1604 5109 lacere
1615 5071 1669 5106 suni
1680 5055 1785 5110 coactus,
