<?xml version="1.0" encoding="UTF-8"?>
<!DOCTYPE html PUBLIC "-//W3C//DTD XHTML 1.0 Transitional//EN"
    "http://www.w3.org/TR/xhtml1/DTD/xhtml1-transitional.dtd">
<html xmlns="http://www.w3.org/1999/xhtml" xml:lang="en" lang="en">
 <head>
  <title>
</title>
<meta http-equiv="Content-Type" content="text/html;charset=utf-8" />
  <meta name='ocr-system' content='tesseract 3.04.00' />
  <meta name='ocr-capabilities' content='ocr_page ocr_carea ocr_par ocr_line ocrx_word'/>
</head>
<body>
  <div class='ocr_page' id='page_1' title='image "./fragmentahistor01antgoog_0679.png"; bbox 0 0 3908 5732; ppageno 0'>
   <div class='ocr_carea' id='block_1_1' title="bbox 771 354 1752 432">
    <p class='ocr_par' dir='ltr' id='par_1_1' title="bbox 771 354 1752 432">
     <span class='ocr_line' id='line_1_1' title="bbox 771 354 1752 432; baseline 0.003 -5"><span class='ocrx_word' id='word_1_1' title='bbox 771 366 811 427; x_wconf 86' lang='grc' dir='ltr'>ΙΝ</span> <span class='ocrx_word' id='word_1_2' title='bbox 836 354 1039 427; x_wconf 76' lang='lat' dir='ltr'>voluutas</span> <span class='ocrx_word' id='word_1_3' title='bbox 1061 368 1114 426; x_wconf 89' lang='lat' dir='ltr'>llt.</span> <span class='ocrx_word' id='word_1_4' title='bbox 1695 381 1752 432; x_wconf 82' lang='lat' dir='ltr'>aas</span> 
     </span>
    </p>
   </div>
   <div class='ocr_carea' id='block_1_2' title="bbox 90 501 1806 4438">
    <p class='ocr_par' dir='ltr' id='par_1_2' title="bbox 90 501 1761 2943">
     <span class='ocr_line' id='line_1_2' title="bbox 145 501 1756 581; baseline 0.004 -25"><span class='ocrx_word' id='word_1_5' title='bbox 145 511 202 558; x_wconf 90' lang='lat' dir='ltr'>tam</span> <span class='ocrx_word' id='word_1_6' title='bbox 215 501 338 558; x_wconf 68' lang='lat' dir='ltr'>monada</span> <span class='ocrx_word' id='word_1_7' title='bbox 349 520 404 558; x_wconf 81' lang='lat' dir='ltr'>mae</span> <span class='ocrx_word' id='word_1_8' title='bbox 415 513 481 558; x_wconf 90' lang='lat' dir='ltr'>sunt</span> <span class='ocrx_word' id='word_1_9' title='bbox 490 501 619 572; x_wconf 79' lang='lat' dir='ltr'>fortuna,</span> <span class='ocrx_word' id='word_1_10' title='bbox 629 515 663 560; x_wconf 93' lang='lat' dir='ltr'>ut</span> <span class='ocrx_word' id='word_1_11' title='bbox 675 504 848 577; x_wconf 86' lang='lat' dir='ltr'>posteriores</span> <span class='ocrx_word' id='word_1_12' title='bbox 856 504 926 558; x_wconf 90' lang='lat' dir='ltr'>scri·</span> <span class='ocrx_word' id='word_1_13' title='bbox 971 502 1199 577; x_wconf 87' lang='lat' dir='ltr'>majoremquam</span> <span class='ocrx_word' id='word_1_14' title='bbox 1205 504 1440 576; x_wconf 77' lang='lat' dir='ltr'>jejunabistoriae</span> <span class='ocrx_word' id='word_1_15' title='bbox 1450 508 1507 568; x_wconf 83' lang='lat' dir='ltr'>vim</span> <span class='ocrx_word' id='word_1_16' title='bbox 1520 505 1674 575; x_wconf 88' lang='lat' dir='ltr'>tribueret;</span> <span class='ocrx_word' id='word_1_17' title='bbox 1685 527 1756 581; x_wconf 82' lang='lat' dir='ltr'>prae-</span> 
     </span>
     <span class='ocr_line' id='line_1_3' title="bbox 143 589 1756 666; baseline 0.002 -22"><span class='ocrx_word' id='word_1_18' title='bbox 143 600 241 664; x_wconf 87' lang='lat' dir='ltr'>ptores</span> <span class='ocrx_word' id='word_1_19' title='bbox 254 608 335 666; x_wconf 85' lang='lat' dir='ltr'>paene</span> <span class='ocrx_word' id='word_1_20' title='bbox 349 608 461 663; x_wconf 82' lang='lat' dir='ltr'>omnes,</span> <span class='ocrx_word' id='word_1_21' title='bbox 477 601 573 666; x_wconf 88' lang='lat' dir='ltr'>spreto</span> <span class='ocrx_word' id='word_1_22' title='bbox 586 589 750 659; x_wconf 80' lang='lat' dir='ltr'><strong>Herodoto,</strong></span> <span class='ocrx_word' id='word_1_23' title='bbox 766 591 862 647; x_wconf 68' lang='lat' dir='ltr'>Ctesias</span> <span class='ocrx_word' id='word_1_24' title='bbox 876 609 925 646; x_wconf 81' lang='lat' dir='ltr'>ve·</span> <span class='ocrx_word' id='word_1_25' title='bbox 970 592 1066 646; x_wconf 88' lang='lat' dir='ltr'>sertim</span> <span class='ocrx_word' id='word_1_26' title='bbox 1083 609 1171 664; x_wconf 88' lang='lat' dir='ltr'>quum</span> <span class='ocrx_word' id='word_1_27' title='bbox 1182 594 1247 648; x_wconf 89' lang='lat' dir='ltr'>satis</span> <span class='ocrx_word' id='word_1_28' title='bbox 1259 593 1374 650; x_wconf 82' lang='lat' dir='ltr'>abunde</span> <span class='ocrx_word' id='word_1_29' title='bbox 1387 605 1511 664; x_wconf 89' lang='lat' dir='ltr'>constet,</span> <span class='ocrx_word' id='word_1_30' title='bbox 1523 604 1628 666; x_wconf 86' lang='lat' dir='ltr'>quanta</span> <span class='ocrx_word' id='word_1_31' title='bbox 1638 596 1756 650; x_wconf 87' lang='lat' dir='ltr'>Luciani</span> 
     </span>
     <span class='ocr_line' id='line_1_4' title="bbox 143 661 1759 754; baseline 0.002 -22"><span class='ocrx_word' id='word_1_32' title='bbox 143 679 233 752; x_wconf 87' lang='lat' dir='ltr'>stigiis</span> <span class='ocrx_word' id='word_1_33' title='bbox 241 679 409 734; x_wconf 87' lang='lat' dir='ltr'>insisterent.</span> <span class='ocrx_word' id='word_1_34' title='bbox 422 679 623 750; x_wconf 86' lang='lat' dir='ltr'>Nequetamen</span> <span class='ocrx_word' id='word_1_35' title='bbox 632 679 772 734; x_wconf 86' lang='lat' dir='ltr'>seriorum</span> <span class='ocrx_word' id='word_1_36' title='bbox 786 680 925 754; x_wconf 85' lang='lat' dir='ltr'><strong>quispiam</strong></span> <span class='ocrx_word' id='word_1_37' title='bbox 971 677 1045 732; x_wconf 90' lang='lat' dir='ltr'>circa</span> <span class='ocrx_word' id='word_1_38' title='bbox 1060 661 1247 752; x_wconf 74' lang='lat' dir='ltr'>geographica</span> <span class='ocrx_word' id='word_1_39' title='bbox 1261 689 1289 734; x_wconf 90' lang='lat' dir='ltr'>et</span> <span class='ocrx_word' id='word_1_40' title='bbox 1309 680 1444 736; x_wconf 86' lang='lat' dir='ltr'>historica</span> <span class='ocrx_word' id='word_1_41' title='bbox 1458 682 1494 736; x_wconf 91' lang='lat' dir='ltr'>sit</span> <span class='ocrx_word' id='word_1_42' title='bbox 1516 681 1622 736; x_wconf 88' lang='lat' dir='ltr'>levitas.</span> <span class='ocrx_word' id='word_1_43' title='bbox 1642 683 1704 753; x_wconf 86' lang='lat' dir='ltr'>Sic,</span> <span class='ocrx_word' id='word_1_44' title='bbox 1726 693 1759 736; x_wconf 93' lang='lat' dir='ltr'>ut</span> 
     </span>
     <span class='ocr_line' id='line_1_5' title="bbox 143 765 1758 840; baseline 0.001 -20"><span class='ocrx_word' id='word_1_45' title='bbox 143 767 264 838; x_wconf 84' lang='lat' dir='ltr'>capitale</span> <span class='ocrx_word' id='word_1_46' title='bbox 275 765 362 834; x_wconf 89' lang='lat' dir='ltr'>illud,</span> <span class='ocrx_word' id='word_1_47' title='bbox 376 765 518 840; x_wconf 86' lang='lat' dir='ltr'>siluisset,</span> <span class='ocrx_word' id='word_1_48' title='bbox 532 766 567 822; x_wconf 89' lang='lat' dir='ltr'>de</span> <span class='ocrx_word' id='word_1_49' title='bbox 577 767 643 821; x_wconf 86' lang='lat' dir='ltr'>Nini</span> <span class='ocrx_word' id='word_1_50' title='bbox 653 767 707 820; x_wconf 88' lang='lat' dir='ltr'>situ</span> <span class='ocrx_word' id='word_1_51' title='bbox 720 767 794 820; x_wconf 90' lang='lat' dir='ltr'>inter</span> <span class='ocrx_word' id='word_1_52' title='bbox 805 767 926 824; x_wconf 86' lang='lat' dir='ltr'>Ctesiam</span> <span class='ocrx_word' id='word_1_53' title='bbox 971 779 1059 818; x_wconf 87' lang='lat' dir='ltr'>unum</span> <span class='ocrx_word' id='word_1_54' title='bbox 1073 765 1234 838; x_wconf 79' lang='lat' dir='ltr'>proferam,</span> <span class='ocrx_word' id='word_1_55' title='bbox 1259 766 1341 820; x_wconf 90' lang='lat' dir='ltr'>simili</span> <span class='ocrx_word' id='word_1_56' title='bbox 1361 767 1449 821; x_wconf 91' lang='lat' dir='ltr'>modo</span> <span class='ocrx_word' id='word_1_57' title='bbox 1468 785 1501 822; x_wconf 85' lang='lat' dir='ltr'>ac</span> <span class='ocrx_word' id='word_1_58' title='bbox 1515 767 1677 836; x_wconf 89' lang='lat' dir='ltr'>Diodorus,</span> <span class='ocrx_word' id='word_1_59' title='bbox 1700 770 1758 822; x_wconf 80' lang='lat' dir='ltr'>liu-</span> 
     </span>
     <span class='ocr_line' id='line_1_6' title="bbox 142 851 1758 930; baseline 0.001 -20"><span class='ocrx_word' id='word_1_60' title='bbox 142 866 169 910; x_wconf 92' lang='lat' dir='ltr'>et</span> <span class='ocrx_word' id='word_1_61' title='bbox 191 854 371 910; x_wconf 86' lang='lat' dir='ltr'>Herodotum</span> <span class='ocrx_word' id='word_1_62' title='bbox 396 853 543 908; x_wconf 85' lang='lat' dir='ltr'>dissidium</span> <span class='ocrx_word' id='word_1_63' title='bbox 562 855 608 908; x_wconf 80' lang='lat' dir='ltr'>vel</span> <span class='ocrx_word' id='word_1_64' title='bbox 627 872 686 910; x_wconf 92' lang='lat' dir='ltr'>uno</span> <span class='ocrx_word' id='word_1_65' title='bbox 708 855 799 910; x_wconf 77' lang='lat' dir='ltr'>verbo</span> <span class='ocrx_word' id='word_1_66' title='bbox 822 855 923 930; x_wconf 90' lang='lat' dir='ltr'>attigit.</span> <span class='ocrx_word' id='word_1_67' title='bbox 971 851 1100 925; x_wconf 87' lang='lat' dir='ltr'>phratem</span> <span class='ocrx_word' id='word_1_68' title='bbox 1113 872 1178 908; x_wconf 89' lang='lat' dir='ltr'>cum</span> <span class='ocrx_word' id='word_1_69' title='bbox 1199 854 1314 928; x_wconf 82' lang='lat' dir='ltr'>Tigride</span> <span class='ocrx_word' id='word_1_70' title='bbox 1329 853 1493 925; x_wconf 81' lang='lat' dir='ltr'>conhrndit,</span> <span class='ocrx_word' id='word_1_71' title='bbox 1513 855 1600 927; x_wconf 91' lang='lat' dir='ltr'>idque</span> <span class='ocrx_word' id='word_1_72' title='bbox 1621 857 1680 930; x_wconf 87' lang='lat' dir='ltr'>ipse</span> <span class='ocrx_word' id='word_1_73' title='bbox 1700 858 1758 912; x_wconf 78' lang='lat' dir='ltr'>llu-</span> 
     </span>
     <span class='ocr_line' id='line_1_7' title="bbox 143 938 1758 1018; baseline 0.001 -21"><span class='ocrx_word' id='word_1_74' title='bbox 143 943 221 998; x_wconf 89' lang='lat' dir='ltr'>lnter</span> <span class='ocrx_word' id='word_1_75' title='bbox 232 943 349 996; x_wconf 87' lang='lat' dir='ltr'><strong>comites</strong></span> <span class='ocrx_word' id='word_1_76' title='bbox 359 941 514 997; x_wconf 78' lang='lat' dir='ltr'>Alexandri</span> <span class='ocrx_word' id='word_1_77' title='bbox 525 942 668 996; x_wconf 79' lang='lat' dir='ltr'>Nearchus</span> <span class='ocrx_word' id='word_1_78' title='bbox 682 941 709 996; x_wconf 83' lang='grc' dir='ltr'>ἐν</span> <span class='ocrx_word' id='word_1_79' title='bbox 722 938 861 1018; x_wconf 80' lang='grc' dir='ltr'>Παράπλῳ</span> <span class='ocrx_word' id='word_1_80' title='bbox 879 959 925 1016; x_wconf 90' lang='lat' dir='ltr'>ap.</span> <span class='ocrx_word' id='word_1_81' title='bbox 972 939 1127 1012; x_wconf 76' lang='lat' dir='ltr'>phi-atensis</span> <span class='ocrx_word' id='word_1_82' title='bbox 1139 942 1236 996; x_wconf 89' lang='lat' dir='ltr'>homo.</span> <span class='ocrx_word' id='word_1_83' title='bbox 1251 943 1361 997; x_wconf 86' lang='lat' dir='ltr'>Etenim</span> <span class='ocrx_word' id='word_1_84' title='bbox 1370 943 1542 1013; x_wconf 86' lang='lat' dir='ltr'>Seleuciam,</span> <span class='ocrx_word' id='word_1_85' title='bbox 1553 945 1654 998; x_wconf 89' lang='lat' dir='ltr'>urbem</span> <span class='ocrx_word' id='word_1_86' title='bbox 1665 945 1758 1016; x_wconf 87' lang='lat' dir='ltr'>Baby·</span> 
     </span>
     <span class='ocr_line' id='line_1_8' title="bbox 141 1027 1757 1106; baseline 0.002 -23"><span class='ocrx_word' id='word_1_87' title='bbox 141 1031 255 1084; x_wconf 88' lang='lat' dir='ltr'>Arrian.</span> <span class='ocrx_word' id='word_1_88' title='bbox 266 1028 328 1086; x_wconf 89' lang='lat' dir='ltr'>lnd.</span> <span class='ocrx_word' id='word_1_89' title='bbox 342 1036 379 1096; x_wconf 67' lang='lat' dir='ltr'>Aa</span> <span class='ocrx_word' id='word_1_90' title='bbox 389 1030 492 1084; x_wconf 89' lang='lat' dir='ltr'>Ninum</span> <span class='ocrx_word' id='word_1_91' title='bbox 505 1027 542 1084; x_wconf 88' lang='lat' dir='ltr'>ad</span> <span class='ocrx_word' id='word_1_92' title='bbox 549 1030 648 1103; x_wconf 84' lang='lat' dir='ltr'>Tigrin</span> <span class='ocrx_word' id='word_1_93' title='bbox 659 1039 808 1086; x_wconf 89' lang='lat' dir='ltr'>memorat.</span> <span class='ocrx_word' id='word_1_94' title='bbox 819 1029 927 1084; x_wconf 89' lang='lat' dir='ltr'>Eodem</span> <span class='ocrx_word' id='word_1_95' title='bbox 973 1027 1056 1082; x_wconf 80' lang='lat' dir='ltr'>loniae</span> <span class='ocrx_word' id='word_1_96' title='bbox 1082 1030 1166 1103; x_wconf 87' lang='lat' dir='ltr'>longe</span> <span class='ocrx_word' id='word_1_97' title='bbox 1189 1029 1422 1104; x_wconf 84' lang='lat' dir='ltr'>celeberrimam,</span> <span class='ocrx_word' id='word_1_98' title='bbox 1445 1050 1503 1086; x_wconf 90' lang='lat' dir='ltr'>non</span> <span class='ocrx_word' id='word_1_99' title='bbox 1525 1049 1617 1104; x_wconf 87' lang='lat' dir='ltr'>prope</span> <span class='ocrx_word' id='word_1_100' title='bbox 1634 1033 1757 1106; x_wconf 80' lang='lat' dir='ltr'>Tigrim,</span> 
     </span>
     <span class='ocr_line' id='line_1_9' title="bbox 142 1115 1759 1192; baseline 0.002 -21"><span class='ocrx_word' id='word_1_101' title='bbox 142 1115 221 1172; x_wconf 90' lang='lat' dir='ltr'>ducit</span> <span class='ocrx_word' id='word_1_102' title='bbox 236 1116 382 1174; x_wconf 84' lang='lat' dir='ltr'>Diodorus</span> <span class='ocrx_word' id='word_1_103' title='bbox 407 1116 517 1190; x_wconf 77' lang='lat' dir='ltr'>(xvtl,</span> <span class='ocrx_word' id='word_1_104' title='bbox 542 1115 614 1192; x_wconf 83' lang='lat'>53),</span> <span class='ocrx_word' id='word_1_105' title='bbox 632 1135 716 1190; x_wconf 91' lang='lat' dir='ltr'>quem</span> <span class='ocrx_word' id='word_1_106' title='bbox 731 1117 762 1172; x_wconf 93' lang='lat' dir='ltr'>in</span> <span class='ocrx_word' id='word_1_107' title='bbox 772 1116 928 1172; x_wconf 81' lang='lat' dir='ltr'>Alexandri</span> <span class='ocrx_word' id='word_1_108' title='bbox 972 1115 1021 1170; x_wconf 85' lang='lat' dir='ltr'>sed</span> <span class='ocrx_word' id='word_1_109' title='bbox 1044 1116 1080 1170; x_wconf 88' lang='lat' dir='ltr'>ad</span> <span class='ocrx_word' id='word_1_110' title='bbox 1095 1116 1268 1190; x_wconf 80' lang='lat' dir='ltr'>Euphratem</span> <span class='ocrx_word' id='word_1_111' title='bbox 1282 1117 1428 1172; x_wconf 91' lang='lat' dir='ltr'>conditam</span> <span class='ocrx_word' id='word_1_112' title='bbox 1442 1136 1499 1174; x_wconf 90' lang='lat' dir='ltr'>esse</span> <span class='ocrx_word' id='word_1_113' title='bbox 1521 1118 1608 1174; x_wconf 84' lang='lat' dir='ltr'>refert</span> <span class='ocrx_word' id='word_1_114' title='bbox 1629 1117 1692 1192; x_wconf 85' lang='lat' dir='ltr'>(De</span> <span class='ocrx_word' id='word_1_115' title='bbox 1706 1119 1759 1176; x_wconf 89' lang='lat' dir='ltr'>dea</span> 
     </span>
     <span class='ocr_line' id='line_1_10' title="bbox 142 1203 1756 1280; baseline 0.001 -21"><span class='ocrx_word' id='word_1_116' title='bbox 142 1205 258 1260; x_wconf 80' lang='lat' dir='ltr'>historia</span> <span class='ocrx_word' id='word_1_117' title='bbox 279 1205 454 1264; x_wconf 85' lang='lat' dir='ltr'>Clitarchnm</span> <span class='ocrx_word' id='word_1_118' title='bbox 479 1205 559 1278; x_wconf 88' lang='lat' dir='ltr'>sequi</span> <span class='ocrx_word' id='word_1_119' title='bbox 583 1214 702 1261; x_wconf 84' lang='lat' dir='ltr'>constat.</span> <span class='ocrx_word' id='word_1_120' title='bbox 723 1204 750 1260; x_wconf 91' lang='lat' dir='ltr'>Is</span> <span class='ocrx_word' id='word_1_121' title='bbox 770 1205 845 1260; x_wconf 91' lang='lat' dir='ltr'>enim</span> <span class='ocrx_word' id='word_1_122' title='bbox 869 1207 926 1260; x_wconf 90' lang='lat' dir='ltr'>Da·</span> <span class='ocrx_word' id='word_1_123' title='bbox 973 1204 1037 1276; x_wconf 87' lang='lat' dir='ltr'>Syr.</span> <span class='ocrx_word' id='word_1_124' title='bbox 1061 1223 1086 1261; x_wconf 92' lang='lat' dir='ltr'>c.</span> <span class='ocrx_word' id='word_1_125' title='bbox 1113 1203 1179 1270; x_wconf 71' lang='grc' dir='ltr'><strong>ιδ).</strong></span> <span class='ocrx_word' id='word_1_126' title='bbox 1202 1205 1266 1275; x_wconf 92' lang='lat' dir='ltr'>Quo</span> <span class='ocrx_word' id='word_1_127' title='bbox 1292 1204 1363 1276; x_wconf 89' lang='lat' dir='ltr'>quid</span> <span class='ocrx_word' id='word_1_128' title='bbox 1379 1204 1437 1260; x_wconf 92' lang='lat' dir='ltr'>dici</span> <span class='ocrx_word' id='word_1_129' title='bbox 1457 1206 1553 1280; x_wconf 91' lang='lat' dir='ltr'>potuit</span> <span class='ocrx_word' id='word_1_130' title='bbox 1578 1207 1756 1262; x_wconf 82' lang='lat' dir='ltr'>oscitantius!</span> 
     </span>
     <span class='ocr_line' id='line_1_11' title="bbox 141 1288 1758 1368; baseline 0.001 -21"><span class='ocrx_word' id='word_1_131' title='bbox 141 1293 216 1348; x_wconf 89' lang='lat' dir='ltr'>rium</span> <span class='ocrx_word' id='word_1_132' title='bbox 230 1291 302 1348; x_wconf 90' lang='lat' dir='ltr'>dicit</span> <span class='ocrx_word' id='word_1_133' title='bbox 318 1293 463 1366; x_wconf 85' lang='lat' dir='ltr'>Babylone</span> <span class='ocrx_word' id='word_1_134' title='bbox 483 1292 643 1367; x_wconf 82' lang='lat' dir='ltr'>proiectum</span> <span class='ocrx_word' id='word_1_135' title='bbox 658 1293 732 1348; x_wconf 89' lang='lat' dir='ltr'>inter</span> <span class='ocrx_word' id='word_1_136' title='bbox 755 1292 928 1368; x_wconf 69' lang='lat' dir='ltr'>Euphratem</span> <span class='ocrx_word' id='word_1_137' title='bbox 973 1291 1018 1345; x_wconf 90' lang='lat' dir='ltr'>Sic</span> <span class='ocrx_word' id='word_1_138' title='bbox 1043 1288 1126 1348; x_wconf 90' lang='lat' dir='ltr'>flocci</span> <span class='ocrx_word' id='word_1_139' title='bbox 1147 1290 1215 1346; x_wconf 88' lang='lat' dir='ltr'>facit</span> <span class='ocrx_word' id='word_1_140' title='bbox 1235 1291 1382 1347; x_wconf 86' lang='lat' dir='ltr'>historiam</span> <span class='ocrx_word' id='word_1_141' title='bbox 1397 1293 1427 1347; x_wconf 90' lang='lat' dir='ltr'>in</span> <span class='ocrx_word' id='word_1_142' title='bbox 1450 1295 1685 1368; x_wconf 90' lang='lat' dir='ltr'>lcaromenippo,</span> <span class='ocrx_word' id='word_1_143' title='bbox 1708 1294 1758 1348; x_wconf 90' lang='lat' dir='ltr'>ubi</span> 
     </span>
     <span class='ocr_line' id='line_1_12' title="bbox 142 1379 1759 1454; baseline 0.002 -20"><span class='ocrx_word' id='word_1_144' title='bbox 142 1391 170 1436; x_wconf 86' lang='lat' dir='ltr'>et</span> <span class='ocrx_word' id='word_1_145' title='bbox 181 1380 288 1454; x_wconf 87' lang='lat' dir='ltr'>Tigrim</span> <span class='ocrx_word' id='word_1_146' title='bbox 300 1399 352 1453; x_wconf 92' lang='lat' dir='ltr'>per</span> <span class='ocrx_word' id='word_1_147' title='bbox 364 1381 597 1453; x_wconf 83' lang='lat' dir='ltr'>Mesopotamiam</span> <span class='ocrx_word' id='word_1_148' title='bbox 607 1379 798 1450; x_wconf 85' lang='lat' dir='ltr'>adscendisse,</span> <span class='ocrx_word' id='word_1_149' title='bbox 809 1390 840 1434; x_wconf 88' lang='lat' dir='ltr'>ut</span> <span class='ocrx_word' id='word_1_150' title='bbox 850 1397 926 1436; x_wconf 91' lang='lat' dir='ltr'>exer·</span> <span class='ocrx_word' id='word_1_151' title='bbox 973 1379 1076 1436; x_wconf 90' lang='lat' dir='ltr'>eodem</span> <span class='ocrx_word' id='word_1_152' title='bbox 1087 1381 1225 1454; x_wconf 89' lang='lat' dir='ltr'>temporis</span> <span class='ocrx_word' id='word_1_153' title='bbox 1236 1392 1381 1436; x_wconf 89' lang='lat' dir='ltr'>momento</span> <span class='ocrx_word' id='word_1_154' title='bbox 1395 1383 1518 1437; x_wconf 86' lang='lat' dir='ltr'>creuisse</span> <span class='ocrx_word' id='word_1_155' title='bbox 1531 1382 1602 1437; x_wconf 91' lang='lat' dir='ltr'>dicit</span> <span class='ocrx_word' id='word_1_156' title='bbox 1611 1401 1674 1454; x_wconf 85' lang='lat' dir='ltr'>quac</span> <span class='ocrx_word' id='word_1_157' title='bbox 1689 1382 1759 1438; x_wconf 85' lang='lat' dir='ltr'>dua-</span> 
     </span>
     <span class='ocr_line' id='line_1_13' title="bbox 142 1468 1757 1544; baseline 0.002 -22"><span class='ocrx_word' id='word_1_158' title='bbox 142 1470 230 1522; x_wconf 88' lang='lat' dir='ltr'>citum</span> <span class='ocrx_word' id='word_1_159' title='bbox 243 1469 273 1522; x_wconf 93' lang='lat' dir='ltr'>in</span> <span class='ocrx_word' id='word_1_160' title='bbox 292 1487 407 1542; x_wconf 87' lang='lat' dir='ltr'>campos</span> <span class='ocrx_word' id='word_1_161' title='bbox 429 1468 561 1538; x_wconf 90' lang='lat' dir='ltr'>duceret,</span> <span class='ocrx_word' id='word_1_162' title='bbox 582 1470 635 1542; x_wconf 91' lang='lat' dir='ltr'>qui</span> <span class='ocrx_word' id='word_1_163' title='bbox 649 1469 724 1524; x_wconf 83' lang='lat' dir='ltr'>circa</span> <span class='ocrx_word' id='word_1_164' title='bbox 746 1468 852 1524; x_wconf 86' lang='lat' dir='ltr'>Ninum</span> <span class='ocrx_word' id='word_1_165' title='bbox 873 1468 928 1523; x_wconf 87' lang='lat' dir='ltr'>late</span> <span class='ocrx_word' id='word_1_166' title='bbox 973 1485 1036 1521; x_wconf 90' lang='lat' dir='ltr'>rum</span> <span class='ocrx_word' id='word_1_167' title='bbox 1050 1468 1109 1522; x_wconf 88' lang='lat' dir='ltr'>fere</span> <span class='ocrx_word' id='word_1_168' title='bbox 1122 1469 1339 1542; x_wconf 78' lang='lat' dir='ltr'>generationum</span> <span class='ocrx_word' id='word_1_169' title='bbox 1353 1469 1504 1524; x_wconf 83' lang='lat' dir='ltr'>intervallo</span> <span class='ocrx_word' id='word_1_170' title='bbox 1523 1481 1652 1544; x_wconf 89' lang='lat' dir='ltr'>separata</span> <span class='ocrx_word' id='word_1_171' title='bbox 1666 1481 1757 1530; x_wconf 89' lang='lat' dir='ltr'>erant.</span> 
     </span>
     <span class='ocr_line' id='line_1_14' title="bbox 141 1554 1759 1631; baseline 0.001 -21"><span class='ocrx_word' id='word_1_172' title='bbox 141 1566 269 1630; x_wconf 90' lang='lat' dir='ltr'>patentes</span> <span class='ocrx_word' id='word_1_173' title='bbox 282 1557 354 1612; x_wconf 82' lang='lat' dir='ltr'>aciei</span> <span class='ocrx_word' id='word_1_174' title='bbox 376 1557 552 1630; x_wconf 72' lang='lat' dir='ltr'>explicanda</span> <span class='ocrx_word' id='word_1_175' title='bbox 566 1556 746 1612; x_wconf 84' lang='lat' dir='ltr'>accommodi</span> <span class='ocrx_word' id='word_1_176' title='bbox 758 1566 865 1626; x_wconf 85' lang='lat' dir='ltr'>essent,</span> <span class='ocrx_word' id='word_1_177' title='bbox 881 1573 928 1610; x_wconf 91' lang='lat' dir='ltr'>ca·</span> <span class='ocrx_word' id='word_1_178' title='bbox 973 1554 1030 1610; x_wconf 88' lang='lat' dir='ltr'>Sed</span> <span class='ocrx_word' id='word_1_179' title='bbox 1040 1573 1076 1610; x_wconf 93' lang='lat' dir='ltr'>ne</span> <span class='ocrx_word' id='word_1_180' title='bbox 1087 1557 1272 1611; x_wconf 88' lang='lat' dir='ltr'>immoremur</span> <span class='ocrx_word' id='word_1_181' title='bbox 1288 1556 1329 1611; x_wconf 88' lang='lat' dir='ltr'>rei</span> <span class='ocrx_word' id='word_1_182' title='bbox 1345 1554 1512 1630; x_wconf 80' lang='lat' dir='ltr'>profligatae.</span> <span class='ocrx_word' id='word_1_183' title='bbox 1528 1559 1600 1614; x_wconf 87' lang='lat' dir='ltr'>Nam</span> <span class='ocrx_word' id='word_1_184' title='bbox 1614 1559 1659 1612; x_wconf 82' lang='lat' dir='ltr'>vel</span> <span class='ocrx_word' id='word_1_185' title='bbox 1673 1559 1693 1612; x_wconf 94' lang='lat' dir='ltr'>ii</span> <span class='ocrx_word' id='word_1_186' title='bbox 1708 1559 1759 1631; x_wconf 89' lang='lat' dir='ltr'>qui</span> 
     </span>
     <span class='ocr_line' id='line_1_15' title="bbox 140 1640 1758 1720; baseline 0 -19"><span class='ocrx_word' id='word_1_187' title='bbox 140 1657 256 1719; x_wconf 89' lang='lat' dir='ltr'>straque</span> <span class='ocrx_word' id='word_1_188' title='bbox 263 1645 298 1701; x_wconf 89' lang='lat' dir='ltr'>ad</span> <span class='ocrx_word' id='word_1_189' title='bbox 306 1646 543 1719; x_wconf 88' lang='lat' dir='ltr'>Arbelaposuisse</span> <span class='ocrx_word' id='word_1_190' title='bbox 551 1687 559 1716; x_wconf 91' lang='lat'>,</span> <span class='ocrx_word' id='word_1_191' title='bbox 567 1646 617 1699; x_wconf 91' lang='lat' dir='ltr'>ubi</span> <span class='ocrx_word' id='word_1_192' title='bbox 625 1646 758 1720; x_wconf 89' lang='lat' dir='ltr'>proelinm</span> <span class='ocrx_word' id='word_1_193' title='bbox 767 1654 929 1718; x_wconf 88' lang='lat' dir='ltr'>exspectans</span> <span class='ocrx_word' id='word_1_194' title='bbox 974 1653 1038 1715; x_wconf 89' lang='lat' dir='ltr'>post</span> <span class='ocrx_word' id='word_1_195' title='bbox 1046 1640 1215 1698; x_wconf 84' lang='lat' dir='ltr'>Dablmanni</span> <span class='ocrx_word' id='word_1_196' title='bbox 1228 1640 1443 1717; x_wconf 78' lang='lat' dir='ltr'>(Forsclruugeu</span> <span class='ocrx_word' id='word_1_197' title='bbox 1455 1647 1480 1712; x_wconf 91' lang='lat' dir='ltr'>I,</span> <span class='ocrx_word' id='word_1_198' title='bbox 1492 1665 1522 1718; x_wconf 91' lang='lat' dir='ltr'>p.</span> <span class='ocrx_word' id='word_1_199' title='bbox 1540 1644 1627 1716; x_wconf 83' lang='lat' dir='ltr'>aa·37</span> <span class='ocrx_word' id='word_1_200' title='bbox 1639 1645 1693 1719; x_wconf 74' lang='lat' dir='ltr'>lde</span> <span class='ocrx_word' id='word_1_201' title='bbox 1702 1649 1758 1702; x_wconf 91' lang='lat' dir='ltr'>Lu·</span> 
     </span>
     <span class='ocr_line' id='line_1_16' title="bbox 140 1729 1759 1803; baseline 0 -15"><span class='ocrx_word' id='word_1_202' title='bbox 140 1735 244 1788; x_wconf 88' lang='lat' dir='ltr'>milites</span> <span class='ocrx_word' id='word_1_203' title='bbox 268 1733 447 1792; x_wconf 85' lang='lat' dir='ltr'>exercuisset.</span> <span class='ocrx_word' id='word_1_204' title='bbox 475 1733 526 1786; x_wconf 88' lang='lat' dir='ltr'>His</span> <span class='ocrx_word' id='word_1_205' title='bbox 550 1732 624 1789; x_wconf 88' lang='lat' dir='ltr'>add&#39;e</span> <span class='ocrx_word' id='word_1_206' title='bbox 653 1731 821 1788; x_wconf 88' lang='lat' dir='ltr'>Strabonem</span> <span class='ocrx_word' id='word_1_207' title='bbox 847 1731 927 1799; x_wconf 84' lang='lat' dir='ltr'>xvt,</span> <span class='ocrx_word' id='word_1_208' title='bbox 974 1731 1055 1785; x_wconf 91' lang='lat' dir='ltr'>ciano</span> <span class='ocrx_word' id='word_1_209' title='bbox 1063 1729 1202 1800; x_wconf 80' lang='lat' dir='ltr'>judiciiun</span> <span class='ocrx_word' id='word_1_210' title='bbox 1211 1731 1308 1803; x_wconf 92' lang='lat' dir='ltr'>paullo</span> <span class='ocrx_word' id='word_1_211' title='bbox 1317 1733 1438 1787; x_wconf 78' lang='lat' dir='ltr'>severius</span> <span class='ocrx_word' id='word_1_212' title='bbox 1448 1734 1520 1788; x_wconf 89' lang='lat' dir='ltr'>tueri</span> <span class='ocrx_word' id='word_1_213' title='bbox 1533 1744 1680 1788; x_wconf 91' lang='lat' dir='ltr'>auctorem</span> <span class='ocrx_word' id='word_1_214' title='bbox 1693 1732 1759 1788; x_wconf 87' lang='lat' dir='ltr'>data</span> 
     </span>
     <span class='ocr_line' id='line_1_17' title="bbox 141 1816 1757 1895; baseline -0.001 -20"><span class='ocrx_word' id='word_1_215' title='bbox 141 1839 170 1895; x_wconf 94' lang='lat' dir='ltr'>p.</span> <span class='ocrx_word' id='word_1_216' title='bbox 189 1819 246 1888; x_wconf 85' lang='lat'>738</span> <span class='ocrx_word' id='word_1_217' title='bbox 261 1831 290 1876; x_wconf 92' lang='lat' dir='ltr'>et</span> <span class='ocrx_word' id='word_1_218' title='bbox 302 1821 426 1876; x_wconf 92' lang='lat' dir='ltr'>Plinium</span> <span class='ocrx_word' id='word_1_219' title='bbox 437 1821 494 1888; x_wconf 90' lang='lat' dir='ltr'>VI,</span> <span class='ocrx_word' id='word_1_220' title='bbox 512 1818 546 1874; x_wconf 81' lang='lat'>13</span> <span class='ocrx_word' id='word_1_221' title='bbox 562 1829 591 1874; x_wconf 91' lang='lat' dir='ltr'>et</span> <span class='ocrx_word' id='word_1_222' title='bbox 603 1820 653 1892; x_wconf 91' lang='lat' dir='ltr'>qui</span> <span class='ocrx_word' id='word_1_223' title='bbox 665 1820 769 1876; x_wconf 90' lang='lat' dir='ltr'>Ninum</span> <span class='ocrx_word' id='word_1_224' title='bbox 783 1819 928 1875; x_wconf 89' lang='lat' dir='ltr'>recentio-</span> <span class='ocrx_word' id='word_1_225' title='bbox 975 1834 1063 1890; x_wconf 90' lang='lat' dir='ltr'>opera</span> <span class='ocrx_word' id='word_1_226' title='bbox 1077 1816 1262 1885; x_wconf 89' lang='lat' dir='ltr'>studuemnt,</span> <span class='ocrx_word' id='word_1_227' title='bbox 1280 1819 1401 1892; x_wconf 89' lang='lat' dir='ltr'>ingenue</span> <span class='ocrx_word' id='word_1_228' title='bbox 1421 1829 1515 1874; x_wconf 89' lang='lat' dir='ltr'>tamen</span> <span class='ocrx_word' id='word_1_229' title='bbox 1535 1819 1659 1876; x_wconf 85' lang='lat' dir='ltr'>fatentur</span> <span class='ocrx_word' id='word_1_230' title='bbox 1680 1837 1757 1890; x_wconf 91' lang='lat' dir='ltr'>eum,</span> 
     </span>
     <span class='ocr_line' id='line_1_18' title="bbox 141 1905 1757 1980; baseline 0.001 -18"><span class='ocrx_word' id='word_1_231' title='bbox 141 1925 203 1964; x_wconf 91' lang='lat' dir='ltr'>rem</span> <span class='ocrx_word' id='word_1_232' title='bbox 216 1919 389 1977; x_wconf 88' lang='lat' dir='ltr'>memorant,</span> <span class='ocrx_word' id='word_1_233' title='bbox 401 1909 528 1964; x_wconf 86' lang='lat' dir='ltr'>Tacitum</span> <span class='ocrx_word' id='word_1_234' title='bbox 537 1909 591 1962; x_wconf 91' lang='lat' dir='ltr'>An.</span> <span class='ocrx_word' id='word_1_235' title='bbox 600 1907 672 1975; x_wconf 88' lang='lat' dir='ltr'>XII,</span> <span class='ocrx_word' id='word_1_236' title='bbox 689 1906 735 1978; x_wconf 83' lang='lat'>13,</span> <span class='ocrx_word' id='word_1_237' title='bbox 748 1907 929 1962; x_wconf 71' lang='lat' dir='ltr'>Ptolemaeum</span> <span class='ocrx_word' id='word_1_238' title='bbox 974 1915 1075 1978; x_wconf 89' lang='lat' dir='ltr'>utpote</span> <span class='ocrx_word' id='word_1_239' title='bbox 1089 1917 1213 1979; x_wconf 88' lang='lat' dir='ltr'>poetam,</span> <span class='ocrx_word' id='word_1_240' title='bbox 1224 1905 1348 1960; x_wconf 74' lang='lat' dir='ltr'>historiar</span> <span class='ocrx_word' id='word_1_241' title='bbox 1359 1907 1506 1962; x_wconf 88' lang='lat' dir='ltr'>veritatem</span> <span class='ocrx_word' id='word_1_242' title='bbox 1515 1926 1618 1980; x_wconf 87' lang='lat' dir='ltr'>parurn</span> <span class='ocrx_word' id='word_1_243' title='bbox 1627 1927 1757 1976; x_wconf 76' lang='lat' dir='ltr'>curasse,</span> 
     </span>
     <span class='ocr_line' id='line_1_19' title="bbox 90 1994 1756 2068; baseline 0.001 -18"><span class='ocrx_word' id='word_1_244' title='bbox 90 2049 96 2062; x_wconf 75' lang='grc'><strong>,</strong></span> <span class='ocrx_word' id='word_1_245' title='bbox 143 1997 198 2063; x_wconf 88' lang='lat' dir='ltr'>vl,</span> <span class='ocrx_word' id='word_1_246' title='bbox 225 2015 257 2066; x_wconf 92' lang='grc' dir='ltr'>ι,</span> <span class='ocrx_word' id='word_1_247' title='bbox 279 1997 475 2051; x_wconf 83' lang='lat' dir='ltr'>Marcellinum</span> <span class='ocrx_word' id='word_1_248' title='bbox 489 1995 604 2063; x_wconf 81' lang='lat' dir='ltr'>XXIII,</span> <span class='ocrx_word' id='word_1_249' title='bbox 628 1994 645 2050; x_wconf 90' lang='lat'><strong>6</strong></span> <span class='ocrx_word' id='word_1_250' title='bbox 669 2006 698 2050; x_wconf 90' lang='lat' dir='ltr'>et</span> <span class='ocrx_word' id='word_1_251' title='bbox 724 2014 752 2065; x_wconf 87' lang='lat'>7,</span> <span class='ocrx_word' id='word_1_252' title='bbox 773 1995 929 2068; x_wconf 83' lang='lat' dir='ltr'>Theopha-</span> <span class='ocrx_word' id='word_1_253' title='bbox 975 2010 1094 2064; x_wconf 89' lang='lat' dir='ltr'>eamque</span> <span class='ocrx_word' id='word_1_254' title='bbox 1104 2011 1158 2066; x_wconf 89' lang='lat' dir='ltr'>pro</span> <span class='ocrx_word' id='word_1_255' title='bbox 1170 2011 1201 2048; x_wconf 92' lang='lat' dir='ltr'>re</span> <span class='ocrx_word' id='word_1_256' title='bbox 1212 2004 1277 2048; x_wconf 87' lang='lat' dir='ltr'>nata</span> <span class='ocrx_word' id='word_1_257' title='bbox 1289 1994 1675 2066; x_wconf 84' lang='lat' dir='ltr'>poeticissuisvelrhetoricis</span> <span class='ocrx_word' id='word_1_258' title='bbox 1686 2014 1756 2051; x_wconf 90' lang='lat' dir='ltr'>con·</span> 
     </span>
     <span class='ocr_line' id='line_1_20' title="bbox 143 2080 1757 2158; baseline 0 -20"><span class='ocrx_word' id='word_1_259' title='bbox 143 2099 209 2138; x_wconf 88' lang='lat' dir='ltr'>nem</span> <span class='ocrx_word' id='word_1_260' title='bbox 222 2084 249 2156; x_wconf 89' lang='grc' dir='ltr'><strong>Ι,</strong></span> <span class='ocrx_word' id='word_1_261' title='bbox 263 2102 294 2157; x_wconf 89' lang='lat' dir='ltr'>p.</span> <span class='ocrx_word' id='word_1_262' title='bbox 322 2090 398 2158; x_wconf 67' lang='lat'>1794,</span> <span class='ocrx_word' id='word_1_263' title='bbox 421 2083 579 2140; x_wconf 87' lang='lat' dir='ltr'>Cedrcnum</span> <span class='ocrx_word' id='word_1_264' title='bbox 599 2086 624 2152; x_wconf 94' lang='lat' dir='ltr'>I,</span> <span class='ocrx_word' id='word_1_265' title='bbox 641 2102 672 2158; x_wconf 92' lang='lat' dir='ltr'>p.</span> <span class='ocrx_word' id='word_1_266' title='bbox 693 2081 749 2152; x_wconf 82' lang='lat'>730</span> <span class='ocrx_word' id='word_1_267' title='bbox 768 2081 813 2140; x_wconf 93' lang='lat' dir='ltr'>ed.</span> <span class='ocrx_word' id='word_1_268' title='bbox 835 2083 926 2140; x_wconf 89' lang='lat' dir='ltr'>Bonn.</span> <span class='ocrx_word' id='word_1_269' title='bbox 973 2080 1470 2156; x_wconf 84' lang='lat' dir='ltr'>siliisaccommodasse.(V.Kriiger.</span> <span class='ocrx_word' id='word_1_270' title='bbox 1479 2083 1544 2140; x_wconf 84' lang='lat' dir='ltr'>Lab.</span> <span class='ocrx_word' id='word_1_271' title='bbox 1553 2084 1580 2138; x_wconf 85' lang='lat' dir='ltr'>d.</span> <span class='ocrx_word' id='word_1_272' title='bbox 1590 2083 1673 2138; x_wconf 80' lang='lat' dir='ltr'>Thur.</span> <span class='ocrx_word' id='word_1_273' title='bbox 1681 2102 1711 2156; x_wconf 88' lang='lat' dir='ltr'>p.</span> <span class='ocrx_word' id='word_1_274' title='bbox 1725 2103 1757 2138; x_wconf 87' lang='lat' dir='ltr'>ra</span> 
     </span>
     <span class='ocr_line' id='line_1_21' title="bbox 143 2167 1760 2245; baseline 0.001 -21"><span class='ocrx_word' id='word_1_275' title='bbox 143 2169 244 2242; x_wconf 87' lang='lat' dir='ltr'>(Qiros</span> <span class='ocrx_word' id='word_1_276' title='bbox 269 2172 349 2226; x_wconf 90' lang='lat' dir='ltr'>locos</span> <span class='ocrx_word' id='word_1_277' title='bbox 368 2171 436 2227; x_wconf 88' lang='lat' dir='ltr'>vide</span> <span class='ocrx_word' id='word_1_278' title='bbox 460 2188 507 2245; x_wconf 88' lang='lat' dir='ltr'>ap.</span> <span class='ocrx_word' id='word_1_279' title='bbox 524 2169 633 2228; x_wconf 83' lang='lat' dir='ltr'>Hoel&#39;er.</span> <span class='ocrx_word' id='word_1_280' title='bbox 650 2172 778 2225; x_wconf 81' lang='lat' dir='ltr'>Premier</span> <span class='ocrx_word' id='word_1_281' title='bbox 799 2171 930 2224; x_wconf 84' lang='lat' dir='ltr'>ure&#39;uroire</span> <span class='ocrx_word' id='word_1_282' title='bbox 976 2183 1040 2239; x_wconf 89' lang='lat' dir='ltr'>sqq.</span> <span class='ocrx_word' id='word_1_283' title='bbox 1054 2168 1171 2240; x_wconf 83' lang='lat' dir='ltr'>Ileysius</span> <span class='ocrx_word' id='word_1_284' title='bbox 1181 2167 1283 2239; x_wconf 84' lang='lat' dir='ltr'>Quaest.</span> <span class='ocrx_word' id='word_1_285' title='bbox 1297 2167 1406 2225; x_wconf 87' lang='lat' dir='ltr'>Ilerod.</span> <span class='ocrx_word' id='word_1_286' title='bbox 1418 2187 1446 2242; x_wconf 90' lang='lat' dir='ltr'>p.</span> <span class='ocrx_word' id='word_1_287' title='bbox 1458 2169 1663 2242; x_wconf 75' lang='lat' dir='ltr'>37sqq.lNihil</span> <span class='ocrx_word' id='word_1_288' title='bbox 1673 2173 1760 2244; x_wconf 88' lang='lat' dir='ltr'>igitur</span> 
     </span>
     <span class='ocr_line' id='line_1_22' title="bbox 142 2255 1759 2336; baseline 0.001 -26"><span class='ocrx_word' id='word_1_289' title='bbox 142 2274 191 2311; x_wconf 81' lang='lat' dir='ltr'>sur</span> <span class='ocrx_word' id='word_1_290' title='bbox 206 2259 246 2312; x_wconf 88' lang='lat' dir='ltr'>les</span> <span class='ocrx_word' id='word_1_291' title='bbox 258 2262 352 2312; x_wconf 74' lang='lat' dir='ltr'>ruinas</span> <span class='ocrx_word' id='word_1_292' title='bbox 362 2259 399 2313; x_wconf 83' lang='lat' dir='ltr'>dc</span> <span class='ocrx_word' id='word_1_293' title='bbox 420 2261 532 2314; x_wconf 85' lang='lat' dir='ltr'>Niniue.</span> <span class='ocrx_word' id='word_1_294' title='bbox 553 2259 618 2313; x_wconf 85' lang='lat' dir='ltr'>Par.</span> <span class='ocrx_word' id='word_1_295' title='bbox 638 2255 724 2336; x_wconf 75' lang='lat'>1859.</span> <span class='ocrx_word' id='word_1_296' title='bbox 748 2257 830 2312; x_wconf 84' lang='lat' dir='ltr'>lilitto</span> <span class='ocrx_word' id='word_1_297' title='bbox 842 2257 930 2312; x_wconf 89' lang='lat' dir='ltr'>alium</span> <span class='ocrx_word' id='word_1_298' title='bbox 977 2255 1083 2309; x_wconf 90' lang='lat' dir='ltr'>mirum</span> <span class='ocrx_word' id='word_1_299' title='bbox 1097 2255 1244 2310; x_wconf 87' lang='lat' dir='ltr'>rhetorem</span> <span class='ocrx_word' id='word_1_300' title='bbox 1258 2255 1354 2310; x_wconf 90' lang='lat' dir='ltr'>dicere</span> <span class='ocrx_word' id='word_1_301' title='bbox 1367 2257 1433 2312; x_wconf 89' lang='lat' dir='ltr'>Nini</span> <span class='ocrx_word' id='word_1_302' title='bbox 1447 2257 1574 2312; x_wconf 89' lang='lat' dir='ltr'>urbisne</span> <span class='ocrx_word' id='word_1_303' title='bbox 1588 2258 1759 2313; x_wconf 80' lang='lat' dir='ltr'>levissimum</span> 
     </span>
     <span class='ocr_line' id='line_1_23' title="bbox 142 2343 1759 2419; baseline 0.002 -21"><span class='ocrx_word' id='word_1_304' title='bbox 142 2344 239 2400; x_wconf 91' lang='lat' dir='ltr'>locum</span> <span class='ocrx_word' id='word_1_305' title='bbox 254 2345 411 2402; x_wconf 87' lang='lat' dir='ltr'>lilarcellini</span> <span class='ocrx_word' id='word_1_306' title='bbox 435 2346 514 2419; x_wconf 78' lang='lat' dir='ltr'>xlv,</span> <span class='ocrx_word' id='word_1_307' title='bbox 537 2343 566 2414; x_wconf 83' lang='grc'><strong>8,</strong></span> <span class='ocrx_word' id='word_1_308' title='bbox 587 2365 613 2415; x_wconf 87' lang='lat'>7,</span> <span class='ocrx_word' id='word_1_309' title='bbox 636 2345 733 2400; x_wconf 86' lang='lat' dir='ltr'>collat.</span> <span class='ocrx_word' id='word_1_310' title='bbox 759 2344 929 2399; x_wconf 87' lang='lat' dir='ltr'>Philostrato</span> <span class='ocrx_word' id='word_1_311' title='bbox 977 2343 1091 2417; x_wconf 91' lang='lat' dir='ltr'>quidem</span> <span class='ocrx_word' id='word_1_312' title='bbox 1100 2343 1249 2418; x_wconf 80' lang='lat' dir='ltr'>vestigium</span> <span class='ocrx_word' id='word_1_313' title='bbox 1264 2343 1330 2416; x_wconf 89' lang='lat' dir='ltr'>Cyri</span> <span class='ocrx_word' id='word_1_314' title='bbox 1345 2344 1520 2416; x_wconf 90' lang='lat' dir='ltr'>temporibus</span> <span class='ocrx_word' id='word_1_315' title='bbox 1531 2345 1710 2419; x_wconf 80' lang='lat' dir='ltr'>superfuisse.</span> <span class='ocrx_word' id='word_1_316' title='bbox 1725 2345 1759 2401; x_wconf 90' lang='lat' dir='ltr'>Id</span> 
     </span>
     <span class='ocr_line' id='line_1_24' title="bbox 143 2430 1760 2508; baseline 0 -21"><span class='ocrx_word' id='word_1_317' title='bbox 143 2435 175 2487; x_wconf 89' lang='lat' dir='ltr'>V.</span> <span class='ocrx_word' id='word_1_318' title='bbox 193 2436 247 2506; x_wconf 89' lang='lat' dir='ltr'>Ap.</span> <span class='ocrx_word' id='word_1_319' title='bbox 266 2433 291 2500; x_wconf 92' lang='lat'>1,</span> <span class='ocrx_word' id='word_1_320' title='bbox 306 2433 334 2501; x_wconf 84' lang='lat'>3,</span> <span class='ocrx_word' id='word_1_321' title='bbox 348 2431 646 2508; x_wconf 86' lang='lat' dir='ltr'>ubillieropolisurbs</span> <span class='ocrx_word' id='word_1_322' title='bbox 660 2433 744 2486; x_wconf 82' lang='lat' dir='ltr'>Vetus</span> <span class='ocrx_word' id='word_1_323' title='bbox 757 2433 848 2486; x_wconf 81' lang='lat' dir='ltr'>Ninus</span> <span class='ocrx_word' id='word_1_324' title='bbox 860 2449 931 2484; x_wconf 90' lang='lat' dir='ltr'>nun·</span> <span class='ocrx_word' id='word_1_325' title='bbox 975 2431 1049 2484; x_wconf 88' lang='lat' dir='ltr'>enim</span> <span class='ocrx_word' id='word_1_326' title='bbox 1065 2430 1102 2486; x_wconf 92' lang='lat' dir='ltr'>ad</span> <span class='ocrx_word' id='word_1_327' title='bbox 1119 2449 1151 2486; x_wconf 87' lang='lat' dir='ltr'>ea</span> <span class='ocrx_word' id='word_1_328' title='bbox 1163 2449 1225 2503; x_wconf 83' lang='lat' dir='ltr'>quae</span> <span class='ocrx_word' id='word_1_329' title='bbox 1239 2431 1365 2504; x_wconf 85' lang='lat' dir='ltr'>probare</span> <span class='ocrx_word' id='word_1_330' title='bbox 1377 2432 1467 2486; x_wconf 85' lang='lat' dir='ltr'>voluit</span> <span class='ocrx_word' id='word_1_331' title='bbox 1481 2433 1573 2506; x_wconf 88' lang='lat' dir='ltr'>aptius</span> <span class='ocrx_word' id='word_1_332' title='bbox 1586 2442 1661 2503; x_wconf 90' lang='lat' dir='ltr'>erat,</span> <span class='ocrx_word' id='word_1_333' title='bbox 1675 2452 1760 2506; x_wconf 91' lang='lat' dir='ltr'>quam</span> 
     </span>
     <span class='ocr_line' id='line_1_25' title="bbox 143 2517 1761 2594; baseline 0 -18"><span class='ocrx_word' id='word_1_334' title='bbox 143 2531 272 2594; x_wconf 87' lang='lat' dir='ltr'>cupatur.</span> <span class='ocrx_word' id='word_1_335' title='bbox 291 2521 363 2576; x_wconf 86' lang='lat' dir='ltr'>Nam</span> <span class='ocrx_word' id='word_1_336' title='bbox 382 2520 490 2576; x_wconf 81' lang='lat' dir='ltr'>lraecad</span> <span class='ocrx_word' id='word_1_337' title='bbox 508 2532 635 2576; x_wconf 89' lang='lat' dir='ltr'>nostram</span> <span class='ocrx_word' id='word_1_338' title='bbox 653 2521 837 2594; x_wconf 81' lang='lat' dir='ltr'>quaestionem</span> <span class='ocrx_word' id='word_1_339' title='bbox 858 2518 929 2573; x_wconf 92' lang='lat' dir='ltr'>nihil</span> <span class='ocrx_word' id='word_1_340' title='bbox 976 2518 999 2572; x_wconf 88' lang='lat' dir='ltr'>si</span> <span class='ocrx_word' id='word_1_341' title='bbox 1014 2536 1079 2572; x_wconf 88' lang='lat' dir='ltr'>cum</span> <span class='ocrx_word' id='word_1_342' title='bbox 1100 2517 1228 2574; x_wconf 89' lang='lat' dir='ltr'>Diodore</span> <span class='ocrx_word' id='word_1_343' title='bbox 1243 2519 1301 2594; x_wconf 79' lang='lat' dir='ltr'>(Il,</span> <span class='ocrx_word' id='word_1_344' title='bbox 1318 2518 1347 2586; x_wconf 88' lang='grc'>8,</span> <span class='ocrx_word' id='word_1_345' title='bbox 1365 2517 1401 2592; x_wconf 89' lang='grc'>3)</span> <span class='ocrx_word' id='word_1_346' title='bbox 1418 2528 1597 2574; x_wconf 85' lang='lat' dir='ltr'>memorasset</span> <span class='ocrx_word' id='word_1_347' title='bbox 1609 2521 1676 2575; x_wconf 90' lang='lat' dir='ltr'>Nini</span> <span class='ocrx_word' id='word_1_348' title='bbox 1688 2523 1761 2594; x_wconf 86' lang='lat' dir='ltr'>regis</span> 
     </span>
     <span class='ocr_line' id='line_1_26' title="bbox 144 2605 1760 2682; baseline 0.001 -21"><span class='ocrx_word' id='word_1_349' title='bbox 144 2609 298 2682; x_wconf 89' lang='lat' dir='ltr'>pertinent.</span> <span class='ocrx_word' id='word_1_350' title='bbox 310 2605 332 2680; x_wconf 74' lang='lat' dir='ltr'>l.</span> <span class='ocrx_word' id='word_1_351' title='bbox 347 2637 388 2650; x_wconf 92' lang='lat'>-</span> <span class='ocrx_word' id='word_1_352' title='bbox 401 2608 434 2663; x_wconf 90' lang='lat' dir='ltr'>In</span> <span class='ocrx_word' id='word_1_353' title='bbox 451 2607 508 2663; x_wconf 90' lang='lat' dir='ltr'>hoe</span> <span class='ocrx_word' id='word_1_354' title='bbox 522 2609 610 2682; x_wconf 87' lang='lat' dir='ltr'>igitur</span> <span class='ocrx_word' id='word_1_355' title='bbox 624 2618 771 2664; x_wconf 91' lang='lat' dir='ltr'>auctorum</span> <span class='ocrx_word' id='word_1_356' title='bbox 789 2618 930 2662; x_wconf 88' lang='lat' dir='ltr'>concentu</span> <span class='ocrx_word' id='word_1_357' title='bbox 976 2605 1132 2675; x_wconf 88' lang='lat' dir='ltr'>tumulum,</span> <span class='ocrx_word' id='word_1_358' title='bbox 1146 2623 1309 2680; x_wconf 85' lang='lat' dir='ltr'>quanquam</span> <span class='ocrx_word' id='word_1_359' title='bbox 1321 2623 1416 2662; x_wconf 81' lang='lat' dir='ltr'>eversa</span> <span class='ocrx_word' id='word_1_360' title='bbox 1427 2607 1512 2676; x_wconf 88' lang='lat' dir='ltr'>urbe,</span> <span class='ocrx_word' id='word_1_361' title='bbox 1525 2607 1617 2663; x_wconf 89' lang='lat' dir='ltr'>adhuc</span> <span class='ocrx_word' id='word_1_362' title='bbox 1628 2611 1760 2682; x_wconf 86' lang='lat' dir='ltr'>supersti-</span> 
     </span>
     <span class='ocr_line' id='line_1_27' title="bbox 143 2694 1760 2769; baseline 0 -19"><span class='ocrx_word' id='word_1_363' title='bbox 143 2712 202 2750; x_wconf 88' lang='lat' dir='ltr'>una</span> <span class='ocrx_word' id='word_1_364' title='bbox 226 2694 339 2750; x_wconf 84' lang='lat' dir='ltr'>dissona</span> <span class='ocrx_word' id='word_1_365' title='bbox 362 2713 420 2750; x_wconf 84' lang='lat' dir='ltr'>vox</span> <span class='ocrx_word' id='word_1_366' title='bbox 446 2695 582 2765; x_wconf 88' lang='lat' dir='ltr'>Diodori,</span> <span class='ocrx_word' id='word_1_367' title='bbox 611 2714 692 2768; x_wconf 88' lang='lat' dir='ltr'>quae,</span> <span class='ocrx_word' id='word_1_368' title='bbox 714 2697 738 2749; x_wconf 88' lang='lat' dir='ltr'>si</span> <span class='ocrx_word' id='word_1_369' title='bbox 757 2694 929 2769; x_wconf 80' lang='lat' dir='ltr'>nunteranda</span> <span class='ocrx_word' id='word_1_370' title='bbox 976 2703 1032 2748; x_wconf 90' lang='lat' dir='ltr'>tem</span> <span class='ocrx_word' id='word_1_371' title='bbox 1043 2694 1086 2750; x_wconf 84' lang='lat' dir='ltr'>vel</span> <span class='ocrx_word' id='word_1_372' title='bbox 1098 2695 1120 2748; x_wconf 90' lang='lat' dir='ltr'>si</span> <span class='ocrx_word' id='word_1_373' title='bbox 1132 2695 1221 2750; x_wconf 89' lang='lat' dir='ltr'>simile</span> <span class='ocrx_word' id='word_1_374' title='bbox 1236 2695 1657 2768; x_wconf 85' lang='lat' dir='ltr'>Sardanapallimonumentum</span> <span class='ocrx_word' id='word_1_375' title='bbox 1668 2705 1760 2750; x_wconf 90' lang='lat' dir='ltr'>osten-</span> 
     </span>
     <span class='ocr_line' id='line_1_28' title="bbox 143 2779 1760 2856; baseline 0.001 -20"><span class='ocrx_word' id='word_1_376' title='bbox 143 2793 209 2836; x_wconf 89' lang='lat' dir='ltr'>sunt</span> <span class='ocrx_word' id='word_1_377' title='bbox 221 2782 395 2852; x_wconf 90' lang='lat' dir='ltr'>testimonia,</span> <span class='ocrx_word' id='word_1_378' title='bbox 406 2783 515 2836; x_wconf 89' lang='lat' dir='ltr'>minimi</span> <span class='ocrx_word' id='word_1_379' title='bbox 526 2794 582 2851; x_wconf 90' lang='lat' dir='ltr'>est,</span> <span class='ocrx_word' id='word_1_380' title='bbox 598 2784 642 2837; x_wconf 85' lang='lat' dir='ltr'>sin</span> <span class='ocrx_word' id='word_1_381' title='bbox 651 2793 727 2838; x_wconf 89' lang='lat' dir='ltr'>recte</span> <span class='ocrx_word' id='word_1_382' title='bbox 734 2781 929 2856; x_wconf 84' lang='lat' dir='ltr'>ponderanda,</span> <span class='ocrx_word' id='word_1_383' title='bbox 975 2779 1076 2851; x_wconf 84' lang='lat' dir='ltr'>disset,</span> <span class='ocrx_word' id='word_1_384' title='bbox 1086 2782 1167 2855; x_wconf 92' lang='lat' dir='ltr'>quod</span> <span class='ocrx_word' id='word_1_385' title='bbox 1176 2781 1330 2838; x_wconf 75' lang='lat' dir='ltr'>Alexandri</span> <span class='ocrx_word' id='word_1_386' title='bbox 1344 2783 1462 2856; x_wconf 79' lang='lat' dir='ltr'>aequales</span> <span class='ocrx_word' id='word_1_387' title='bbox 1471 2783 1605 2838; x_wconf 84' lang='lat' dir='ltr'>viderunt</span> <span class='ocrx_word' id='word_1_388' title='bbox 1622 2783 1760 2842; x_wconf 85' lang='lat' dir='ltr'>Choerilus</span> 
     </span>
     <span class='ocr_line' id='line_1_29' title="bbox 144 2868 1288 2943; baseline 0.002 -20"><span class='ocrx_word' id='word_1_389' title='bbox 144 2869 250 2923; x_wconf 89' lang='lat' dir='ltr'>nullius</span> <span class='ocrx_word' id='word_1_390' title='bbox 262 2869 346 2942; x_wconf 90' lang='lat' dir='ltr'>plane</span> <span class='ocrx_word' id='word_1_391' title='bbox 360 2871 508 2924; x_wconf 91' lang='lat' dir='ltr'>momenti.</span> <span class='ocrx_word' id='word_1_392' title='bbox 525 2872 568 2925; x_wconf 91' lang='lat' dir='ltr'>De</span> <span class='ocrx_word' id='word_1_393' title='bbox 581 2869 693 2926; x_wconf 85' lang='lat' dir='ltr'>duabus</span> <span class='ocrx_word' id='word_1_394' title='bbox 712 2869 836 2943; x_wconf 90' lang='lat' dir='ltr'>denique</span> <span class='ocrx_word' id='word_1_395' title='bbox 849 2868 930 2923; x_wconf 89' lang='lat' dir='ltr'>urbi·</span> <span class='ocrx_word' id='word_1_396' title='bbox 975 2870 1092 2925; x_wconf 89' lang='lat' dir='ltr'>Iasensis</span> <span class='ocrx_word' id='word_1_397' title='bbox 1106 2880 1133 2925; x_wconf 88' lang='lat' dir='ltr'>et</span> <span class='ocrx_word' id='word_1_398' title='bbox 1146 2872 1288 2943; x_wconf 80' lang='lat' dir='ltr'>Amyntas.</span> 
     </span>
    </p>

    <p class='ocr_par' dir='ltr' id='par_1_3' title="bbox 142 2953 1759 3296">
     <span class='ocr_line' id='line_1_30' title="bbox 144 2953 1757 3034; baseline 0.002 -24"><span class='ocrx_word' id='word_1_399' title='bbox 144 2955 212 3025; x_wconf 88' lang='lat' dir='ltr'>bus,</span> <span class='ocrx_word' id='word_1_400' title='bbox 226 2974 349 3029; x_wconf 86' lang='lat' dir='ltr'>quarum</span> <span class='ocrx_word' id='word_1_401' title='bbox 364 2957 453 3012; x_wconf 91' lang='lat' dir='ltr'>altera</span> <span class='ocrx_word' id='word_1_402' title='bbox 466 2976 481 3012; x_wconf 93' lang='lat' dir='ltr'>a</span> <span class='ocrx_word' id='word_1_403' title='bbox 494 2959 568 3015; x_wconf 90' lang='lat' dir='ltr'>Nino</span> <span class='ocrx_word' id='word_1_404' title='bbox 584 2957 621 3014; x_wconf 92' lang='lat' dir='ltr'>ad</span> <span class='ocrx_word' id='word_1_405' title='bbox 635 2959 823 3032; x_wconf 85' lang='lat' dir='ltr'>Euphratem,</span> <span class='ocrx_word' id='word_1_406' title='bbox 844 2958 930 3013; x_wconf 88' lang='lat' dir='ltr'>altera</span> <span class='ocrx_word' id='word_1_407' title='bbox 1014 2954 1083 3030; x_wconf 87' lang='lat' dir='ltr'>Pag.</span> <span class='ocrx_word' id='word_1_408' title='bbox 1096 2955 1164 3031; x_wconf 84' lang='grc'><strong>359,</strong></span> <span class='ocrx_word' id='word_1_409' title='bbox 1180 2957 1201 3014; x_wconf 98' lang='lat' dir='ltr'>l.</span> <span class='ocrx_word' id='word_1_410' title='bbox 1216 2973 1245 3029; x_wconf 88' lang='lat'>9.</span> <span class='ocrx_word' id='word_1_411' title='bbox 1259 2987 1297 2998; x_wconf 90' lang='lat'>-</span> <span class='ocrx_word' id='word_1_412' title='bbox 1308 2953 1377 3014; x_wconf 83' lang='grc' dir='ltr'>Τόδε</span> <span class='ocrx_word' id='word_1_413' title='bbox 1390 2977 1434 3030; x_wconf 86' lang='grc' dir='ltr'><strong>μοι</strong></span> <span class='ocrx_word' id='word_1_414' title='bbox 1444 2961 1454 3026; x_wconf 95' lang='lat'>]</span> <span class='ocrx_word' id='word_1_415' title='bbox 1466 2955 1524 3014; x_wconf 81' lang='grc' dir='ltr'>τόδε</span> <span class='ocrx_word' id='word_1_416' title='bbox 1537 2955 1589 3034; x_wconf 77' lang='grc' dir='ltr'>[δέ]</span> <span class='ocrx_word' id='word_1_417' title='bbox 1601 2977 1645 3030; x_wconf 82' lang='grc' dir='ltr'><strong>μοι</strong></span> <span class='ocrx_word' id='word_1_418' title='bbox 1656 2956 1757 3015; x_wconf 87' lang='lat' dir='ltr'>Feder.</span> 
     </span>
     <span class='ocr_line' id='line_1_31' title="bbox 143 3043 1759 3121; baseline 0.002 -23"><span class='ocrx_word' id='word_1_419' title='bbox 143 3055 208 3117; x_wconf 89' lang='lat' dir='ltr'>post</span> <span class='ocrx_word' id='word_1_420' title='bbox 221 3045 360 3100; x_wconf 88' lang='lat' dir='ltr'>Arbacem</span> <span class='ocrx_word' id='word_1_421' title='bbox 375 3046 491 3101; x_wconf 91' lang='lat' dir='ltr'>condita</span> <span class='ocrx_word' id='word_1_422' title='bbox 511 3048 566 3116; x_wconf 90' lang='lat' dir='ltr'>sit,</span> <span class='ocrx_word' id='word_1_423' title='bbox 589 3047 685 3102; x_wconf 90' lang='lat' dir='ltr'>sanior</span> <span class='ocrx_word' id='word_1_424' title='bbox 700 3047 787 3102; x_wconf 89' lang='lat' dir='ltr'>hodie</span> <span class='ocrx_word' id='word_1_425' title='bbox 806 3047 930 3121; x_wconf 86' lang='lat' dir='ltr'>cogitare</span> <span class='ocrx_word' id='word_1_426' title='bbox 975 3045 1140 3100; x_wconf 88' lang='lat' dir='ltr'>etDiibner.</span> <span class='ocrx_word' id='word_1_427' title='bbox 1157 3075 1194 3086; x_wconf 89' lang='lat'><em>-</em></span> <span class='ocrx_word' id='word_1_428' title='bbox 1208 3045 1228 3102; x_wconf 96' lang='lat' dir='ltr'>l.</span> <span class='ocrx_word' id='word_1_429' title='bbox 1248 3047 1292 3102; x_wconf 80' lang='lat'>13.</span> <span class='ocrx_word' id='word_1_430' title='bbox 1307 3064 1349 3100; x_wconf 84' lang='grc' dir='ltr'><strong>σοι</strong></span> <span class='ocrx_word' id='word_1_431' title='bbox 1363 3043 1482 3121; x_wconf 77' lang='grc' dir='ltr'>ἐπῆλθε]</span> <span class='ocrx_word' id='word_1_432' title='bbox 1497 3065 1543 3102; x_wconf 80' lang='grc' dir='ltr'>σου</span> <span class='ocrx_word' id='word_1_433' title='bbox 1556 3045 1579 3100; x_wconf 80' lang='lat' dir='ltr'>l.</span> <span class='ocrx_word' id='word_1_434' title='bbox 1595 3044 1695 3100; x_wconf 90' lang='lat' dir='ltr'>Feder.</span> <span class='ocrx_word' id='word_1_435' title='bbox 1713 3065 1759 3102; x_wconf 89' lang='lat' dir='ltr'>ne·</span> 
     </span>
     <span class='ocr_line' id='line_1_32' title="bbox 142 3128 1759 3210; baseline 0.001 -25"><span class='ocrx_word' id='word_1_436' title='bbox 142 3133 252 3204; x_wconf 90' lang='lat' dir='ltr'>nequit.</span> <span class='ocrx_word' id='word_1_437' title='bbox 268 3133 340 3186; x_wconf 89' lang='lat' dir='ltr'>Nam</span> <span class='ocrx_word' id='word_1_438' title='bbox 355 3133 430 3188; x_wconf 89' lang='lat' dir='ltr'>istud</span> <span class='ocrx_word' id='word_1_439' title='bbox 444 3132 586 3206; x_wconf 88' lang='lat' dir='ltr'>majorum</span> <span class='ocrx_word' id='word_1_440' title='bbox 600 3144 765 3190; x_wconf 89' lang='lat' dir='ltr'>nostrorum</span> <span class='ocrx_word' id='word_1_441' title='bbox 786 3153 930 3190; x_wconf 89' lang='lat' dir='ltr'>commen·</span> <span class='ocrx_word' id='word_1_442' title='bbox 974 3132 1099 3204; x_wconf 90' lang='lat' dir='ltr'>scioquo</span> <span class='ocrx_word' id='word_1_443' title='bbox 1110 3133 1212 3205; x_wconf 88' lang='lat' dir='ltr'>lapsus.</span> <span class='ocrx_word' id='word_1_444' title='bbox 1223 3163 1261 3174; x_wconf 92' lang='lat'><em>-</em></span> <span class='ocrx_word' id='word_1_445' title='bbox 1272 3133 1291 3192; x_wconf 90' lang='lat' dir='ltr'>l.</span> <span class='ocrx_word' id='word_1_446' title='bbox 1303 3133 1351 3190; x_wconf 78' lang='lat'>26.</span> <span class='ocrx_word' id='word_1_447' title='bbox 1362 3134 1438 3206; x_wconf 88' lang='lat' dir='ltr'>Lege</span> <span class='ocrx_word' id='word_1_448' title='bbox 1449 3130 1584 3192; x_wconf 74' lang='grc' dir='ltr'><strong>ἀδυνάτων</strong></span> <span class='ocrx_word' id='word_1_449' title='bbox 1597 3128 1675 3190; x_wconf 71' lang='grc' dir='ltr'><strong>αὐτὸν</strong></span> <span class='ocrx_word' id='word_1_450' title='bbox 1688 3132 1759 3210; x_wconf 79' lang='grc' dir='ltr'><strong>ἐρᾶν,</strong></span> 
     </span>
     <span class='ocr_line' id='line_1_33' title="bbox 145 3219 1294 3296; baseline 0.003 -23"><span class='ocrx_word' id='word_1_451' title='bbox 145 3229 204 3273; x_wconf 89' lang='lat' dir='ltr'>turn</span> <span class='ocrx_word' id='word_1_452' title='bbox 227 3219 263 3274; x_wconf 91' lang='lat' dir='ltr'>de</span> <span class='ocrx_word' id='word_1_453' title='bbox 278 3219 392 3274; x_wconf 90' lang='lat' dir='ltr'>duobus</span> <span class='ocrx_word' id='word_1_454' title='bbox 410 3223 591 3295; x_wconf 77' lang='lat' dir='ltr'>Assyriorum</span> <span class='ocrx_word' id='word_1_455' title='bbox 605 3223 750 3296; x_wconf 88' lang='lat' dir='ltr'>imperiis,</span> <span class='ocrx_word' id='word_1_456' title='bbox 764 3240 822 3294; x_wconf 90' lang='lat' dir='ltr'>quo</span> <span class='ocrx_word' id='word_1_457' title='bbox 844 3223 928 3278; x_wconf 89' lang='lat' dir='ltr'>chro·</span> <span class='ocrx_word' id='word_1_458' title='bbox 974 3229 1007 3274; x_wconf 90' lang='lat' dir='ltr'>ut</span> <span class='ocrx_word' id='word_1_459' title='bbox 1023 3219 1139 3274; x_wconf 88' lang='lat' dir='ltr'>Piccolo</span> <span class='ocrx_word' id='word_1_460' title='bbox 1153 3229 1182 3274; x_wconf 94' lang='lat' dir='ltr'>et</span> <span class='ocrx_word' id='word_1_461' title='bbox 1195 3219 1294 3277; x_wconf 86' lang='lat' dir='ltr'>Feder.</span> 
     </span>
    </p>

    <p class='ocr_par' dir='ltr' id='par_1_4' title="bbox 144 3296 1806 4169">
     <span class='ocr_line' id='line_1_34' title="bbox 145 3296 1757 3386; baseline 0.003 -25"><span class='ocrx_word' id='word_1_462' title='bbox 145 3307 327 3380; x_wconf 89' lang='lat' dir='ltr'>nologiarum</span> <span class='ocrx_word' id='word_1_463' title='bbox 339 3307 543 3382; x_wconf 86' lang='lat' dir='ltr'>discrepantias</span> <span class='ocrx_word' id='word_1_464' title='bbox 556 3309 770 3384; x_wconf 88' lang='lat' dir='ltr'>componendas</span> <span class='ocrx_word' id='word_1_465' title='bbox 785 3327 844 3365; x_wconf 89' lang='lat' dir='ltr'>esse</span> <span class='ocrx_word' id='word_1_466' title='bbox 863 3327 928 3364; x_wconf 90' lang='lat' dir='ltr'>cen·</span> <span class='ocrx_word' id='word_1_467' title='bbox 1015 3303 1085 3382; x_wconf 77' lang='lat' dir='ltr'>Pag,</span> <span class='ocrx_word' id='word_1_468' title='bbox 1100 3305 1194 3377; x_wconf 79' lang='lat' dir='ltr'>366.‚t.</span> <span class='ocrx_word' id='word_1_469' title='bbox 1208 3306 1236 3366; x_wconf 89' lang='lat'>5.</span> <span class='ocrx_word' id='word_1_470' title='bbox 1248 3339 1287 3350; x_wconf 92' lang='grc'>--</span> <span class='ocrx_word' id='word_1_471' title='bbox 1299 3307 1373 3382; x_wconf 86' lang='lat' dir='ltr'>Lege</span> <span class='ocrx_word' id='word_1_472' title='bbox 1388 3305 1538 3386; x_wconf 78' lang='grc' dir='ltr'><strong>επᾶσχοι...</strong></span> <span class='ocrx_word' id='word_1_473' title='bbox 1550 3304 1650 3385; x_wconf 78' lang='grc' dir='ltr'><strong>μόνῃ...</strong></span> <span class='ocrx_word' id='word_1_474' title='bbox 1659 3296 1757 3384; x_wconf 66' lang='lat' dir='ltr'>sipara,</span> 
     </span>
     <span class='ocr_line' id='line_1_35' title="bbox 144 3394 1759 3472; baseline 0.001 -22"><span class='ocrx_word' id='word_1_475' title='bbox 144 3395 251 3465; x_wconf 85' lang='lat' dir='ltr'>sebant,</span> <span class='ocrx_word' id='word_1_476' title='bbox 264 3396 389 3452; x_wconf 81' lang='lat' dir='ltr'>severior</span> <span class='ocrx_word' id='word_1_477' title='bbox 398 3398 477 3453; x_wconf 89' lang='lat' dir='ltr'>crisis</span> <span class='ocrx_word' id='word_1_478' title='bbox 487 3398 596 3454; x_wconf 91' lang='lat' dir='ltr'>dudum</span> <span class='ocrx_word' id='word_1_479' title='bbox 605 3399 777 3472; x_wconf 83' lang='lat' dir='ltr'>repudiarit.</span> <span class='ocrx_word' id='word_1_480' title='bbox 794 3397 929 3454; x_wconf 81' lang='lat' dir='ltr'>Praeterea</span> <span class='ocrx_word' id='word_1_481' title='bbox 975 3406 1110 3453; x_wconf 85' lang='lat' dir='ltr'>monente</span> <span class='ocrx_word' id='word_1_482' title='bbox 1125 3394 1456 3468; x_wconf 62' lang='lat' dir='ltr'>Damaso—Ejusdem</span> <span class='ocrx_word' id='word_1_483' title='bbox 1475 3396 1577 3471; x_wconf 84' lang='lat' dir='ltr'>fragm.</span> <span class='ocrx_word' id='word_1_484' title='bbox 1589 3398 1640 3454; x_wconf 91' lang='lat' dir='ltr'>lin.</span> <span class='ocrx_word' id='word_1_485' title='bbox 1660 3398 1759 3454; x_wconf 89' lang='lat' dir='ltr'>ultima</span> 
     </span>
     <span class='ocr_line' id='line_1_36' title="bbox 145 3479 1757 3560; baseline 0.003 -23"><span class='ocrx_word' id='word_1_486' title='bbox 145 3483 302 3538; x_wconf 88' lang='lat' dir='ltr'>cavendum</span> <span class='ocrx_word' id='word_1_487' title='bbox 317 3494 373 3552; x_wconf 88' lang='lat' dir='ltr'>est,</span> <span class='ocrx_word' id='word_1_488' title='bbox 391 3502 428 3538; x_wconf 89' lang='lat' dir='ltr'>ne</span> <span class='ocrx_word' id='word_1_489' title='bbox 442 3485 470 3539; x_wconf 91' lang='lat' dir='ltr'>in</span> <span class='ocrx_word' id='word_1_490' title='bbox 488 3486 541 3540; x_wconf 92' lang='lat' dir='ltr'>hac</span> <span class='ocrx_word' id='word_1_491' title='bbox 555 3485 752 3558; x_wconf 87' lang='lat' dir='ltr'>disquisitione</span> <span class='ocrx_word' id='word_1_492' title='bbox 772 3486 929 3540; x_wconf 88' lang='lat' dir='ltr'>Lucianum</span> <span class='ocrx_word' id='word_1_493' title='bbox 976 3479 1148 3560; x_wconf 73' lang='grc' dir='ltr'><strong>ιιιῑομητέρα</strong></span> <span class='ocrx_word' id='word_1_494' title='bbox 1156 3483 1262 3540; x_wconf 89' lang='lat' dir='ltr'>excidit</span> <span class='ocrx_word' id='word_1_495' title='bbox 1269 3479 1757 3558; x_wconf 71' lang='lat' dir='ltr'>rhuarticulus3habetenimcodex,</span> 
     </span>
     <span class='ocr_line' id='line_1_37' title="bbox 146 3570 1758 3647; baseline 0.003 -22"><span class='ocrx_word' id='word_1_496' title='bbox 146 3581 246 3626; x_wconf 86' lang='lat' dir='ltr'>testem</span> <span class='ocrx_word' id='word_1_497' title='bbox 268 3570 455 3642; x_wconf 87' lang='lat' dir='ltr'>advocemus;</span> <span class='ocrx_word' id='word_1_498' title='bbox 480 3573 509 3628; x_wconf 91' lang='lat' dir='ltr'>id</span> <span class='ocrx_word' id='word_1_499' title='bbox 531 3573 611 3646; x_wconf 92' lang='lat' dir='ltr'>qood</span> <span class='ocrx_word' id='word_1_500' title='bbox 626 3574 695 3628; x_wconf 90' lang='lat' dir='ltr'>olim</span> <span class='ocrx_word' id='word_1_501' title='bbox 714 3573 830 3629; x_wconf 83' lang='lat' dir='ltr'>incauto</span> <span class='ocrx_word' id='word_1_502' title='bbox 842 3575 929 3642; x_wconf 91' lang='lat' dir='ltr'>mihi,</span> <span class='ocrx_word' id='word_1_503' title='bbox 976 3589 1068 3644; x_wconf 89' lang='lat' dir='ltr'>eoque</span> <span class='ocrx_word' id='word_1_504' title='bbox 1080 3589 1152 3647; x_wconf 91' lang='lat' dir='ltr'>opus</span> <span class='ocrx_word' id='word_1_505' title='bbox 1166 3583 1214 3628; x_wconf 85' lang='lat' dir='ltr'>est</span> <span class='ocrx_word' id='word_1_506' title='bbox 1227 3571 1334 3634; x_wconf 85' lang='lat' dir='ltr'>Contra</span> <span class='ocrx_word' id='word_1_507' title='bbox 1347 3574 1375 3627; x_wconf 92' lang='lat' dir='ltr'>in</span> <span class='ocrx_word' id='word_1_508' title='bbox 1391 3573 1440 3629; x_wconf 85' lang='lat' dir='ltr'>lin.</span> <span class='ocrx_word' id='word_1_509' title='bbox 1455 3591 1484 3640; x_wconf 80' lang='lat' dir='ltr'>a,</span> <span class='ocrx_word' id='word_1_510' title='bbox 1500 3572 1601 3647; x_wconf 80' lang='lat' dir='ltr'>fragm.</span> <span class='ocrx_word' id='word_1_511' title='bbox 1618 3571 1651 3628; x_wconf 81' lang='lat'>15</span> <span class='ocrx_word' id='word_1_512' title='bbox 1665 3574 1758 3630; x_wconf 90' lang='lat' dir='ltr'>Fede-</span> 
     </span>
     <span class='ocr_line' id='line_1_38' title="bbox 146 3657 1758 3737; baseline 0.002 -24"><span class='ocrx_word' id='word_1_513' title='bbox 146 3657 202 3734; x_wconf 75' lang='lat' dir='ltr'>(ad</span> <span class='ocrx_word' id='word_1_514' title='bbox 221 3658 257 3720; x_wconf 79' lang='lat' dir='ltr'>fr.</span> <span class='ocrx_word' id='word_1_515' title='bbox 275 3660 371 3716; x_wconf 79' lang='lat' dir='ltr'>ctesiae</span> <span class='ocrx_word' id='word_1_516' title='bbox 382 3679 414 3734; x_wconf 87' lang='lat' dir='ltr'>p.</span> <span class='ocrx_word' id='word_1_517' title='bbox 433 3659 467 3716; x_wconf 82' lang='lat'>15</span> <span class='ocrx_word' id='word_1_518' title='bbox 480 3659 508 3733; x_wconf 75' lang='lat' dir='ltr'>l,</span> <span class='ocrx_word' id='word_1_519' title='bbox 530 3662 613 3716; x_wconf 90' lang='lat' dir='ltr'>sicuti</span> <span class='ocrx_word' id='word_1_520' title='bbox 631 3679 723 3736; x_wconf 91' lang='lat' dir='ltr'>nuper</span> <span class='ocrx_word' id='word_1_521' title='bbox 745 3661 861 3718; x_wconf 86' lang='lat' dir='ltr'>lloefero</span> <span class='ocrx_word' id='word_1_522' title='bbox 876 3664 895 3721; x_wconf 93' lang='lat' dir='ltr'>l.</span> <span class='ocrx_word' id='word_1_523' title='bbox 908 3664 928 3719; x_wconf 94' lang='lat' dir='ltr'>l.</span> <span class='ocrx_word' id='word_1_524' title='bbox 975 3677 1024 3714; x_wconf 84' lang='lat' dir='ltr'>rus</span> <span class='ocrx_word' id='word_1_525' title='bbox 1036 3659 1147 3733; x_wconf 84' lang='lat' dir='ltr'>scripsit</span> <span class='ocrx_word' id='word_1_526' title='bbox 1165 3657 1212 3726; x_wconf 77' lang='grc' dir='ltr'>τὴν</span> <span class='ocrx_word' id='word_1_527' title='bbox 1231 3657 1409 3737; x_wconf 55' lang='grc' dir='ltr'>Ἐπικάστην,</span> <span class='ocrx_word' id='word_1_528' title='bbox 1423 3660 1473 3715; x_wconf 91' lang='lat' dir='ltr'>ubi</span> <span class='ocrx_word' id='word_1_529' title='bbox 1498 3660 1589 3716; x_wconf 86' lang='lat' dir='ltr'>codex</span> <span class='ocrx_word' id='word_1_530' title='bbox 1609 3661 1758 3716; x_wconf 86' lang='lat' dir='ltr'>articulum</span> 
     </span>
     <span class='ocr_line' id='line_1_39' title="bbox 144 3745 1757 3825; baseline 0.004 -23"><span class='ocrx_word' id='word_1_531' title='bbox 144 3745 260 3802; x_wconf 90' lang='lat' dir='ltr'>accidit.</span> <span class='ocrx_word' id='word_1_532' title='bbox 278 3748 389 3802; x_wconf 89' lang='lat' dir='ltr'>Etenim</span> <span class='ocrx_word' id='word_1_533' title='bbox 404 3749 434 3802; x_wconf 92' lang='lat' dir='ltr'>in</span> <span class='ocrx_word' id='word_1_534' title='bbox 448 3749 590 3805; x_wconf 87' lang='lat' dir='ltr'>Charonte</span> <span class='ocrx_word' id='word_1_535' title='bbox 604 3749 719 3825; x_wconf 87' lang='lat' dir='ltr'>dialogo</span> <span class='ocrx_word' id='word_1_536' title='bbox 736 3769 761 3806; x_wconf 92' lang='lat' dir='ltr'>c.</span> <span class='ocrx_word' id='word_1_537' title='bbox 779 3750 833 3824; x_wconf 72' lang='lat'>23,</span> <span class='ocrx_word' id='word_1_538' title='bbox 847 3769 931 3824; x_wconf 92' lang='lat' dir='ltr'>quem</span> <span class='ocrx_word' id='word_1_539' title='bbox 976 3748 1169 3821; x_wconf 84' lang='lat' dir='ltr'>nonpraebet,</span> <span class='ocrx_word' id='word_1_540' title='bbox 1182 3765 1276 3820; x_wconf 79' lang='lat' dir='ltr'>neque</span> <span class='ocrx_word' id='word_1_541' title='bbox 1297 3765 1332 3802; x_wconf 87' lang='lat' dir='ltr'>eo</span> <span class='ocrx_word' id='word_1_542' title='bbox 1353 3766 1427 3820; x_wconf 88' lang='lat' dir='ltr'>opus</span> <span class='ocrx_word' id='word_1_543' title='bbox 1437 3758 1487 3804; x_wconf 88' lang='lat' dir='ltr'>est.</span> <span class='ocrx_word' id='word_1_544' title='bbox 1502 3747 1613 3808; x_wconf 83' lang='lat' dir='ltr'>Ibidem</span> <span class='ocrx_word' id='word_1_545' title='bbox 1632 3765 1688 3820; x_wconf 83' lang='lat' dir='ltr'>pro</span> <span class='ocrx_word' id='word_1_546' title='bbox 1702 3745 1757 3822; x_wconf 74' lang='grc' dir='ltr'>ἐγί-</span> 
     </span>
     <span class='ocr_line' id='line_1_40' title="bbox 146 3832 1759 3912; baseline 0.001 -23"><span class='ocrx_word' id='word_1_547' title='bbox 146 3835 223 3890; x_wconf 86' lang='lat' dir='ltr'>circa</span> <span class='ocrx_word' id='word_1_548' title='bbox 233 3851 278 3895; x_wconf 85' lang='lat' dir='ltr'>an.</span> <span class='ocrx_word' id='word_1_549' title='bbox 296 3832 351 3905; x_wconf 73' lang='lat'>547</span> <span class='ocrx_word' id='word_1_550' title='bbox 368 3853 395 3890; x_wconf 86' lang='lat' dir='ltr'>a.</span> <span class='ocrx_word' id='word_1_551' title='bbox 412 3835 444 3894; x_wconf 88' lang='lat' dir='ltr'>C.</span> <span class='ocrx_word' id='word_1_552' title='bbox 459 3835 467 3911; x_wconf 71' lang='lat' dir='ltr'>l</span> <span class='ocrx_word' id='word_1_553' title='bbox 481 3855 540 3909; x_wconf 88' lang='lat' dir='ltr'>quo</span> <span class='ocrx_word' id='word_1_554' title='bbox 552 3847 680 3912; x_wconf 88' lang='lat' dir='ltr'>tempore</span> <span class='ocrx_word' id='word_1_555' title='bbox 695 3837 932 3910; x_wconf 87' lang='lat' dir='ltr'>Othryadescon-</span> <span class='ocrx_word' id='word_1_556' title='bbox 976 3853 1059 3904; x_wconf 77' lang='lat' dir='ltr'>vauro,</span> <span class='ocrx_word' id='word_1_557' title='bbox 1066 3835 1146 3908; x_wconf 87' lang='lat' dir='ltr'>quad</span> <span class='ocrx_word' id='word_1_558' title='bbox 1153 3837 1305 3896; x_wconf 79' lang='lat' dir='ltr'>rectissime</span> <span class='ocrx_word' id='word_1_559' title='bbox 1313 3834 1536 3902; x_wconf 85' lang='lat' dir='ltr'>codexexhibet,</span> <span class='ocrx_word' id='word_1_560' title='bbox 1545 3835 1669 3894; x_wconf 84' lang='lat' dir='ltr'>Federus</span> <span class='ocrx_word' id='word_1_561' title='bbox 1677 3839 1759 3909; x_wconf 90' lang='lat' dir='ltr'>ponit</span> 
     </span>
     <span class='ocr_line' id='line_1_41' title="bbox 145 3911 1806 4001; baseline 0.001 -23"><span class='ocrx_word' id='word_1_562' title='bbox 145 3925 319 3998; x_wconf 86' lang='lat' dir='ltr'>traArgiros</span> <span class='ocrx_word' id='word_1_563' title='bbox 330 3925 482 3998; x_wconf 80' lang='lat' dir='ltr'>pugnavit,</span> <span class='ocrx_word' id='word_1_564' title='bbox 504 3943 530 3979; x_wconf 90' lang='lat' dir='ltr'>e.</span> <span class='ocrx_word' id='word_1_565' title='bbox 547 3933 582 3991; x_wconf 68' lang='lat'>24</span> <span class='ocrx_word' id='word_1_566' title='bbox 599 3927 664 3984; x_wconf 92' lang='lat' dir='ltr'>coll.</span> <span class='ocrx_word' id='word_1_567' title='bbox 678 3945 704 3984; x_wconf 92' lang='lat' dir='ltr'>c.</span> <span class='ocrx_word' id='word_1_568' title='bbox 719 3922 754 4001; x_wconf 80' lang='lat'>8)</span> <span class='ocrx_word' id='word_1_569' title='bbox 774 3927 931 3984; x_wconf 89' lang='lat' dir='ltr'>institutum</span> <span class='ocrx_word' id='word_1_570' title='bbox 977 3921 1148 3996; x_wconf 74' lang='lat' dir='ltr'>lyc‘vouro,et</span> <span class='ocrx_word' id='word_1_571' title='bbox 1163 3925 1259 3997; x_wconf 91' lang='lat' dir='ltr'>paullo</span> <span class='ocrx_word' id='word_1_572' title='bbox 1272 3934 1337 3997; x_wconf 91' lang='lat' dir='ltr'>post</span> <span class='ocrx_word' id='word_1_573' title='bbox 1355 3941 1410 3995; x_wconf 90' lang='lat' dir='ltr'>pro</span> <span class='ocrx_word' id='word_1_574' title='bbox 1423 3919 1522 3996; x_wconf 79' lang='grc' dir='ltr'>γίνεται</span> <span class='ocrx_word' id='word_1_575' title='bbox 1537 3919 1757 3998; x_wconf 79' lang='lat' dir='ltr'>dedityiyucrat.</span> <span class='ocrx_word' id='word_1_576' title='bbox 1794 3911 1806 3944; x_wconf 74' lang='lat'><strong><em>‘</em></strong></span> 
     </span>
     <span class='ocr_line' id='line_1_42' title="bbox 144 4004 1757 4086; baseline 0 -20"><span class='ocrx_word' id='word_1_577' title='bbox 144 4029 203 4066; x_wconf 87' lang='lat' dir='ltr'>esse</span> <span class='ocrx_word' id='word_1_578' title='bbox 217 4013 358 4067; x_wconf 80' lang='lat' dir='ltr'>Lucienus</span> <span class='ocrx_word' id='word_1_579' title='bbox 368 4009 466 4086; x_wconf 84' lang='lat' dir='ltr'>lingit,</span> <span class='ocrx_word' id='word_1_580' title='bbox 478 4013 636 4068; x_wconf 81' lang='lat' dir='ltr'>Mercurius</span> <span class='ocrx_word' id='word_1_581' title='bbox 644 4014 680 4068; x_wconf 90' lang='lat' dir='ltr'>de</span> <span class='ocrx_word' id='word_1_582' title='bbox 689 4031 784 4069; x_wconf 90' lang='lat' dir='ltr'>rerum</span> <span class='ocrx_word' id='word_1_583' title='bbox 794 4015 930 4071; x_wconf 87' lang='lat' dir='ltr'>hnmana·</span> <span class='ocrx_word' id='word_1_584' title='bbox 976 4039 1015 4050; x_wconf 93' lang='lat'>-</span> <span class='ocrx_word' id='word_1_585' title='bbox 1029 4011 1092 4067; x_wconf 93' lang='lat' dir='ltr'>Lin.</span> <span class='ocrx_word' id='word_1_586' title='bbox 1104 4010 1122 4065; x_wconf 89' lang='grc'>6</span> <span class='ocrx_word' id='word_1_587' title='bbox 1136 4011 1167 4064; x_wconf 91' lang='lat' dir='ltr'>in</span> <span class='ocrx_word' id='word_1_588' title='bbox 1178 4012 1281 4066; x_wconf 90' lang='lat' dir='ltr'>nostris</span> <span class='ocrx_word' id='word_1_589' title='bbox 1292 4011 1364 4066; x_wconf 81' lang='lat' dir='ltr'>male</span> <span class='ocrx_word' id='word_1_590' title='bbox 1376 4018 1416 4066; x_wconf 88' lang='lat' dir='ltr'>est</span> <span class='ocrx_word' id='word_1_591' title='bbox 1426 4004 1541 4076; x_wconf 56' lang='lat' dir='ltr'>tuturo,</span> <span class='ocrx_word' id='word_1_592' title='bbox 1552 4009 1613 4084; x_wconf 82' lang='lat' dir='ltr'>lege</span> <span class='ocrx_word' id='word_1_593' title='bbox 1624 4006 1757 4080; x_wconf 74' lang='grc' dir='ltr'><strong>ἀπέθεντο,</strong></span> 
     </span>
     <span class='ocr_line' id='line_1_43' title="bbox 144 4097 1508 4169; baseline -0.001 -16"><span class='ocrx_word' id='word_1_594' title='bbox 144 4117 208 4153; x_wconf 88' lang='lat' dir='ltr'>rum</span> <span class='ocrx_word' id='word_1_595' title='bbox 228 4099 352 4154; x_wconf 85' lang='lat' dir='ltr'>vanitate</span> <span class='ocrx_word' id='word_1_596' title='bbox 369 4108 398 4153; x_wconf 93' lang='lat' dir='ltr'>et</span> <span class='ocrx_word' id='word_1_597' title='bbox 412 4099 608 4156; x_wconf 88' lang='lat' dir='ltr'>imbecillitate</span> <span class='ocrx_word' id='word_1_598' title='bbox 623 4100 710 4156; x_wconf 78' lang='lat' dir='ltr'>verba</span> <span class='ocrx_word' id='word_1_599' title='bbox 725 4099 839 4169; x_wconf 71' lang='lat' dir='ltr'>iaciens,</span> <span class='ocrx_word' id='word_1_600' title='bbox 857 4101 932 4156; x_wconf 89' lang='lat' dir='ltr'>inter</span> <span class='ocrx_word' id='word_1_601' title='bbox 977 4097 1127 4168; x_wconf 87' lang='lat' dir='ltr'>quodnon</span> <span class='ocrx_word' id='word_1_602' title='bbox 1139 4097 1278 4152; x_wconf 86' lang='lat' dir='ltr'>debebam</span> <span class='ocrx_word' id='word_1_603' title='bbox 1291 4098 1372 4153; x_wconf 84' lang='lat' dir='ltr'>tacite</span> <span class='ocrx_word' id='word_1_604' title='bbox 1385 4107 1508 4158; x_wconf 84' lang='lat' dir='ltr'>mutare.</span> 
     </span>
    </p>

    <p class='ocr_par' dir='ltr' id='par_1_5' title="bbox 143 4181 1758 4438">
     <span class='ocr_line' id='line_1_44' title="bbox 145 4181 1757 4263; baseline 0.001 -22"><span class='ocrx_word' id='word_1_605' title='bbox 145 4187 200 4242; x_wconf 88' lang='lat' dir='ltr'>alia</span> <span class='ocrx_word' id='word_1_606' title='bbox 217 4185 355 4241; x_wconf 89' lang='lat' dir='ltr'>docturus</span> <span class='ocrx_word' id='word_1_607' title='bbox 369 4196 410 4241; x_wconf 91' lang='lat' dir='ltr'>est</span> <span class='ocrx_word' id='word_1_608' title='bbox 429 4187 503 4259; x_wconf 89' lang='lat' dir='ltr'>ipsas</span> <span class='ocrx_word' id='word_1_609' title='bbox 516 4189 598 4243; x_wconf 89' lang='lat' dir='ltr'>ctiam</span> <span class='ocrx_word' id='word_1_610' title='bbox 608 4188 693 4244; x_wconf 88' lang='lat' dir='ltr'>urbes</span> <span class='ocrx_word' id='word_1_611' title='bbox 705 4187 931 4244; x_wconf 82' lang='lat' dir='ltr'>maximas&#39;haud</span> <span class='ocrx_word' id='word_1_612' title='bbox 1017 4181 1087 4258; x_wconf 86' lang='lat' dir='ltr'>Pag.</span> <span class='ocrx_word' id='word_1_613' title='bbox 1115 4183 1183 4255; x_wconf 82' lang='lat'>367,</span> <span class='ocrx_word' id='word_1_614' title='bbox 1205 4186 1245 4250; x_wconf 82' lang='lat' dir='ltr'>ir.</span> <span class='ocrx_word' id='word_1_615' title='bbox 1268 4184 1302 4240; x_wconf 79' lang='lat'>15</span> <span class='ocrx_word' id='word_1_616' title='bbox 1328 4186 1380 4246; x_wconf 80' lang='lat' dir='ltr'>lin.</span> <span class='ocrx_word' id='word_1_617' title='bbox 1406 4195 1470 4240; x_wconf 87' lang='lat' dir='ltr'>ante</span> <span class='ocrx_word' id='word_1_618' title='bbox 1489 4185 1599 4258; x_wconf 80' lang='lat' dir='ltr'>perurit.</span> <span class='ocrx_word' id='word_1_619' title='bbox 1620 4181 1757 4263; x_wconf 78' lang='grc' dir='ltr'><strong>Ἀγαγών]</strong></span> 
     </span>
     <span class='ocr_line' id='line_1_45' title="bbox 146 4267 1758 4349; baseline 0.002 -21"><span class='ocrx_word' id='word_1_620' title='bbox 146 4292 227 4328; x_wconf 90' lang='lat' dir='ltr'>secus</span> <span class='ocrx_word' id='word_1_621' title='bbox 246 4291 332 4346; x_wconf 88' lang='lat' dir='ltr'>quam</span> <span class='ocrx_word' id='word_1_622' title='bbox 346 4274 471 4348; x_wconf 87' lang='lat' dir='ltr'>singulos</span> <span class='ocrx_word' id='word_1_623' title='bbox 484 4275 615 4331; x_wconf 90' lang='lat' dir='ltr'>homines</span> <span class='ocrx_word' id='word_1_624' title='bbox 629 4277 708 4349; x_wconf 90' lang='lat' dir='ltr'>quasi</span> <span class='ocrx_word' id='word_1_625' title='bbox 730 4276 830 4332; x_wconf 90' lang='lat' dir='ltr'>emori.</span> <span class='ocrx_word' id='word_1_626' title='bbox 848 4277 883 4332; x_wconf 90' lang='lat' dir='ltr'>In</span> <span class='ocrx_word' id='word_1_627' title='bbox 895 4296 930 4332; x_wconf 90' lang='lat' dir='ltr'>eo</span> <span class='ocrx_word' id='word_1_628' title='bbox 977 4267 1047 4344; x_wconf 73' lang='grc' dir='ltr'><strong>ἄγων</strong></span> <span class='ocrx_word' id='word_1_629' title='bbox 1069 4272 1139 4329; x_wconf 84' lang='lat' dir='ltr'>Fed.</span> <span class='ocrx_word' id='word_1_630' title='bbox 1155 4303 1195 4316; x_wconf 91' lang='lat'>-</span> <span class='ocrx_word' id='word_1_631' title='bbox 1212 4274 1275 4330; x_wconf 90' lang='lat' dir='ltr'>Lin.</span> <span class='ocrx_word' id='word_1_632' title='bbox 1294 4273 1404 4346; x_wconf 87' lang='lat' dir='ltr'>penult.</span> <span class='ocrx_word' id='word_1_633' title='bbox 1421 4269 1551 4348; x_wconf 83' lang='grc' dir='ltr'><strong>λιυιιαδί]</strong></span> <span class='ocrx_word' id='word_1_634' title='bbox 1577 4275 1688 4347; x_wconf 88' lang='lat' dir='ltr'>typoth.</span> <span class='ocrx_word' id='word_1_635' title='bbox 1709 4293 1758 4332; x_wconf 87' lang='lat' dir='ltr'>er·</span> 
     </span>
     <span class='ocr_line' id='line_1_46' title="bbox 143 4357 1757 4438; baseline -0.002 -18"><span class='ocrx_word' id='word_1_636' title='bbox 143 4361 230 4435; x_wconf 78' lang='lat' dir='ltr'>igitur</span> <span class='ocrx_word' id='word_1_637' title='bbox 244 4371 410 4436; x_wconf 80' lang='lat' dir='ltr'>argumento</span> <span class='ocrx_word' id='word_1_638' title='bbox 422 4379 535 4418; x_wconf 77' lang='lat' dir='ltr'>versans</span> <span class='ocrx_word' id='word_1_639' title='bbox 542 4360 668 4432; x_wconf 77' lang='grc' dir='ltr'>,ἡΝίνος</span> <span class='ocrx_word' id='word_1_640' title='bbox 680 4360 743 4438; x_wconf 76' lang='grc' dir='ltr'><strong>μὲν,</strong></span> <span class='ocrx_word' id='word_1_641' title='bbox 755 4362 930 4436; x_wconf 64' lang='lat' dir='ltr'>inquiqdrcd·</span> <span class='ocrx_word' id='word_1_642' title='bbox 975 4377 1041 4418; x_wconf 86' lang='lat' dir='ltr'>rore</span> <span class='ocrx_word' id='word_1_643' title='bbox 1057 4378 1112 4434; x_wconf 85' lang='lat' dir='ltr'>pro</span> <span class='ocrx_word' id='word_1_644' title='bbox 1136 4357 1278 4430; x_wconf 83' lang='grc' dir='ltr'><strong>λινιιίδα,</strong></span> <span class='ocrx_word' id='word_1_645' title='bbox 1271 4379 1301 4414; x_wconf 93' lang='grc' dir='ltr'>ιιι</span> <span class='ocrx_word' id='word_1_646' title='bbox 1315 4370 1383 4416; x_wconf 90' lang='lat' dir='ltr'>nota</span> <span class='ocrx_word' id='word_1_647' title='bbox 1399 4360 1468 4418; x_wconf 86' lang='lat' dir='ltr'>item</span> <span class='ocrx_word' id='word_1_648' title='bbox 1483 4361 1573 4435; x_wconf 91' lang='lat' dir='ltr'>lege:</span> <span class='ocrx_word' id='word_1_649' title='bbox 1592 4359 1697 4419; x_wconf 77' lang='grc' dir='ltr'>λευκίδα</span> <span class='ocrx_word' id='word_1_650' title='bbox 1713 4383 1757 4418; x_wconf 89' lang='lat' dir='ltr'>co.-</span> 
     </span>
    </p>
   </div>
   <div class='ocr_carea' id='block_1_3' title="bbox 144 4445 1852 4526">
    <p class='ocr_par' dir='ltr' id='par_1_6' title="bbox 144 4445 1852 4526">
     <span class='ocr_line' id='line_1_47' title="bbox 144 4445 1852 4526; baseline 0.001 -22"><span class='ocrx_word' id='word_1_651' title='bbox 144 4448 229 4504; x_wconf 77' lang='grc' dir='ltr'><strong>λωλεν</strong></span> <span class='ocrx_word' id='word_1_652' title='bbox 243 4445 314 4518; x_wconf 72' lang='grc' dir='ltr'><strong>ἤδη,</strong></span> <span class='ocrx_word' id='word_1_653' title='bbox 330 4445 376 4505; x_wconf 83' lang='lat' dir='ltr'>xol</span> <span class='ocrx_word' id='word_1_654' title='bbox 397 4445 486 4504; x_wconf 68' lang='lat' dir='ltr'>ortt*</span> <span class='ocrx_word' id='word_1_655' title='bbox 475 4469 545 4526; x_wconf 80' lang='grc' dir='ltr'><strong>ιχνος</strong></span> <span class='ocrx_word' id='word_1_656' title='bbox 560 4447 598 4506; x_wconf 80' lang='grc' dir='ltr'><strong>ἔτι</strong></span> <span class='ocrx_word' id='word_1_657' title='bbox 615 4448 705 4507; x_wconf 81' lang='grc' dir='ltr'><strong>λοιπὸν</strong></span> <span class='ocrx_word' id='word_1_658' title='bbox 726 4450 817 4520; x_wconf 69' lang='grc' dir='ltr'>αὐτῆς·</span> <span class='ocrx_word' id='word_1_659' title='bbox 810 4449 884 4508; x_wconf 40' lang='lat' dir='ltr'>stota</span> <span class='ocrx_word' id='word_1_660' title='bbox 898 4449 930 4508; x_wconf 76' lang='grc' dir='ltr'>ἂν</span> <span class='ocrx_word' id='word_1_661' title='bbox 975 4450 1080 4502; x_wconf 67' lang='lat' dir='ltr'>dec·</span> <span class='ocrx_word' id='word_1_662' title='bbox 1069 4449 1284 4521; x_wconf 84' lang='lat' dir='ltr'>·Conjecturas</span> <span class='ocrx_word' id='word_1_663' title='bbox 1311 4448 1416 4510; x_wconf 84' lang='lat' dir='ltr'>Feder.</span> <span class='ocrx_word' id='word_1_664' title='bbox 1428 4450 1536 4522; x_wconf 89' lang='lat' dir='ltr'>promit</span> <span class='ocrx_word' id='word_1_665' title='bbox 1564 4449 1647 4504; x_wconf 86' lang='lat' dir='ltr'>bas:</span> <span class='ocrx_word' id='word_1_666' title='bbox 1678 4447 1756 4518; x_wconf 76' lang='grc' dir='ltr'>ληίδα</span> <span class='ocrx_word' id='word_1_667' title='bbox 1848 4471 1852 4478; x_wconf 94' lang='grc'><em>·</em></span> 
     </span>
    </p>
   </div>
   <div class='ocr_carea' id='block_1_4' title="bbox 144 4523 1757 5226">
    <p class='ocr_par' dir='ltr' id='par_1_7' title="bbox 145 4523 1757 4786">
     <span class='ocr_line' id='line_1_48' title="bbox 145 4523 1755 4640; baseline 0.003 -48"><span class='ocrx_word' id='word_1_668' title='bbox 145 4533 227 4599; x_wconf 74' lang='grc' dir='ltr'><strong>εἴποις</strong></span> <span class='ocrx_word' id='word_1_669' title='bbox 235 4530 301 4592; x_wconf 80' lang='grc' dir='ltr'>ὅπου</span> <span class='ocrx_word' id='word_1_670' title='bbox 315 4556 365 4592; x_wconf 81' lang='grc' dir='ltr'><strong>ποι</strong></span> <span class='ocrx_word' id='word_1_671' title='bbox 366 4523 432 4604; x_wconf 67' lang='grc' dir='ltr'>’ἢν</span> <span class='ocrx_word' id='word_1_672' title='bbox 446 4539 512 4592; x_wconf 79' lang='lat' dir='ltr'>llaec</span> <span class='ocrx_word' id='word_1_673' title='bbox 527 4557 597 4593; x_wconf 85' lang='lat' dir='ltr'>vero</span> <span class='ocrx_word' id='word_1_674' title='bbox 609 4555 633 4594; x_wconf 83' lang='lat' dir='ltr'>st</span> <span class='ocrx_word' id='word_1_675' title='bbox 647 4557 709 4612; x_wconf 82' lang='lat' dir='ltr'>quis</span> <span class='ocrx_word' id='word_1_676' title='bbox 719 4540 864 4613; x_wconf 77' lang='lat' dir='ltr'>putaverat</span> <span class='ocrx_word' id='word_1_677' title='bbox 872 4559 930 4594; x_wconf 90' lang='lat' dir='ltr'>non</span> <span class='ocrx_word' id='word_1_678' title='bbox 976 4531 1089 4613; x_wconf 60' lang='lat' dir='ltr'>augaria,</span> <span class='ocrx_word' id='word_1_679' title='bbox 1110 4537 1154 4592; x_wconf 85' lang='lat' dir='ltr'>vel</span> <span class='ocrx_word' id='word_1_680' title='bbox 1174 4534 1316 4593; x_wconf 81' lang='grc' dir='ltr'>παλλακίδι</span> <span class='ocrx_word' id='word_1_681' title='bbox 1330 4539 1420 4605; x_wconf 82' lang='grc' dir='ltr'><strong>συνῆν.</strong></span> <span class='ocrx_word' id='word_1_682' title='bbox 1444 4538 1489 4594; x_wconf 83' lang='lat' dir='ltr'>vel</span> <span class='ocrx_word' id='word_1_683' title='bbox 1497 4536 1601 4611; x_wconf 91' lang='lat' dir='ltr'>,quod</span> <span class='ocrx_word' id='word_1_684' title='bbox 1626 4537 1755 4640; x_wconf 65' lang='lat' dir='ltr'>prefert,</span> 
     </span>
     <span class='ocr_line' id='line_1_49' title="bbox 146 4619 1757 4700; baseline 0.001 -22"><span class='ocrx_word' id='word_1_685' title='bbox 146 4623 289 4678; x_wconf 88' lang='lat' dir='ltr'>dicturum</span> <span class='ocrx_word' id='word_1_686' title='bbox 299 4623 565 4698; x_wconf 81' lang='lat' dir='ltr'>luisseLucianum,</span> <span class='ocrx_word' id='word_1_687' title='bbox 581 4627 633 4680; x_wconf 83' lang='lat' dir='ltr'>nisi</span> <span class='ocrx_word' id='word_1_688' title='bbox 627 4626 740 4699; x_wconf 89' lang='lat' dir='ltr'>&#39;probe</span> <span class='ocrx_word' id='word_1_689' title='bbox 753 4637 929 4700; x_wconf 87' lang='lat' dir='ltr'>compertum</span> <span class='ocrx_word' id='word_1_690' title='bbox 976 4620 1196 4692; x_wconf 78' lang='grc' dir='ltr'><strong>ἐνοικιδιιςσυνῆν</strong></span> <span class='ocrx_word' id='word_1_691' title='bbox 1209 4625 1302 4682; x_wconf 84' lang='lat' dir='ltr'>-Fr.</span> <span class='ocrx_word' id='word_1_692' title='bbox 1317 4643 1362 4694; x_wconf 87' lang='lat'>17,</span> <span class='ocrx_word' id='word_1_693' title='bbox 1375 4625 1427 4684; x_wconf 90' lang='lat' dir='ltr'>lin</span> <span class='ocrx_word' id='word_1_694' title='bbox 1442 4624 1457 4678; x_wconf 82' lang='lat'>3</span> <span class='ocrx_word' id='word_1_695' title='bbox 1463 4627 1598 4697; x_wconf 86' lang='lat' dir='ltr'>-Leg.</span> <span class='ocrx_word' id='word_1_696' title='bbox 1610 4619 1654 4678; x_wconf 80' lang='grc' dir='ltr'>τὸν</span> <span class='ocrx_word' id='word_1_697' title='bbox 1667 4621 1757 4698; x_wconf 77' lang='grc' dir='ltr'>Τρωὸς</span> 
     </span>
     <span class='ocr_line' id='line_1_50' title="bbox 146 4710 1091 4786; baseline 0.005 -21"><span class='ocrx_word' id='word_1_698' title='bbox 146 4711 287 4766; x_wconf 87' lang='lat' dir='ltr'>habuisset</span> <span class='ocrx_word' id='word_1_699' title='bbox 292 4728 412 4784; x_wconf 88' lang='lat' dir='ltr'>,reapse</span> <span class='ocrx_word' id='word_1_700' title='bbox 426 4713 571 4786; x_wconf 81' lang='lat' dir='ltr'>sexaginta</span> <span class='ocrx_word' id='word_1_701' title='bbox 584 4723 650 4786; x_wconf 91' lang='lat' dir='ltr'>post</span> <span class='ocrx_word' id='word_1_702' title='bbox 664 4731 839 4768; x_wconf 81' lang='lat' dir='ltr'>eversionem</span> <span class='ocrx_word' id='word_1_703' title='bbox 850 4731 930 4768; x_wconf 79' lang='lat' dir='ltr'>annis</span> <span class='ocrx_word' id='word_1_704' title='bbox 976 4721 1009 4770; x_wconf 85' lang='lat' dir='ltr'>ul</span> <span class='ocrx_word' id='word_1_705' title='bbox 1022 4710 1091 4770; x_wconf 83' lang='lat' dir='ltr'>Fed</span> 
     </span>
    </p>

    <p class='ocr_par' dir='ltr' id='par_1_8' title="bbox 144 4793 1756 4958">
     <span class='ocr_line' id='line_1_51' title="bbox 144 4793 1756 4873; baseline 0.003 -21"><span class='ocrx_word' id='word_1_706' title='bbox 144 4815 182 4853; x_wconf 92' lang='lat' dir='ltr'>ne</span> <span class='ocrx_word' id='word_1_707' title='bbox 194 4797 344 4872; x_wconf 79' lang='lat' dir='ltr'>vestigium</span> <span class='ocrx_word' id='word_1_708' title='bbox 354 4795 470 4870; x_wconf 77' lang='lat' dir='ltr'>quidem</span> <span class='ocrx_word' id='word_1_709' title='bbox 480 4799 557 4854; x_wconf 81' lang='lat' dir='ltr'>urbis</span> <span class='ocrx_word' id='word_1_710' title='bbox 571 4798 929 4873; x_wconf 80' lang='lat' dir='ltr'>ingenussuperfurssenec</span> <span class='ocrx_word' id='word_1_711' title='bbox 1014 4793 1082 4870; x_wconf 84' lang='lat' dir='ltr'>Pag.</span> <span class='ocrx_word' id='word_1_712' title='bbox 1099 4795 1165 4866; x_wconf 84' lang='grc'><strong>368,</strong></span> <span class='ocrx_word' id='word_1_713' title='bbox 1184 4797 1218 4854; x_wconf 85' lang='lat' dir='ltr'>sr.</span> <span class='ocrx_word' id='word_1_714' title='bbox 1243 4801 1322 4871; x_wconf 86' lang='lat' dir='ltr'>17,l.</span> <span class='ocrx_word' id='word_1_715' title='bbox 1338 4799 1406 4854; x_wconf 85' lang='lat' dir='ltr'>dab</span> <span class='ocrx_word' id='word_1_716' title='bbox 1418 4801 1519 4855; x_wconf 91' lang='lat' dir='ltr'>ult</span> <span class='ocrx_word' id='word_1_717' title='bbox 1533 4795 1756 4873; x_wconf 65' lang='lat' dir='ltr'>belvatium·</span> 
     </span>
     <span class='ocr_line' id='line_1_52' title="bbox 146 4884 1297 4958; baseline 0.003 -18"><span class='ocrx_word' id='word_1_718' title='bbox 146 4884 183 4940; x_wconf 92' lang='lat' dir='ltr'>de</span> <span class='ocrx_word' id='word_1_719' title='bbox 199 4887 254 4940; x_wconf 87' lang='lat' dir='ltr'>situ</span> <span class='ocrx_word' id='word_1_720' title='bbox 268 4885 328 4955; x_wconf 85' lang='lat' dir='ltr'>ejus</span> <span class='ocrx_word' id='word_1_721' title='bbox 348 4885 470 4956; x_wconf 86' lang='lat' dir='ltr'>amplius</span> <span class='ocrx_word' id='word_1_722' title='bbox 492 4885 666 4953; x_wconf 87' lang='lat' dir='ltr'>constitisse,</span> <span class='ocrx_word' id='word_1_723' title='bbox 691 4884 764 4940; x_wconf 86' lang='lat' dir='ltr'>adeo</span> <span class='ocrx_word' id='word_1_724' title='bbox 778 4897 811 4940; x_wconf 88' lang='lat' dir='ltr'>ut</span> <span class='ocrx_word' id='word_1_725' title='bbox 826 4897 929 4941; x_wconf 87' lang='lat' dir='ltr'>cuncta</span> <span class='ocrx_word' id='word_1_726' title='bbox 975 4884 1043 4940; x_wconf 89' lang='lat' dir='ltr'>dere</span> <span class='ocrx_word' id='word_1_727' title='bbox 1056 4885 1163 4958; x_wconf 87' lang='lat' dir='ltr'>placuit</span> <span class='ocrx_word' id='word_1_728' title='bbox 1174 4887 1297 4945; x_wconf 83' lang='lat' dir='ltr'>Federo</span> 
     </span>
    </p>

    <p class='ocr_par' dir='ltr' id='par_1_9' title="bbox 146 4971 1755 5134">
     <span class='ocr_line' id='line_1_53' title="bbox 146 4971 1755 5050; baseline -0.001 -22"><span class='ocrx_word' id='word_1_729' title='bbox 146 4984 242 5028; x_wconf 85' lang='lat' dir='ltr'>nostra</span> <span class='ocrx_word' id='word_1_730' title='bbox 250 4973 423 5046; x_wconf 81' lang='lat' dir='ltr'>antiquitatis</span> <span class='ocrx_word' id='word_1_731' title='bbox 432 4974 468 5030; x_wconf 93' lang='lat' dir='ltr'>de</span> <span class='ocrx_word' id='word_1_732' title='bbox 476 4974 568 5028; x_wconf 85' lang='lat' dir='ltr'>haere</span> <span class='ocrx_word' id='word_1_733' title='bbox 578 4973 739 5028; x_wconf 78' lang='lat' dir='ltr'>testimonia</span> <span class='ocrx_word' id='word_1_734' title='bbox 747 4974 927 5029; x_wconf 78' lang='lat' dir='ltr'>maronitan-</span> <span class='ocrx_word' id='word_1_735' title='bbox 990 4971 1083 5047; x_wconf 65' lang='lat' dir='ltr'>sPag.</span> <span class='ocrx_word' id='word_1_736' title='bbox 1097 4973 1163 5047; x_wconf 83' lang='lat'>369,</span> <span class='ocrx_word' id='word_1_737' title='bbox 1174 4975 1209 5034; x_wconf 86' lang='lat' dir='ltr'>fr.</span> <span class='ocrx_word' id='word_1_738' title='bbox 1224 4995 1271 5044; x_wconf 86' lang='lat' dir='ltr'>ao,</span> <span class='ocrx_word' id='word_1_739' title='bbox 1282 4977 1302 5033; x_wconf 94' lang='lat' dir='ltr'>l.</span> <span class='ocrx_word' id='word_1_740' title='bbox 1316 4995 1331 5046; x_wconf 88' lang='lat'><strong>7</strong></span> <span class='ocrx_word' id='word_1_741' title='bbox 1345 4976 1382 5030; x_wconf 90' lang='lat' dir='ltr'>ab</span> <span class='ocrx_word' id='word_1_742' title='bbox 1392 4977 1444 5030; x_wconf 92' lang='lat' dir='ltr'>ult.</span> <span class='ocrx_word' id='word_1_743' title='bbox 1457 5005 1491 5017; x_wconf 89' lang='lat'>-</span> <span class='ocrx_word' id='word_1_744' title='bbox 1503 4971 1663 5049; x_wconf 74' lang='grc' dir='ltr'><strong>ἐναγόντων]</strong></span> <span class='ocrx_word' id='word_1_745' title='bbox 1676 4991 1755 5050; x_wconf 78' lang='lat' dir='ltr'>apoc-</span> 
     </span>
     <span class='ocr_line' id='line_1_54' title="bbox 147 5059 1348 5134; baseline 0.003 -18"><span class='ocrx_word' id='word_1_746' title='bbox 147 5071 194 5116; x_wconf 90' lang='lat' dir='ltr'>tur</span> <span class='ocrx_word' id='word_1_747' title='bbox 205 5059 400 5132; x_wconf 86' lang='lat' dir='ltr'>conjecturis:</span> <span class='ocrx_word' id='word_1_748' title='bbox 423 5063 463 5130; x_wconf 92' lang='lat' dir='ltr'>is,</span> <span class='ocrx_word' id='word_1_749' title='bbox 477 5063 610 5134; x_wconf 87' lang='lat' dir='ltr'>inquam,</span> <span class='ocrx_word' id='word_1_750' title='bbox 631 5061 735 5114; x_wconf 92' lang='lat' dir='ltr'>mirum</span> <span class='ocrx_word' id='word_1_751' title='bbox 757 5061 787 5114; x_wconf 91' lang='lat' dir='ltr'>in</span> <span class='ocrx_word' id='word_1_752' title='bbox 810 5061 928 5116; x_wconf 89' lang='lat' dir='ltr'>modum</span> <span class='ocrx_word' id='word_1_753' title='bbox 975 5059 1116 5118; x_wconf 84' lang='grc' dir='ltr'><strong>εναυόντων</strong></span> <span class='ocrx_word' id='word_1_754' title='bbox 1132 5063 1209 5134; x_wconf 88' lang='lat' dir='ltr'>conj.</span> <span class='ocrx_word' id='word_1_755' title='bbox 1226 5065 1348 5120; x_wconf 85' lang='lat' dir='ltr'>Piccola.</span> 
     </span>
    </p>

    <p class='ocr_par' dir='ltr' id='par_1_10' title="bbox 147 5147 1755 5226">
     <span class='ocr_line' id='line_1_55' title="bbox 147 5147 1755 5226; baseline -0.004 -16"><span class='ocrx_word' id='word_1_756' title='bbox 147 5149 274 5210; x_wconf 71' lang='lat' dir='ltr'>Lucieno</span> <span class='ocrx_word' id='word_1_757' title='bbox 296 5149 470 5224; x_wconf 83' lang='lat' dir='ltr'>abuteretur,</span> <span class='ocrx_word' id='word_1_758' title='bbox 486 5159 571 5224; x_wconf 89' lang='lat' dir='ltr'>atquc</span> <span class='ocrx_word' id='word_1_759' title='bbox 592 5149 684 5208; x_wconf 83' lang='lat' dir='ltr'>verbis</span> <span class='ocrx_word' id='word_1_760' title='bbox 701 5167 715 5203; x_wconf 95' lang='lat' dir='ltr'>a</span> <span class='ocrx_word' id='word_1_761' title='bbox 731 5149 849 5208; x_wconf 85' lang='lat' dir='ltr'>rhetore</span> <span class='ocrx_word' id='word_1_762' title='bbox 865 5149 930 5208; x_wconf 87' lang='lat' dir='ltr'>lusis</span> <span class='ocrx_word' id='word_1_763' title='bbox 1014 5147 1081 5226; x_wconf 86' lang='lat' dir='ltr'>Pag.</span> <span class='ocrx_word' id='word_1_764' title='bbox 1093 5150 1226 5219; x_wconf 79' lang='lat' dir='ltr'>371,uot.</span> <span class='ocrx_word' id='word_1_765' title='bbox 1237 5153 1286 5209; x_wconf 89' lang='lat' dir='ltr'>lin.</span> <span class='ocrx_word' id='word_1_766' title='bbox 1297 5171 1323 5221; x_wconf 85' lang='lat'>7.</span> <span class='ocrx_word' id='word_1_767' title='bbox 1333 5155 1468 5224; x_wconf 84' lang='lat' dir='ltr'>-Lege:</span> <span class='ocrx_word' id='word_1_768' title='bbox 1481 5148 1598 5205; x_wconf 81' lang='lat' dir='ltr'>fluvium</span> <span class='ocrx_word' id='word_1_769' title='bbox 1606 5147 1755 5225; x_wconf 87' lang='lat' dir='ltr'>significari</span> 
     </span>
    </p>
   </div>
   <div class='ocr_carea' id='block_1_5' title="bbox 0 0 1961 5732">
    <p class='ocr_par' dir='ltr' id='par_1_11' title="bbox 0 0 1961 5732">
     <span class='ocr_line' id='line_1_56' title="bbox 0 0 1961 5732; baseline 0 0"><span class='ocrx_word' id='word_1_770' title='bbox 0 0 1961 5732; x_wconf 95' lang='lat' dir='ltr'> </span> 
     </span>
    </p>
   </div>
  </div>
 </body>
</html>
