3792 5728
165 297 168 306 ’
203 351 256 402 ιιι
726 341 870 402 uicem
893 338 1246 402 rurnnunnmnusrs

199 475 261 550 παρ’
286 473 364 529 αὐτοῦ
384 470 518 537 σταλέντες
541 467 677 550 πρίσῧεις,
695 469 782 546 ἔλεγον
795 469 835 528 ὅτι
854 469 906 528 δεόι
926 493 973 527 τα·
1019 491 1094 544 μενον
1110 467 1250 535 συντάξεις.
1268 464 1380 546 Ἀνεψιδς
1395 465 1421 525 δέ
1434 457 1465 538 ῆν
1479 457 1548 535 οὗτος
1561 465 1703 549 λίδοίγγου,
1716 477 1761 546 Be„

200 558 267 634 χίως
278 556 338 636 περὶ
348 556 453 614 πάντων
466 556 644 636 αὐτοκράτορα
657 558 727 636 αὐτῷ
737 556 897 635 πρεσὸευτιλν
909 561 974 614 ἀπο-
1020 555 1090 635 ρίνης
1113 578 1141 612 τε
1170 555 1284 630 μάλιστα
1310 553 1380 619 ὄντος
1404 554 1558 613 οίκειοτάτου
1582 557 1625 614 καί
1653 559 1695 628 τὴν
1719 565 1761 618 τῶν

201 647 315 714 στεῖλαι,
336 648 370 709 ὡς
389 646 438 721 οὐχ
459 643 504 722 οίῳ
526 666 555 700 τε
574 646 671 713 πλῆθος
695 645 799 724 άπειρον
819 644 910 723 είργειν
932 643 975 702 ἐπί
1019 641 1163 718 λεγομίνων
1177 640 1336 718 δομεστίκων
1348 640 1431 718 ἀρχὴν
1447 640 1583 718 ἄρχοντος,
1598 643 1763 719 μεγάληντινδ
1846 641 1847 644 “

200 730 306 788 πλείονα
321 729 411 810 χρόνον
426 735 472 800 τῆς
487 733 531 809 ἀφ’
546 721 581 788 ὧν
597 729 628 788 διν
643 729 762 790 δύναιντο
775 731 884 808 βλάθης.
901 727 935 789 ‘0
948 729 974 788 δέ
1020 719 1098 786 οὖσαν
1123 729 1174 784 τῶν
1200 727 1261 805 περί
1279 727 1397 806 βασιλέα.
1418 729 1487 803 Πρὸς
1503 733 1590 785 τοῦτον
1603 720 1643 786 oda
1663 731 1764 808 ἔπεμπε,

200 816 370 890 Ἀδαμάντιον
392 817 435 873 τὸν
459 815 580 875 Βιὸιανοῦ
602 819 700 888 παῖδα,
713 817 849 896 πατρίκιόν
870 839 898 872 τε
913 814 974 872 ὄντα
1019 819 1064 884 τῆς
1078 837 1105 872 τε
1126 817 1240 880 παλαιᾶς
1253 813 1330 872 αὐτὸν
1348 814 1494 890 συγγενείας
1507 817 1711 892 ἀναμιμνήσκειν,
1729 819 1766 877 καί
1848 865 1849 870 ,

202 904 246 960 καὶ
260 901 490 979 πολιαρχῆσαντα,
504 905 623 981 προσθείς
638 905 709 982 αὐτῷ
724 903 769 960 καλ
789 901 866 977 τιμὴν
882 905 975 958 ὕπατε·
1020 902 1096 968 ἀξιῶν
1119 901 1226 981 ἐξευρεῖν
1247 901 1293 960 καλ
1316 899 1465 980 συμπρᾶξαι
1486 901 1588 980 τρόπω,
1608 903 1638 960 δι’
1652 897 1679 962 οὗ
1692 910 1733 976 τῆς
1744 928 1766 964 τε
1849 961 1850 966 ,

202 989 261 1061 κῆν,
275 989 375 1067 ἔπεμψε
388 989 582 1066 παραγγείλας,
597 989 685 1068 χώραν
702 989 748 1064 μίν
764 991 834 1066 αὐτῷ
849 989 935 1046 δοῦναι
949 990 975 1046 ἐκ
1020 988 1183 1065 Ἐπιδάμνου
1196 987 1241 1044 καί
1250 991 1296 1058 τῆς
1308 989 1388 1058 ἄλλης
1397 988 1521 1067 Ἠπείρου
1531 989 1643 1062 δυνηθείη
1652 993 1768 1069 κρατήσας

201 1078 357 1152 Παυταλίφ,
369 1074 386 1145 ἣ
398 1079 443 1144 τῆς
453 1075 499 1151 μὲν
512 1074 654 1154 Ἰλλυρικῆς
665 1077 756 1154 μοίρας
768 1077 837 1134 ἐστίν
848 1075 973 1153 ἐπαρχία,
1020 1079 1111 1144 στῆναι
1134 1079 1181 1144 τῆς
1200 1077 1297 1146 πολλῆς
1318 1075 1434 1146 πλάνης,
1461 1075 1505 1132 καί
1527 1075 1629 1154 ἱδρύσας
1650 1077 1731 1134 ἑαυτὸν
1747 1081 1768 1135 ἐν

202 1165 231 1220 οὗ
243 1160 309 1218 πολὺ
322 1162 348 1219 ti
360 1162 494 1240 ἀπέχουσα
506 1166 557 1220 τῶν
570 1162 694 1221 είσθολῶν
705 1166 750 1231 τῆς
761 1159 878 1242 Θρᾴκης,
891 1161 975 1231 ὅπως,
1021 1161 1095 1218 πόλει
1114 1159 1159 1218 καί
1180 1161 1292 1238 τείχεσιν
1312 1163 1426 1219 ἐντεῦθεν
1441 1164 1476 1226 ὡς
1498 1160 1529 1218 διν
1549 1163 1609 1240 διδῷ
1623 1161 1732 1240 δίχεσθαι
1745 1163 1770 1222 τδ

202 1246 252 1304 είτε
264 1246 420 1326 Θευδίριχος
433 1252 446 1305 δ
458 1248 583 1326 Τριαρίου
593 1247 721 1327 ἐγχειροίη
735 1271 760 1305 τι
772 1257 860 1319 κινεῖν,
871 1246 975 1326 ἔφεδρον
1021 1245 1175 1322 συμάαῑνον.
1192 1249 1361 1324 Σιδιμοῦνδος
1375 1246 1402 1306 δέ
1416 1253 1498 1306 ταῦτα
1514 1252 1575 1327 παρ’
1590 1252 1665 1308 αὐτοῦ
1676 1249 1771 1324 δεξάμν-
1852 1252 1853 1266 ’

203 1332 258 1409 ἔχοι
273 1333 349 1390 αὐτὸν
364 1333 468 1411 ἐγγύθεν
480 1337 538 1392 κατ’
553 1335 666 1410 ἐκείνου,
680 1333 730 1392 είτε
748 1333 824 1398 αὐτὸς
839 1335 974 1412 ταράττειν
1020 1356 1077 1404 νος,
1095 1335 1140 1391 καί
1161 1334 1291 1414 βάρὸαρος
1313 1335 1438 1414 βαρὸάρῳ
1462 1340 1586 1394 συνοικεῖν
1608 1336 1624 1406 ῆ
1647 1335 1771 1410 Ῥωμαίοις
1853 1366 1854 1370 ’

203 1418 236 1476 τά
248 1419 403 1496 συγκείμενα
419 1420 501 1493 θελοι,
513 1422 539 1478 ἐν
555 1420 628 1498 μίσῳ
640 1421 717 1478 αὐτὸν
730 1419 797 1498 ἔχων
815 1422 864 1477 τῶν
879 1441 907 1477 τε
922 1417 975 1476 Ἰλ-
1020 1419 1184 1498 ἡγησάμενος
1206 1430 1330 1501 κρεῖττον,
1346 1421 1426 1480 ἐλθὼν
1440 1423 1475 1488 είς
1496 1422 1653 1498 Ἐπίδαμνον
1673 1423 1715 1480 καί
1728 1425 1773 1502 ἰδίη

202 1507 314 1584 λυρικῶν
323 1507 426 1564 καὶτῶν
437 1507 560 1586 Θρᾳκίων
570 1508 704 1580 δυνάμεων
715 1505 885 1585 εὐκολώτερον
897 1506 975 1562 αὐτοῦ
1022 1506 1116 1582 μετιὼν
1137 1511 1190 1564 τῶν
1206 1509 1318 1564 πολιτῶν
1341 1507 1450 1566 ἕκαστον
1470 1511 1506 1574 ὡς
1526 1510 1599 1578 δῆθεν
1617 1512 1673 1566 κατ’
1686 1509 1773 1567 εὔνοιαν

203 1603 330 1673 περιεῖναι
344 1593 456 1653 δύναιτο.
476 1599 507 1654 El
522 1596 548 1653 δὲ
562 1600 662 1676 τροφῶν
680 1597 785 1675 ἀπορεῖν
800 1599 837 1673 τῷ
852 1591 976 1670 στρατειί-
1021 1592 1315 1668 συνεὸοιίλενεναύτοῖς,
1328 1593 1384 1651 ἅτε
1398 1592 1506 1659 ἕκαστος
1517 1594 1589 1673 ἔχει,
1602 1600 1690 1653 θᾶττον
1702 1598 1775 1652 insa-

204 1703 268 1756 ματι
281 1680 351 1758 λε’γοι
363 1681 405 1740 τὸν
416 1682 534 1759 παρόντα
547 1683 673 1758 ἐνιαυτὸν,
687 1681 732 1740 lire
748 1681 813 1758 μήτε
831 1683 857 1738 ἐν
872 1681 976 1758 σπάρσις
1021 1680 1150 1751 τίθεσθαι,
1163 1679 1207 1737 καί
1220 1680 1309 1746 αὐτοὺς
1322 1679 1339 1748 ἢ
1352 1682 1387 1746 είς
1397 1679 1517 1750 νῆσονςῆ
1528 1681 1601 1738 πάλιν
1611 1704 1654 1739 ποι
1663 1680 1775 1748 σώζεσθαι

203 1767 269 1842 μήτε
285 1773 384 1847 καρποῦ
399 1770 492 1826 ἐλπίδα
507 1768 574 1847 ἔχων
586 1772 612 1828 ἐν
626 1769 781 1848 Παυταλίφ,
794 1767 874 1826 ἔδωκε
888 1768 976 1846 λίτρας
1021 1766 1112 1844 λέγων,
1130 1771 1164 1832 ὡς
1179 1766 1309 1845 βάρθαρος
1326 1765 1369 1823 ἐπί
1381 1765 1478 1838 ταύτην
1490 1765 1626 1845 ὥρμηται,
1644 1767 1686 1826 καί
1698 1765 1777 1845 &arisi

202 1853 310 1932 χρυσίου
342 1854 443 1912 (ἐπιόντι
470 1855 617 1930 διακοσίας,
643 1855 674 1922 δς
702 1855 803 1913 treberi
833 1855 910 1913 δάντα
938 1858 975 1932 τῷ
1023 1854 1125 1932 βασιλεῖ
1144 1860 1226 1911 ταῦτα
1241 1853 1363 1911 δοκοῦντά
1378 1853 1505 1922 ἐστι,κοιλ
1519 1859 1554 1920 ὡς
1568 1853 1777 1930 Ἂδαμάντιοςέπί

204 1942 316 2021 ὑπάρχῳ
327 1947 363 2022 τῷ
378 1943 432 2000 ἐκεῖ
444 1947 551 2012 ποιῆσαι
562 1941 608 2013 τῆν
624 1943 743 2012 δαπάνην
755 1945 841 2008 αὐτοῖς
853 1945 889 2007 είς
902 1945 976 2000 flou·
1020 1945 1103 1998 ταῦτα
1126 1939 1268 2017 πεμφθείη·
1286 1947 1401 2018 κρεῖττον
1423 1931 1466 1998 οἷίν
1488 1931 1555 1998 εἶναι
1578 1941 1676 2013 αὐτοῖς,
1692 1941 1735 2006 ἕως
1747 1939 1778 1996 ίτι

203 2030 295 2086 ταλίαν
310 2033 457 2106 χορηγῆσαι
478 2029 525 2100 τὴν
549 2033 723 2110 ἐπαρκοῦσαν.
740 2027 799 2088 Ἔτι
814 2028 841 2086 δὲ
855 2034 899 2086 τοῦ
914 2051 977 2106 πρε·
1022 2025 1138 2098 ἄπεστιν,
1153 2025 1221 2083 κατά
1232 2025 1339 2083 πλείονα
1351 2025 1448 2104 σχολὴν
1461 2026 1494 2083 τά
1508 2030 1570 2084 κατ’
1586 2026 1675 2093 αιίτοίνς
1691 2025 1780 2095 διοικῆ-

203 2115 312 2173 σθευτοῦ
325 2121 396 2184 ὄντος
417 2119 443 2173 ἐν
456 2117 603 2197 Βυζαντίῳ,
624 2121 781 2194 στρατιῶται
794 2116 932 2180 συστάντες
950 2117 976 2172 ἐν
1022 2119 1128 2174 σασθαε.
1145 2118 1238 2174 Ταῦτα
1258 2114 1303 2171 καί
1326 2119 1377 2179 τοῖς
1391 2115 1565 2194 στρατιώταις
1587 2116 1674 2194 [λέγων
1694 2117 1780 2184 llichl

204 2203 385 2280 Gracchurim]
409 2204 452 2262 τὸν
476 2203 594 2282 θπαρχον
615 2203 738 2274 Ἰωάννην
756 2203 879 2282 προῑάντα
894 2203 976 2280 φυλά·
1022 2204 1075 2266 τοῖς
1087 2203 1141 2258 ἐκεῖ
1151 2200 1333 2280 φυλάττουσιν,
1347 2191 1417 2259 οὖσιν
1429 2205 1464 2267 ὡς
1476 2204 1626 2281 δισχιλίοις,
1640 2201 1662 2261 σί
1673 2200 1715 2259 καί
1727 2201 1783 2275 ipl-

205 2286 293 2354 ξαντες
308 2289 419 2368 ξιφήρεις
432 2289 567 2369 ὥρμησαν·
580 2290 624 2348 καλ
641 2290 737 2370 ὡρίσθη
758 2288 830 2370 παρά
850 2293 900 2346 τῶν
917 2289 976 2366 (τοῦ
1021 2291 1114 2345 νασθαε
1135 2286 1240 2346 ἐπιόντα
1257 2289 1321 2364 πρός
1342 2311 1372 2364 γε
1392 2287 1422 2346 εδ
1440 2293 1608 2368 παραχρῆμα
1623 2289 1712 2368 ῥαδίως
1725 2286 1783 2358 ἠδί-

204 2379 292 2436 hell.
305 2378 314 2452 )
326 2376 442 2446 Ζήνωνος
454 2377 638 2452 λλδαμάντιος,
648 2378 694 2436 καί
708 2383 791 2436 ταῦτα
805 2375 973 2444 κατέστησεν.
1023 2372 1226 2445 edormiuerunt
1241 2379 1305 2450 ὁμοῦ
1322 2374 1420 2440 πάντας
1434 2378 1552 2434 ἐκλιπεῖν
1565 2377 1732 2451 Ἐπίδαμνον,
1746 2373 1784 2431 καί

205 2460 239 2522 ‘0
252 2463 280 2519 δὲ
296 2461 456 2540 Βαλαμῆρου
466 2508 474 2539 ,
486 2466 512 2521 ἐν
522 2454 544 2542 ᾧ
555 2462 587 2520 τά
601 2468 646 2534 τῆς
657 2463 851 2532 Θεσσαλονίκης
861 2461 976 2538 ἐγένετο,
1022 2459 1105 2536 λέγων
1119 2460 1164 2519 καλ
1176 2462 1322 2539 ταράττων,
1334 2462 1378 2518 καλ
1389 2461 1478 2540 φήμην
1489 2463 1529 2520 ἀεὶ
1540 2464 1631 2532 καινὴν
1641 2460 1785 2540 πειρώμενος

204 2547 263 2625 περὶ
276 2547 434 2629 Ἡράκλειαν
449 2549 547 2624 ἔμενεν,
566 2548 723 2620 καλέπὶτῆν
737 2549 864 2627 ΙἨπειρον
878 2547 977 2620 πέμπει
1022 2545 1169 2621 ἐμὸάλλειν,
1196 2547 1242 2604 καί
1270 2546 1310 2604 ὅτι
1338 2549 1441 2625 βασιλεῖ
1470 2549 1665 2628 ἀπεχθήσσνται
1697 2547 1786 2623 μᾶλλον

204 2635 268 2714 πρὸς
283 2637 459 2712 Σιδιμοῦνδον,
470 2639 499 2693 ἐκ
512 2635 558 2712 μὲν
571 2639 616 2706 τῆς
628 2638 707 2707 αὐτῆς
719 2639 800 2714 φυλῆς
812 2635 841 2694 τὸ
853 2633 976 2692 ἀνέκαθεν
1024 2636 1174 2702 ἀντιστῆναι
1189 2633 1315 2706 θέλοντες,
1328 2634 1373 2692 καί
1386 2635 1450 2714 πρδς
1467 2634 1510 2692 τὸν
1528 2633 1690 2711 Βαλαμῆρου
1706 2631 1787 2695 εὐθέως

204 2723 283 2792 ὄντα,
305 2723 429 2781 δοκοῦντα
449 2721 476 2780 δὲ
490 2723 548 2780 τότε
564 2713 627 2780 ε’ίναι
643 2721 785 2798 Ῥωμαίοις
805 2721 977 2793 ὑπόσπονδον,
1022 2718 1186 2791 ἐπέστελλεν,
1202 2723 1237 2786 ὡς
1249 2721 1328 2798 τάχος
1342 2721 1500 2800 ἐπείγεσθαι.
1518 2721 1555 2782 ‘0
1570 2721 1598 2780 δὲ
1620 2722 1650 2778 τὸ
1669 2724 1712 2777 τοῦ
1725 2719 1788 2779 Σιδε·

203 2807 250 2865 καί
264 2809 290 2865 ἐν
310 2813 342 2887 τῇ
357 2811 415 2866 κατ’
432 2807 592 2882 Ἐπίδαμνον
615 2808 731 2888 Ἠπείρῳ
752 2807 840 2887 χώραν
854 2831 882 2866 τε
896 2807 977 2883 νεμά-
1024 2806 1132 2882 μούνδου
1143 2805 1251 2882 ἐπίμενε
1263 2807 1388 2884 δήλωμα,
1398 2809 1442 2866 καί
1454 2810 1500 2878 τὴν
1513 2812 1595 2866 αὑτοῦ
1606 2805 1716 2886 ἀδελφὴν
1728 2805 1788 2880 νόσῳ

204 2915 280 2968 μενον
293 2892 338 2952 καλ
350 2893 490 2968 εὐδαίμονα
503 2895 606 2972 κλῆρον,
619 2894 664 2951 καί
680 2893 753 2971 παρὰ
767 2893 893 2973 βασιλέως
904 2891 976 2971 δεχά·
1023 2893 1210 2971 κατεχομένην,
1227 2892 1253 2960 ἐξ
1271 2886 1302 2963 ῆς
1320 2893 1481 2965 ἐτελεύτησε.
1498 2892 1625 2973 heleph
1648 2891 1732 2968 μέντοι
1748 2892 1790 2956 τῆς

204 3051 263 3098 rime
279 3051 328 3100 heri
347 3053 438 3113 piscat,
451 3053 555 3113 legatum
574 3054 668 3102 mittere
686 3053 770 3102 idonea
781 3053 923 3102 auctoritate
939 3052 977 3100 ln·
1021 3054 1139 3114 regionem
1151 3055 1213 3103 circa
1222 3054 1380 3116 Epidamnum
1390 3055 1516 3115 incolebat,
1525 3053 1624 3117 quaeilli
1633 3067 1664 3102 ea
1673 3048 1792 3100 hereditate

203 3130 330 3177 structum.
348 3133 396 3179 lieo
415 3131 478 3178 enim
493 3131 515 3178 in
529 3131 579 3192 ejus
591 3134 706 3194 potestate
715 3144 778 3190 ease,
790 3131 861 3192 longo
871 3133 978 3190 tempore
1020 3131 1133 3192 opulenta
1143 3132 1288 3192 obvenerat,
1300 3134 1325 3180 et
1335 3132 1380 3180 suh
1391 3131 1537 3193 imperatore
1548 3129 1669 3192 stipendia
1685 3125 1791 3176 merobii·

204 3207 295 3254 tantam
314 3206 416 3255 nlilitum
435 3207 558 3256 turhama
578 3207 670 3257 damnis
685 3221 727 3268 pro
739 3207 834 3255 libidine
853 3206 980 3256 inferendis
1021 3209 1079 3255 Erat
1098 3207 1137 3256 hic
1155 3207 1263 3268 AEdoingi
1280 3207 1405 3269 patruelia,
1416 3207 1459 3269 qui
1471 3207 1542 3256 valde
1557 3206 1705 3256 familiariter
1714 3201 1795 3250 verina

204 3283 333 3330 continere.
347 3283 507 3338 Quamobrem
525 3284 655 3344 imperator
665 3284 731 3332 misit
741 3284 922 3343 adamantium,
936 3284 979 3332 lli-
1021 3284 1143 3342 uhhatnr,
1152 3287 1177 3332 et
1185 3297 1241 3344 eos,
1260 3285 1301 3345 qul
1310 3283 1433 3333 domestici
1443 3285 1572 3341 vocantur,
1583 3282 1689 3343 regebat,
1701 3291 1752 3340 quae
1763 3277 1795 3322 dl·

204 3357 362 3416 manitilium,
372 3360 497 3420 patricium
506 3361 530 3408 el
538 3360 595 3408 olim
603 3359 655 3408 urbi
663 3363 801 3422 preelectum
810 3395 817 3419 ,
827 3375 898 3422 quem
908 3361 979 3410 etiam
1022 3361 1097 3421 gaitae
1107 3373 1215 3420 magnam
1225 3360 1298 3409 hahet
1309 3361 1333 3408 in
1349 3359 1410 3422 regia
1422 3359 1602 3408 auctoritatem.
1615 3357 1650 3407 hd
1660 3357 1723 3405 llnnc
1733 3355 1798 3414 igilur

204 3434 319 3494 (lignitate
328 3435 445 3484 consulari
456 3434 659 3497 auximumque
669 3437 786 3497 regionem
796 3437 820 3485 in
832 3437 938 3485 Pautalia
947 3437 980 3486 illl
1021 3439 1099 3498 misit,
1117 3438 1238 3500 antiquam
1259 3439 1423 3499 cognationem
1441 3438 1466 3486 in
1479 3438 1626 3486 memoriam
1647 3433 1796 3484 revocanset

204 3512 402 3573 assignare,qua3
415 3513 514 3574 illyricae
527 3514 600 3575 partis
617 3517 653 3563 eet
664 3513 785 3576 provincia
796 3527 843 3563 non
855 3514 925 3574 longo
942 3515 980 3563 in·
1022 3527 1106 3573 orans,
1125 3517 1153 3564 ut
1166 3517 1229 3564 viam
1248 3517 1362 3578 reperiret
1382 3519 1406 3564 el
1422 3516 1543 3576 elliceret,
1560 3529 1611 3577 qua
1629 3513 1759 3576 Epidamno
1776 3510 1799 3556 el

205 3588 304 3635 tervallo
313 3587 402 3636 dishna
413 3588 444 3637 ah
456 3589 559 3648 ingressu
573 3591 689 3640 Thraciae.
703 3590 773 3647 Quod
785 3603 815 3638 eo
833 3589 932 3638 consilio
945 3591 979 3638 la·
1022 3593 1120 3654 reliquae
1131 3595 1195 3655 Epiri
1207 3594 1329 3643 dominatu
1339 3593 1464 3655 polirelur,
1475 3593 1516 3642 tabl
1529 3596 1585 3656 post
1600 3595 1638 3641 lot
1647 3602 1738 3640 errores
1745 3599 1798 3636 oon·

205 3663 295 3722 ciebat,
311 3665 346 3723 ul,
365 3663 386 3711 sl
397 3677 444 3726 qna
454 3665 645 3724 Tlieuderiohus,
655 3666 740 3715 Triarii
752 3667 826 3724 lilius,
836 3679 862 3714 se
876 3679 981 3715 commo·
1022 3668 1104 3718 sistere
1111 3673 1202 3730 posset,
1214 3673 1239 3719 el
1247 3669 1297 3718 suls
1306 3669 1376 3718 rebus
1384 3669 1473 3718 urheet
1484 3669 1608 3718 munibus
1618 3667 1727 3726 lirmatir,
1736 3674 1800 3712 mans

205 3753 262 3788 vere
277 3741 422 3802 susciperet,
439 3742 505 3789 illum
517 3742 678 3792 adversarium
688 3744 745 3792 huic
752 3743 886 3805 oppositum
896 3745 979 3806 eoiret,
1023 3757 1083 3806 quoe
1092 3747 1186 3795 tortura
1197 3746 1276 3804 daret,
1286 3745 1439 3806 exspectaret.
1452 3748 1483 3794 ur
1492 3745 1655 3794 Sidimnndus
1665 3744 1717 3792 Ιιεεο
1727 3739 1800 3789 abitio

205 3820 278 3877 atque
286 3817 372 3877 etiam,
382 3820 401 3866 si
411 3819 472 3868 aller
481 3822 549 3880 pacta
560 3820 649 3868 violare
657 3822 682 3868 et
696 3833 779 3882 paoem
791 3821 887 3869 turbare
899 3821 980 3882 vellet,
1022 3823 1122 3882 accepit,
1142 3823 1256 3870 barbarus
1269 3835 1325 3870 cum
1337 3821 1439 3870 barbaro
1450 3821 1578 3882 coniungi,
1589 3833 1666 3883 quam
1684 3831 1740 3867 cum
1757 3819 1801 3865 llo·

205 3907 281 3954 quum
289 3895 414 3944 interduoe
425 3896 552 3957 exercilus,
564 3896 714 3958 illyricumet
723 3899 866 3959 nliracium,
876 3898 981 3960 degeret,
1023 3901 1108 3961 manis,
1121 3900 1251 3949 saliusesse
1261 3900 1340 3949 duxit.
1356 3903 1440 3961 ltaque
1451 3900 1615 3961 Epidamnum
1626 3898 1708 3958 venit,
1722 3899 1746 3946 et
1757 3893 1803 3957 pri·

206 3985 261 4020 eum
282 3973 373 4020 lucilius
385 3973 519 4034 opprimere
532 3976 618 4036 posset.
639 3973 730 4032 Quodsi
748 3977 793 4024 hoc
809 3989 873 4024 anno
890 3977 981 4026 exerui·
1023 3977 1097 4025 ratim
1107 3990 1302 4038 unumquemque
1310 3977 1398 4024 civium
1408 3975 1560 4034 circumiens,
1572 3979 1693 4038 tanquam
1703 3975 1803 4035 imorum

206 4054 258 4098 tum
268 4063 337 4097 suum
349 4051 427 4112 inopia
440 4051 546 4101 laborare
555 4052 735 4102 Theodericum
745 4053 846 4114 diceret,
858 4058 981 4115 propterea
1023 4054 1093 4102 ealutl
1104 4052 1239 4114 providens,
1252 4052 1375 4101 consilium
1387 4051 1467 4112 dedit,
1481 4055 1510 4100 ul
1525 4053 1627 4112 omnia,
1640 4065 1698 4113 quea
1707 4049 1804 4112 quisque

206 4126 271 4188 quod
283 4127 375 4174 nullum
391 4140 471 4176 semen
483 4128 552 4178 terris
566 4128 705 4178 mandatum
722 4133 796 4191 auset,
817 4143 895 4191 neque
908 4131 981 4180 ullam
1024 4129 1137 4190 haberet,
1150 4131 1334 4190 exportarel,el
1347 4141 1372 4178 ee
1383 4141 1473 4190 aliaque
1484 4130 1604 4177 omniain
1619 4129 1720 4187 insulas,
1732 4124 1805 4174 autin

206 4217 272 4265 spem
288 4205 493 4266 percipiendorum
507 4208 532 4254 ln
545 4207 652 4255 Pautalia
666 4208 787 4256 fructuum
799 4207 905 4267 haberet,
917 4207 983 4258 dedit
1022 4207 1128 4269 aliquam
1144 4207 1215 4256 aliam
1238 4207 1322 4256 urbem
1343 4207 1461 4256 conterret
1480 4225 1486 4256 ι
1504 4206 1640 4255 barbarum
1658 4205 1723 4254 enim
1737 4213 1805 4264 quani

206 4282 347 4331 adamantio
360 4283 516 4344 proficiscenti
525 4284 639 4334 ducentas
650 4287 701 4335 auri
715 4287 795 4346 libras,
807 4286 980 4348 quaejussilre·
1024 4287 1127 4347 primurn
1146 4285 1303 4347 Epidamnum
1324 4285 1483 4334 invasurum:
1502 4285 1537 4333 sic
1556 4285 1626 4334 enim
1641 4285 1806 4346 imperatorem

207 4360 475 4422 gionisilliuepraeleoto
486 4363 706 4423 tradere,uteasa‹l
716 4365 882 4414 convehendae
894 4366 982 4414 inl’au·
1023 4363 1169 4421 decrevisse,
1189 4363 1230 4423 qui
1244 4361 1274 4410 ad
1295 4375 1347 4410 enni
1370 4373 1421 4409 rem
1433 4361 1617 4422 exsequendam
1637 4360 1806 4411 Adamantium

207 4439 289 4486 taliam
297 4443 458 4498 commeatus,
466 4440 558 4501 quiillis
567 4441 657 4490 alendis
666 4443 722 4492 satis
731 4445 819 4503 essent,
828 4444 981 4504 impenderet
1024 4439 1122 4489 miserit·
1155 4441 1239 4499 ltaque
1249 4437 1333 4486 melius
1342 4449 1392 4486 me
1399 4437 1540 4498 petillium,
1550 4436 1615 4486 dum
1625 4435 1736 4486 nondum
1744 4433 1808 4484 1θῦ-

208 4517 289 4570 Qurrm
296 4515 801 4581 legatusadhncessetliyzanlil,milites,qni
807 4520 982 4570 Thessalonicae
1023 4519 1072 4576 set,
1083 4516 1155 4565 rebus
1164 4514 1212 4563 sais
1224 4514 1364 4576 prospicere.
1375 4515 1450 4563 lirant
1458 4525 1556 4574 quoque
1566 4513 1593 4562 in
1605 4525 1635 4562 ea
1645 4513 1707 4562 urbe
1716 4513 1741 4560 in
1752 4522 1809 4572 pr&

207 4591 232 4638 ln
242 4592 355 4652 praeshliia
366 4595 442 4651 erant,
456 4595 572 4643 loannem
583 4596 792 4658 praefectumque
805 4596 895 4656 exiret,
904 4596 982 4644 obaer-
1023 4593 1089 4642 eidiis
1102 4593 1205 4641 militum
1214 4591 1262 4640 dno
1271 4591 1354 4652 millia,
1365 4589 1406 4652 qui
1415 4589 1509 4640 bmhari
1521 4589 1633 4652 primum
1644 4591 1763 4651 impetum
1775 4599 1809 4635 ro

208 4671 291 4715 rantes
301 4667 385 4729 gladiis
396 4670 496 4729 aggressi
509 4672 573 4718 eunt.
589 4671 649 4719 lluic
667 4673 762 4732 negotio
781 4672 854 4720 linem
870 4672 983 4734 imposuit
1023 4671 1112 4732 pellere
1121 4669 1258 4731 potuissent.
1272 4667 1416 4729 llisquoque
1427 4667 1529 4716 multum
1538 4664 1648 4715 dicendo
1662 4669 1687 4715 et
1696 4668 1810 4716 terrorem

208 4743 402 4794 Adamantiusex
420 4747 558 4807 prescripto
571 4747 705 4796 Zenonlset
724 4747 775 4796 hrec
797 4749 899 4810 pacavit.
919 4753 982 4798 Dum
1024 4745 1149 4806 inliciendo
1159 4749 1183 4794 et
1192 4743 1298 4806 quotidie
1312 4756 1386 4793 novoe
1396 4755 1504 4792 rumores
1521 4743 1664 4804 spargendo
1684 4741 1809 4804 pererrasil,

209 4820 262 4868 lroec
287 4820 459 4870 Tlressalonlcae
484 4821 634 4883 gerebantur,
658 4823 848 4884 Theoderichus,
868 4826 983 4875 valamiri
1024 4824 1139 4872 nlurbem
1148 4822 1305 4884 Epidamnum
1312 4821 1428 4870 desertam
1436 4821 1611 4882 relinquerat.
1646 4819 1809 4877 Aiebatenirn,

209 4897 289 4957 lilius,
301 4897 363 4946 circa
384 4898 522 4947 lleraclearn
538 4901 706 4961 commoratur,
721 4901 745 4950 in
763 4903 861 4964 Epirum
878 4902 908 4950 ad
920 4901 983 4951 sidi·
1024 4913 1078 4960 eos,
1091 4899 1228 4948 sireeislere
1238 4897 1362 4955 auderent,
1383 4895 1457 4958 inagis
1472 4895 1812 4957 imperatorisroluntatiad·

209 4973 326 5021 mundum
338 4972 420 5021 mittit.
432 4977 463 5032 le,
476 4988 506 5023 en
517 4975 601 5024 eodem
617 4989 702 5037 genere
720 4979 745 5026 el
756 4977 886 5038 majoribus
904 4980 984 5037 ortus,
1024 4979 1167 5026 vereaturoe.
1199 4977 1256 5024 llox
1267 4987 1315 5036 quo
1327 4975 1427 5024 colerlm
1435 4973 1621 5024 Theodericiana
1630 4974 1770 5033 accederet,
1783 4971 1811 5020 ad

209 5050 267 5099 turm
278 5049 390 5111 temporis
400 5051 540 5100 credebatur
550 5055 709 5102 homanorum
719 5055 810 5103 amicus
818 5065 877 5103 ease.
891 5055 982 5102 Etenim
1024 5065 1080 5103 eum
1099 5052 1181 5107 miella
1199 5051 1220 5101 ia
1236 5051 1300 5100 circa
1316 5049 1454 5102 Heracleam
1472 5049 1629 5113 comederat,
1650 5053 1678 5101 et
1696 5050 1756 5113 quid
1769 5049 1813 5100 sihi
