3842 5726
786 393 1032 456 FRAGMENTA.
1665 411 1700 461 di

146 543 180 582 ιι,
194 519 262 582 Ὅτι
275 517 400 599 Ὁνώριος
412 521 522 601 ὓδερικῷ
533 522 661 599 νοσήματι
682 521 777 600 ἁλοὺς,
792 524 843 604 πρὸ
858 523 884 594 ἒξ
930 523 1004 604 γνούς
1025 525 1168 586 καὶπολλὰ
1190 532 1235 599 τῆς
1254 527 1416 600 δικαιοσύνης
1435 532 1634 610 εὐχαριστήσας,
1657 535 1702 592 σὺν

108 611 242 668 καλανδῶν
254 607 445 687 Σεπτεμόρίων
457 609 574 686 τελευτᾷ·
588 608 633 666 καὶ
644 609 792 686 πίμπονται
802 611 884 691 γράμ-
929 623 1001 694 χαρᾷ
1011 611 1100 693 ἀπήιε.

107 721 177 772 ματα
199 696 266 776 πρὸς
297 695 345 769 τήν
377 694 518 768 ἀνατολὴν,
544 696 588 755 τὸν
617 696 745 772 βασιλέως
774 697 883 758 θάνατον
968 718 1005 758 ιθ.
1018 699 1082 762 Ὅτι
1096 701 1203 770 ἕκαστος
1218 706 1268 762 τῶν
1283 703 1404 784 μεγάλων
1423 705 1500 766 οἴκων
1516 711 1562 778 τῆς
1580 706 1702 784 Ῥώμης,

105 785 247 860 μηνύοντα.
267 784 315 846 Ἐν
333 775 355 864 ᾧ
379 782 503 842 δὲταῦτα
521 782 682 860 ίπέμποντο,
702 783 824 856 Ἰωάννης
846 809 884 853 τις
928 783 964 854 ὥς
977 810 1065 868 φησιν,
1087 787 1191 848 ἅπαντα
1206 781 1275 869 εἶχεν
1288 793 1315 848 ἐν
1337 795 1422 872 ἐαυτῷ
1434 794 1519 853 ὁπόσα
1540 797 1613 862 πολις
1635 796 1703 873 σύμ·

107 871 267 942 ιιύθεντήσας
277 877 414 951 τυραννεῖ·
429 873 469 946 ἀφ’
481 861 510 928 οδ
522 869 625 941 καὶτῆς
637 869 803 949 ἀναρρήσεως
815 895 882 946 γενο-
929 897 1020 955 μετρος
1029 875 1141 947 ἠδύνατο
1151 877 1232 956 ἔχειν,
1243 879 1404 959 ἱππόδρομον
1413 881 1459 939 καὶ
1472 881 1562 962 φόρους
1576 884 1620 942 καὶ
1630 886 1704 952 ναοὺς

104 959 191 1034 μένης,
203 957 305 1040 ἐρρήθη
317 957 406 1037 ὥσπερ
418 957 471 1016 ἀπό
483 981 550 1026 τινος
560 957 727 1039 προρρήσεως
738 959 883 1038 προαχθέν·
928 961 973 1020 καί
986 960 1073 1040 πηγδις
1086 963 1132 1022 καλ
1145 964 1240 1046 λουτρά
1259 967 1377 1047 διάρορα.
1393 967 1440 1028 Διὸ
1452 968 1496 1028 καὶ
1516 974 1529 1028 δ
1544 972 1704 1052 συγγραφεὺς

103 1073 114 1098 ι
127 1047 235 1120 πίπτει,
250 1050 281 1106 οὐ
293 1045 400 1117 στήκει·
415 1073 428 1100 a
443 1044 530 1106 καὶτὸ
543 1047 639 1118 πλῆθος
656 1043 745 1125 ὥσπερ
760 1046 883 1106 ἀναλύοι·
929 1047 1120 1130 ἀπεφθέγξατο·

102 1135 245 1202 τεςίιιὶτδ
281 1135 343 1206 ηθὲν
361 1137 409 1192 ἀνα
451 1138 565 1193 saiw·
584 1133 733 1206 στήκει,οθ
752 1132 881 1194 πίπτειν
1022 1196 1030 1206 ¹
1255 1196 1262 1209 γ
1297 1185 1304 1198 ,
1477 1187 1484 1202 ,
1543 1189 1550 1206 ,

138 1243 174 1283 η
187 1219 258 1284 '011
265 1139 511 1302 ίΒωηῩᾶτιξωᾶνὴρ
523 1211 553 1292 ἦν
564 1220 675 1299 *lpum
685 1221 730 1279 καὶ
742 1221 812 1279 κατὰ
822 1222 883 1280 πολ.
990 1180 1031 1236 Et,
1040 1180 1109 1244 δόμος
1118 1181 1177 1231 ἄστυ
1186 1183 1249 1232 etsist
1274 1185 1420 1240 retenderunt
1432 1203 1501 1250 μυρισ
1511 1191 1595 1238 κευθει.

101 1307 150 1364 λάν
167 1307 300 1372 πολλάκις
323 1305 463 1387 βαρόάρων
477 1307 640 1388 ἠρίστευσεν,
655 1307 749 1365 ἀλλοτε
768 1306 816 1384 μὲν
837 1307 883 1366 σὺν
928 1291 1016 1362 Ἦσαν
1027 1301 1054 1361 δέ
1063 1301 1108 1362 καὶ
1120 1303 1216 1383 λουτρά
1225 1306 1339 1382 δημόσια
1347 1309 1515 1386 παμμεγέθη.
1530 1315 1564 1371 Αἱ
1576 1313 1703 1374 titire.»-

100 1395 193 1470 ὀλίγοις
206 1395 395 1473 ἐπερχόμενος,
407 1394 501 1452 ἄλλοτε
512 1393 538 1452 δὲ
549 1393 593 1451 καὶ
604 1391 649 1451 σὺν
665 1389 789 1465 πλείοσιν,
803 1394 882 1454 ἐνίοτε
928 1389 1037 1448 νινιαναὶ
1046 1388 1113 1448 οὕτω
1121 1391 1279 1468 καλούμεναι
1292 1395 1327 1460 είς
1335 1393 1425 1472 χρείαν
1439 1399 1642 1476 τῶνλουομένων
1652 1425 1703 1461 κα-

101 1481 125 1540 δί
147 1481 193 1540 καὶ
215 1483 390 1560 μονομαχῶν·
415 1481 460 1540 καί
478 1480 568 1546 ἁπλῶς
585 1481 678 1556 εἰπεῖν,
698 1479 777 1538 παντὶ
795 1481 883 1562 τρόπῳ
929 1475 1019 1555 θέδρας
1035 1469 1104 1555 εἶχον
1119 1479 1313 1558 παρακειμένας
1329 1483 1415 1560 χιλίας
1427 1482 1576 1558 ἑξακοσίας,
1594 1491 1622 1546 ἐκ
1636 1514 1702 1568 μαρ-

100 1572 202 1628 emino
218 1567 364 1660 βαμὸἀρων
378 1569 423 1627 καὶ
444 1567 575 1648 διαρόρων
587 1571 665 1626 ἐθνῶν
686 1568 822 1639 ἀπήλλαξε
836 1567 881 1640 τὴν
929 1563 1013 1641 μόρου
1033 1564 1276 1641 κατεσκευασμένας
1296 1565 1401 1634 ξεστοῦ·
1422 1573 1451 1628 αἱ
1470 1570 1497 1629 δὲ
1517 1576 1703 1644 Διοκλητιανσὶ

103 1656 237 1736 λμραήν.
257 1660 308 1716 Ἠν
319 1655 346 1714 δέ
359 1654 404 1714 καὶ
416 1653 581 1726 δικαιοσύνης
592 1655 715 1733 ἐραστής,
727 1655 772 1714 καὶ
781 1655 883 1734 χρημά-
929 1649 1004 1728 ἔγγὺς
1018 1652 1176 1716 διπλασίους.
1195 1652 1235 1714 Τὸ
1255 1653 1282 1712 δὲ
1294 1663 1378 1733 τεῖχος
1396 1660 1442 1727 τῆς
1456 1657 1563 1736 Ῥώμης
1578 1663 1702 1739 μετρηθὲν

101 1767 148 1802 των
174 1742 318 1823 κρείττων.
334 1743 474 1822 Ἐπριίχθη
500 1741 527 1800 δὲ
549 1745 619 1822 αὐτῷ
640 1742 685 1800 καί
707 1765 732 1800 τι
756 1748 880 1803 τοιοῦτον.
929 1737 1001 1817 παρὰ
1018 1736 1156 1814 Ἄμμωνος
1169 1743 1215 1798 τυῧ
1227 1740 1376 1820 γεωμέτρου
1391 1745 1451 1800 καθ’
1464 1742 1491 1802 δν
1508 1745 1599 1824 καιρὸν
1611 1749 1702 1806 Γότθοι

101 1831 175 1910 Ἀνήρ
190 1855 232 1897 τις
246 1831 368 1910 ἄγροικος
373 1877 382 1902 ,
395 1829 463 1910 ἔχων
479 1831 604 1888 ἀνθοῦσαν
618 1838 728 1906 γυναῖκα
739 1829 787 1899 τήν
801 1829 881 1910 ὥραν,
928 1821 974 1894 τήν
986 1825 1114 1904 προτέραν
1128 1826 1187 1885 κατ’
1200 1829 1278 1899 αὐτῆς
1291 1829 1433 1906 ἐπιδρομήν
1444 1832 1611 1906 ἐποιήσαντο,
1622 1833 1702 1894 εἴκοσι

101 1919 228 1986 ήςόῃης
243 1923 297 1978 τῶν
313 1917 460 1996 συμμάχων
470 1915 609 1997 βαρὸιίρων
622 1916 785 1996 ἐμοιχεύετο·
800 1918 882 1976 δεῖται
928 1913 973 1970 καὶ
987 1913 1042 1979 ἑνὸς
1053 1913 1139 1990 μιλίσυ
1152 1913 1284 1990 διάστημα
1300 1915 1360 1995 ἔχον
1373 1917 1523 1998 ἀπεδείχθη.

99 2009 234 2084 τοιγαροῦν
251 2005 431 2086 Βονηρατίου,
444 2003 491 2076 τήν
504 2003 578 2084 ίίόριν
593 2004 788 2085 ὀλοφυρόμενος.
804 2003 839 2064 Ὁ
855 2003 883 2062 δὲ
970 1998 1080 2063 ιι.”οτι
1090 2001 1182 2062 πολλοί
1191 1993 1256 2062 οἶκοι
1264 2004 1404 2080 Ῥωμαίων
1412 2007 1615 2086 προσόδουςκατ’
1624 2013 1704 2070 lucau·

100 2093 262 2172 Rampiana
270 2091 362 2169 μαθών
372 2095 401 2150 τὸ
412 2091 543 2168 διάστημα
557 2097 602 2150 τοῦ
614 2093 697 2151 τόπου
705 2090 788 2150 καὶτὸ
799 2089 882 2167 όνομα
928 2085 972 2145 τόν
983 2087 1101 2168 ἐδέχοντο
1113 2089 1165 2146 ἀπὸ
1176 2093 1227 2147 τών
1248 2091 1390 2168 κτημάτων
1409 2096 1493 2152 αὐτῶν
1508 2093 1557 2154 iri
1575 2099 1702 2176 τεσσαρά·

100 2185 141 2237 τοῦ
156 2183 240 2258 ἀγροῦ
263 2182 291 2238 ἐν
314 2170 384 2259 ᾧτδ
398 2183 444 2250 τῆς
456 2177 572 2258 μοιχείας
591 2179 747 2258 ἐπράττετο,
767 2177 811 2236 τὸν
833 2178 880 2250 μίν
929 2197 1007 2232 κοντα
1027 2181 1124 2254 χρυσοῦ
1148 2178 1319 2256 κεντηνάρια,
1341 2178 1421 2257 χωρὶς
1438 2186 1483 2238 τοῦ
1505 2182 1576 2242 σίτου
1596 2184 1703 2243 καὶτοῦ

100 2267 183 2336 ἱκέτην
194 2266 264 2332 τέως
277 2265 432 2342 ἀπόπεμπε,
443 2265 590 2344 προστάξας
599 2267 723 2342 πάλινιη
739 2264 796 2336 ἑξῆς
809 2265 880 2343 αὐτῷ
928 2260 997 2322 οίνου
1012 2263 1057 2321 καὶ
1070 2267 1121 2322 τῶν
1133 2263 1219 2322 ἄλλοιν
1230 2265 1353 2324 ἁπάντων
1363 2267 1447 2339 εἰδῶν,
1458 2267 1475 2326 δ
1486 2271 1521 2336 εἷς
1534 2269 1619 2349 τρίτον
1630 2272 1702 2329 συνέ-

100 2355 264 2430 τροσιλθεῑν·
286 2353 363 2432 ὀψίας
385 2352 412 2412 δέ
435 2351 521 2412 λαθών
544 2352 662 2418 ἅπαντας
669 2395 677 2424 ,
701 2351 747 2410 καλ
771 2351 814 2410 ἐπὶ
836 2349 880 2410 τὸν
928 2371 1020 2426 τεινεν,
1030 2351 1052 2408 εἰ
1064 2349 1247 2430 ἐπιπράσκετο,
1261 2357 1306 2412 τοῦ
1319 2353 1501 2433 εἰσφερομένου
1510 2357 1630 2436 χρυσίου.
1641 2360 1701 2418 Τῶν

102 2443 176 2520 ἀγρὸν
189 2443 307 2511 ἐλάσας,
321 2440 501 2517 ἑόδομήκοντα
514 2439 677 2518 διιστάμενον
692 2439 821 2514 σταδίοις,
836 2439 880 2498 καί
929 2437 956 2496 δὲ
976 2437 1043 2514 μετά
1064 2436 1123 2505 τοὺς
1144 2438 1262 2518 πρώτους
1285 2439 1410 2522 δευτέρων
1433 2442 1510 2502 οίκων
1531 2449 1576 2514 τῆς
1597 2445 1704 2522 Ῥώμης

100 2529 178 2604 είρών
199 2527 248 2586 τόν
262 2527 400 2606 βάρόαρον
414 2531 447 2605 τῇ
467 2529 640 2606 μοιχευομένη
660 2526 881 2602 συγκαθεύδοντα,
929 2525 1116 2584 πεντεκαίδεκα
1135 2529 1181 2586 καί
1201 2527 1264 2586 δίκα
1287 2531 1461 2610 κεντηναρίων
1482 2537 1499 2601 ἡ
1518 2533 1643 2610 πρόσοδος
1661 2527 1702 2606 ήν.

100 2617 184 2690 τέμνει
198 2637 229 2674 τε
242 2617 326 2673 αὐτοῦ
336 2613 384 2686 τήν
398 2615 514 2694 κεφαλήν
532 2613 577 2674 καὶ
591 2616 624 2673 δι’
636 2615 715 2684 αὐτῆς
727 2613 881 2694 ὑποστρέφει
930 2612 983 2674 Καὶ
1003 2613 1042 2671 ότι
1061 2613 1164 2695 apide<
1181 2619 1269 2681 ὀπαῖς
1287 2615 1436 2694 Ὀλυμπίου
1455 2617 1609 2700 (Ὀλυόρίσυ
1626 2625 1701 2696 conj.

101 2707 196 2769 νυκτός.
222 2702 402 2780 Προσελθόντι
425 2700 453 2758 δὲ
465 2699 533 2759 κατά
550 2699 580 2758 τὸ
593 2699 751 2782 πρόσταγμα
775 2702 811 2767 είς
832 2701 880 2772 τήν
928 2704 1040 2759 netues.
1057 2715 1086 2759 et
1107 2700 1218 2780 Nieb.)‚
1242 2701 1349 2770 τελέσας
1364 2703 1411 2776 τήν
1426 2705 1524 2764 οἰκείαν
1542 2713 1703 2787 πραιτοῦραν

102 2789 184 2868 τόμιον
194 2793 235 2870 τῷ
248 2787 325 2868 ἀνδρὶ
336 2787 470 2846 έπιδίδωσι
484 2793 530 2846 τοῦ
545 2787 679 2866 βαρόάρου
691 2785 738 2859 τήν
752 2788 878 2869 κεφαλὴν,
929 2787 996 2846 κατὰ
1010 2786 1053 2846 τόν
1066 2787 1155 2868 καιρόν
1169 2793 1215 2860 τῆς
1223 2789 1345 2850 Ἰωάννου
1356 2791 1516 2872 τυραννίδος,
1529 2792 1629 2852 δώδεκα
1641 2819 1701 2854 κεν-

102 2875 336 2953 διαπυνθανόμενος
351 2877 374 2932 εί
386 2871 552 2951 ἱπιγινώσκοι
567 2875 659 2945 αὐτήν.
673 2874 708 2936 Ὁ
720 2875 748 2934 δέ
763 2883 816 2943 τοῖς
828 2899 880 2932 πει-
928 2871 1040 2956 ιηνάρια
1052 2882 1150 2956 χρυσοῦ
1160 2876 1289 2948 ἀνήλωσε.
1307 2879 1454 2958 Σύμμαχος
1467 2881 1493 2939 δέ
1508 2885 1522 2939 ό
1536 2883 1703 2963 λογογράφος,

103 2969 182 3042 ροῖσιν
196 2965 256 3041 {pc
270 2963 451 3040 καταπλαγείς
462 2963 506 3021 καλ
519 2961 706 3042 ἀμηχανήσας,
721 2961 811 3022 ίπειτα
826 2965 880 3022 ἐπι·
928 2963 1099 3040 συγκλητικὸς
1112 2963 1148 3022 ὢν
1159 2967 1211 3022 τῶν
1223 2964 1345 3042 μετρίων,
1354 2965 1414 3046 πρὶν
1424 2967 1439 3038 ἢ
1450 2965 1498 3040 τήν
1510 2965 1621 3046 Ῥώμην
1633 2970 1702 3028 ἀλῶ·

100 3159 173 3218 ieate,
184 3172 244 3208 cnm
257 3157 342 3207 iniretis
357 3157 481 3219 ablegatur
495 3158 570 3219 (iti).
584 3158 653 3206 Solus
668 3157 803 3208 Boniincius
812 3157 882 3206 idem
930 3156 1019 3218 iectus,
1030 3157 1168 3219 deprehensi
1177 3171 1233 3206 curn
1243 3159 1337 3208 mancha
1355 3159 1451 3209 barbari
1470 3165 1543 3223 ceput
1561 3165 1704 3225 amputarit,

101 3237 133 3284 itti
148 3249 262 3293 mana,
275 3247 355 3296 quum
374 3247 406 3283 ex
417 3233 508 3294 suisa,
520 3233 559 3282 eui
576 3235 686 3295 praeerat,
701 3233 841 3295 pecuniam,
856 3235 883 3281 ui
928 3233 1060 3295 eademque
1073 3233 1172 3282 domurn
1184 3237 1254 3284 noete
1263 3237 1368 3284 revertit.
1385 3236 1502 3286 Redeunti
1517 3233 1586 3298 dein,
1598 3243 1626 3288 ut
1637 3254 1706 3290 mnn-

102 3318 204 3374 potent.
216 3313 389 3374 submittebat,
404 3315 457 3362 turn
469 3311 500 3361 ad
512 3311 558 3360 alia
567 3313 589 3361 ei
597 3313 711 3374 obsequia
723 3315 810 3374 presto
823 3315 881 3361 erat.
927 3312 1013 3362 datum
1025 3312 1111 3371 iuerat,
1121 3312 1235 3372 postridie
1245 3311 1346 3374 marito,
1357 3313 1533 3377 barbaricapnt
1544 3317 1640 3377 obtulit,
1651 3331 1703 3380 per·

102 3393 146 3447 tici
156 3395 209 3452 posi
217 3391 304 3451 etum,
315 3395 343 3440 ot
354 3390 384 3439 sd
395 3391 521 3452 imperium
533 3391 586 3440 inec
594 3389 691 3450 rediret,
703 3389 761 3438 uitrii
773 3403 819 3438 nou
829 3389 885 3438 iecit
928 3391 1056 3440 cosmatus
1066 3401 1097 3438 nn
1109 3389 1221 3438 υονίειει.
1238 3389 1280 3440 iiie
1288 3427 1295 3452 ‚
1303 3391 1439 3451 speetscum
1450 3404 1589 3453 percussus,
1602 3397 1627 3444 et
1638 3398 1705 3457 quasi

102 3469 210 3530 tutisque
928 3479 1000 3516 seusu
1013 3469 1105 3525 motuis,
1116 3479 1181 3526 mox,
1192 3467 1235 3516 ubi
1244 3468 1351 3528 agnovit,
1363 3467 1446 3518 multis
1452 3467 1553 3528 iustitiae
1564 3483 1636 3521 causa
1646 3475 1706 3523 actis

132 3547 376 3607 it.itouoriosaqum
384 3545 510 3594 intercutis
519 3543 603 3594 morbo
612 3544 812 3606 correptus,ante
820 3543 883 3592 diem
928 3543 1025 3606 gratiis,
1038 3543 1137 3594 domum
1146 3545 1218 3595 laetus
1227 3545 1305 3596 rediit.

103 3631 195 3674 natura
205 3623 323 3674 iaindas
339 3623 486 3686 septemmia
498 3623 560 3684 (un.
575 3624 638 3681 ins)
655 3622 730 3670 sitnm
744 3621 813 3681 iiuiit,
825 3619 883 3669 mie·
958 3623 998 3671 tt.
1017 3621 1141 3683 Emapuia
1158 3624 1272 3672 Romanoa
1288 3621 1356 3672 urbia
1371 3621 1496 3686 domibus,
1511 3629 1540 3675 ut
1555 3626 1595 3676 irie
1616 3628 1703 3688 reiert,

103 3705 214 3764 nqueia
224 3703 350 3752 orientem
357 3697 443 3752 litterae
449 3699 549 3762 Augusti
559 3701 661 3748 mortem
669 3699 812 3748 nuntiantes.
824 3700 884 3754 Qum
928 3699 1009 3748 omnia
1022 3699 1085 3748 iutra
1096 3711 1122 3748 se
1132 3711 1284 3761 unaquaeque
1297 3699 1390 3759 habuit,
1406 3713 1569 3764 pomumque
1579 3703 1706 3755 mediocris

102 3779 160 3828 dana
168 3779 232 3828 uitro
240 3781 351 3840 citroque
360 3779 498 3838 mittuntur,
508 3780 612 3828 ioannes
621 3774 720 3838 quidam
732 3774 883 3834 tyrannidem
928 3775 1000 3824 etiam
1012 3775 1071 3826 urba
1085 3776 1171 3826 habere
1188 3776 1275 3838 potuit,
1292 3776 1490 3840 hippodromum,
1508 3779 1573 3838 iore,
1591 3779 1705 3843 delubra,

102 3857 237 3918 occuparit
256 3858 292 3904 De
312 3868 361 3915 qno
375 3853 400 3902 iu
420 3853 470 3916 ipsa
485 3853 536 3914 eius
558 3851 753 3914 inauguratione,
770 3851 883 3910 teneuram
929 3851 1019 3914 ioutm,
1029 3853 1095 3902 veria
1105 3852 1196 3902 balnea
1209 3853 1304 3904 ilincei
1315 3854 1605 3916 scriptorsicexciamat:

102 3933 183 3994 εδηινο
192 3933 281 3982 tuturre
292 3931 327 3980 rei
336 3930 452 3991 oraculo,
463 3929 554 3990 iactum
563 3931 599 3978 ast
611 3947 639 3976 :a
650 3926 730 3989 cadit,
740 3939 789 3975 non
798 3929 858 3976 state
870 3947 882 3970 υ

103 4009 169 4071 quood
185 4011 270 4072 retgas
286 4007 380 4058 dictum
399 4007 520 4056 investem
537 4005 691 4056 exclamabat
708 4019 714 4052 ι
730 4023 742 4046 ι
756 4006 822 4065 Stat,
835 4017 882 4054 non

103 4087 175 4136 tane
189 4107 201 4130 ι
928 4081 975 4132 Sed
983 4083 1008 4130 et
1023 4082 1117 4131 iaraera
1130 4081 1224 4144 pubiica
1237 4080 1326 4142 ingenti
1338 4091 1435 4142 prorsus
1446 4079 1512 4129 inere
1528 4080 1705 4142 magnitudine,

134 4169 175 4213 ια.
190 4164 329 4214 Βσαιιεοῑιιι
340 4161 377 4209 rir
391 4162 443 4211 erat
455 4159 577 4219 heroicos,
598 4160 639 4222 qrri
655 4171 712 4210 eum
730 4159 812 4208 uiuitis
821 4170 884 4218 sepe
928 4161 1049 4224 equibus,
1058 4173 1114 4224 quae
1124 4159 1291 4211 Antoniniana
1300 4158 1455 4208 nominentur
1465 4158 1588 4218 Therme,
1600 4156 1630 4206 ad
1639 4171 1705 4207 eenr-

106 4241 215 4300 gestins
225 4238 336 4288 herberie
344 4241 440 4287 strenue
449 4237 573 4298 pugnavit,
584 4237 665 4298 paucis
677 4235 798 4284 interdurn
809 4233 884 4295 copiis
928 4241 1060 4291 modiorem
1073 4241 1204 4290 lavantium
1214 4251 1284 4288 usum
1299 4237 1364 4286 mitte
1375 4239 1487 4286 sexcenta
1500 4236 1634 4285 habuerunt
1646 4236 1706 4286 sedi·

106 4317 233 4377 ῠέέιθέῑίῑ.
250 4313 883 4378 hwdttfflttlufibssss¹¹⁰¹¹ssuntt1¹³flliemi⁵ingss·
929 4319 1001 4378 lin,e
1022 4331 1141 4368 marmore
1160 4317 1236 4378 potito
1254 4315 1382 4374 febriente,
1401 4315 1552 4364 Diocletiano
1564 4315 1639 4378 dupio
1657 4317 1706 4366 iere

107 4395 147 4444 iaci
157 4395 289 4444 eamne
300 4411 306 4442 =
316 4397 385 4454 dmi
395 4392 561 4449 termidum,
574 4391 689 4440 barbam
697 4389 787 4438 multati
796 4389 883 4437 varii&
929 4396 1006 4458 plura.
1018 4399 1132 4445 Romanae
1146 4407 1204 4444 νει-ο
1218 4394 1283 4444 urbis
1294 4393 1382 4443 maenia
1395 4406 1426 4442 en
1442 4391 1567 4443 Ammonis
1579 4397 1706 4454 geometren

106 4489 152 4537 qne
164 4473 336 4538 geutesnirica
354 4473 455 4534 expulit.
488 4471 554 4520 tdem
563 4469 661 4532 justitiae
670 4469 709 4517 aei
721 4467 827 4530 inprimis
835 4471 884 4516 stu·
928 4471 1090 4532 dimensione,
1109 4485 1158 4533 quo
1174 4473 1283 4533 tompore
1301 4470 1372 4520 Gothi
1395 4469 1461 4519 iiiam
1479 4469 1558 4532 priore
1571 4468 1706 4522 incursione

108 4553 187 4600 diosus
198 4553 224 4600 ei
235 4551 358 4599 mouens
366 4561 395 4598 ac
410 4549 564 4611 munierum
574 4547 725 4608 contempior
737 4545 791 4594 θθῑ.
805 4550 823 4593 Α
835 4557 884 4606 (11¹0
928 4551 1079 4608 infestarunt,
1087 4549 1169 4609 viginti
1182 4550 1207 4597 et
1219 4547 1290 4597 unius
1301 4547 1400 4597 miliaria
1406 4547 1541 4609 spatiumin
1551 4549 1652 4598 circuitu
1661 4550 1704 4596 Ιιε-

107 4633 178 4680 mnan
199 4629 339 4691 hnirrsartodi
361 4627 491 4689 aliquando
512 4627 635 4687 patratum
658 4624 755 4674 facinus.
775 4623 885 4674 Rusticus
932 4627 988 4678 bere
999 4625 1198 4686 compertasnnt.

107 4711 200 4770 qudam
213 4708 335 4772 prutauti
348 4707 425 4756 iorma
437 4717 539 4755 uxorem
551 4717 619 4755 suam
632 4717 687 4753 cunr
706 4702 807 4752 barbam
822 4715 884 4764 qno·
959 4707 998 4752 tt.
1012 4703 1101 4752 Multas
1112 4705 1193 4750 Remea
1209 4699 1310 4749 inmitias
1320 4712 1413 4750 annuos
1426 4699 1515 4750 reditus
1526 4713 1540 4750 e
1556 4701 1624 4750 bonis
1635 4712 1704 4750 acce·

108 4787 183 4837 thone
201 4784 371 4835 confoederatis
380 4783 456 4834 miiite
470 4795 625 4832 consuessem
643 4780 755 4842 cognorit
766 4798 772 4826 ε
792 4781 884 4840 rogarit
928 4783 989 4845 pisse
997 4781 1151 4845 quadraginin
1160 4780 1253 4829 circiter
1260 4780 1312 4829 ouri
1321 4780 1476 4840 centenarios,
1484 4779 1574 4842 absque
1585 4780 1704 4829 frumento

982 3947 1020 4012 nsi
1029 3967 1084 4010 orbs
1092 3977 1138 4011 una
1147 3965 1227 4011 donnus
1237 3981 1243 4008 ι
1258 3966 1318 4011 rutile
1328 3967 1409 4022 oppida
1416 3967 1519 4013 eontinet
1530 3979 1575 4014 una
1582 3970 1642 4016 urba.

110 4865 186 4926 itaque
206 4861 373 4922 Βσαίῐεάιιω,
390 4859 494 4910 dedecus
513 4858 572 4909 iilud
593 4858 689 4908 intuitirc
706 4857 844 4918 demorans,
856 4859 884 4904 ut
927 4859 1017 4909 etrino
1027 4858 1126 4918 aliisque
1136 4856 1339 4918 speciebus,que
1348 4857 1442 4906 tertiam
1453 4855 1640 4918 oequnbanteuri
1648 4869 1704 4919 per-

110 4957 176 5004 oprua
187 4945 268 4992 terret.
276 4941 336 5000 lile,
345 4939 442 5002 cognito
453 4939 500 4988 lori
510 4937 634 4988 iuterraiio
641 4939 665 4987 et
676 4935 725 4998 agri
736 4935 832 4984 nomine
843 4935 884 4983 ubi
928 4935 1014 4996 tem,si
1023 4934 1192 4984 venderentur.
1203 4932 1296 4983 Alteras
1306 4945 1364 4982 vero
1373 4936 1428 4996 post
1439 4932 1570 4982 hasdeeem
1582 4935 1624 4984 aut
1633 4935 1704 4995 quin·

111 5022 248 5070 adniteriunr
266 5021 410 5084 patraretur,
422 5018 546 5068 homiuem
561 5019 615 5066 tum
633 5015 730 5078 quidem
744 5014 842 5074 dimisit,
859 5013 884 5062 in
928 5015 1006 5064 decim
1025 5012 1174 5063 centenarios
1193 5013 1217 5060 iu
1234 5024 1306 5061 censu
1326 5009 1444 5060 natones
1465 5011 1586 5070 Probum,
1601 5010 1704 5072 Olympii

112 5095 574 5160 pnstcrumdiernadaeredtrejirssum.
606 5097 684 5145 Noctu
697 5091 885 5154 autem,inseiis
929 5092 965 5152 (l.
979 5089 1093 5152 Olybrii)
1107 5088 1198 5149 titium,
1216 5089 1239 5136 in
1264 5090 1382 5150 pretura,
1402 5098 1477 5148 quam
1495 5086 1593 5136 ioannis
1611 5088 1704 5148 tyranni

114 5175 442 5240 connumerandum
453 5175 602 5238 septuaginta
615 5171 697 5222 madiis
706 5169 817 5222 dissitum
831 5183 884 5232 pro·
930 5167 1079 5231 temporibus
1089 5167 1169 5231 gessit,
1181 5167 1234 5215 ariri
1248 5165 1396 5216 centenarios
1409 5162 1535 5212 duodecim
1547 5163 1702 5226 capessisse:

1603 5257 1625 5294 ι.
