3930 5754
747 434 1169 570 APPENDIX

629 785 716 886 AD
750 783 1001 886 LIBRUM
1032 781 1288 882 NONUM.

823 1083 1093 1121 unu-⁴5·-

427 1319 826 1440 oJOANNEs
865 1314 1436 1436 ANTIOCHENUS.

207 1633 285 1687 Inter
304 1638 433 1686 auctores
451 1623 631 1699 deperditos,
654 1641 776 1695 quorum
802 1623 940 1693 Excerpta
986 1638 1110 1693 quonam
1122 1637 1190 1674 vero
1202 1619 1301 1673 codice
1316 1615 1468 1691 (Vaticano
1485 1613 1570 1694 puta)
1591 1617 1761 1674 Alamannus

166 1718 396 1775 Constantiniana
413 1724 522 1768 servata
536 1722 615 1780 sunt,
629 1729 717 1764 unum
730 1727 783 1764 nos
797 1709 940 1763 omisimus
986 1725 1020 1762 ea
1034 1707 1226 1781 descripserit,
1243 1706 1348 1760 nescio.
1365 1711 1404 1748 —'
1416 1707 1553 1760 Praeterea
1565 1707 1648 1760 ctiam
1664 1709 1761 1762 titilius

166 1807 306 1861 ioannem
327 1802 550 1868 Antiochenam,
574 1799 640 1871 quia
660 1815 692 1852 ex
714 1796 834 1850 instituti
852 1796 940 1849 nostri
989 1795 1055 1873 Περὶ
1073 1793 1206 1872 πρίσὸεων
1228 1797 1345 1850 ioannis
1360 1795 1478 1868 Eclogas
1495 1797 1664 1853 continuisse
1682 1800 1760 1855 vide-

166 1893 278 1947 ratione
293 1889 465 1946 omittendus
481 1897 551 1942 erat.
567 1885 621 1940 Sed
641 1901 729 1957 quum
750 1884 825 1937 inter
838 1899 939 1936 mona·
987 1896 1043 1942 tur.
1053 1883 1709 1957 ldcnimeolligoecodiceMonacensi,ubiiul.
1726 1907 1757 1943 οι

168 1979 237 2034 chos
250 1980 299 2050 qui
311 1977 445 2032 chronica
458 1991 509 2028 sua
521 1973 556 2026 ab
570 1971 678 2027 Adamo
690 1970 879 2042 auspicantur,
894 1969 941 2022 rix
987 1972 1090 2044 legitur
1111 1991 1117 2026 :
1140 1968 1207 2045 [lapi
1220 1966 1353 2046 πρέσὸιων
1366 1965 1505 2041 Ῥωμαίων
1526 1967 1588 2046 πρὸς
1607 1970 1717 2038 livisci<
1732 1975 1761 2031 ίοι

166 2067 241 2122 ullus
262 2067 430 2139 reperiatur,
455 2063 501 2116 cui
523 2071 603 2114 tanta
621 2077 685 2113 cum
704 2057 943 2131 praestantioribus
987 2059 1042 2126 τῆς
1066 2057 1223 2133 Χρονικῆς
1250 2053 1396 2114 Ἰωάννου
1425 2053 1580 2132 ἱστορίας.
1605 2059 1661 2114 Sed
1683 2062 1763 2133 quod

168 2154 304 2208 Romanu
317 2151 441 2205 historiae
462 2147 648 2221 scriptoribus
660 2142 836 2200 necessitudo
853 2145 941 2198 inter·
990 2143 1121 2217 deinceps
1132 2142 1280 2214 subjicitur
1290 2145 1476 2216 Excerptum,
1496 2160 1557 2197 non
1571 2154 1611 2198 est
1629 2147 1760 2215 loannis,

169 2239 264 2307 cedat,
278 2247 384 2311 quanta
397 2236 542 2291 chronicis
559 2233 727 2289 Antiocheni
742 2232 830 2286 nostri
847 2249 854 2285 :
870 2231 943 2286 reli·
989 2229 1039 2285 sed
1057 2231 1187 2302 Dionysii
1207 2230 1295 2287 Halic.
1307 2227 1350 2302 (p.
1363 2226 1491 2298 736744
1513 2230 1558 2286 ed.
1578 2230 1712 2307 Sylburg.
1726 2237 1760 2294 V.

169 2327 250 2397 qnias
270 2341 369 2378 eornm
388 2333 522 2393 tanquam
540 2315 667 2396 πάρεργον
685 2318 723 2374 ad
738 2319 843 2374 calcem
859 2317 944 2388 hujus
990 2319 1058 2372 Exc.
1075 2319 1111 2373 de
1127 2318 1200 2390 legg.
1217 2317 1261 2374 ed.
1272 2317 1366 2371 Ursini
1379 2334 1409 2389 p.
1422 2313 1478 2388 ²95
1491 2317 1586 2390 sqq),
1603 2321 1645 2372 uti
1665 2320 1764 2377 docuit

168 2411 321 2467 voluminis
335 2409 467 2465 exhibere
478 2408 596 2481 placuit.
990 2406 1025 2460 E.
1051 2405 1122 2461 Gcos
1141 2403 1219 2479 pras.
1241 2405 1271 2458 in
1293 2405 1377 2458 Dion.
1399 2402 1472 2458 Cass.
1498 2420 1529 2475 p.
1553 2421 1642 2458 xcvii.
1663 2407 1765 2480 Neque

209 2499 252 2554 De
274 2499 334 2551 vita
359 2495 474 2550 ioannis
492 2494 649 2550 accuratius
672 2492 743 2546 nibil
769 2502 945 2566 compertum
992 2503 1083 2546 tamen
1106 2491 1142 2546 de
1171 2509 1223 2546 suo
1250 2491 1420 2564 excogitavit
1450 2491 1660 2563 inscriptionem
1688 2496 1765 2550 illam

169 2583 316 2640 habemus.
328 2582 535 2638 chronicorum
549 2597 618 2634 rero
637 2581 776 2652 Excerpta
795 2578 922 2651 praebent
937 2596 943 2632 ι
991 2579 1135 2648 librarius,
1148 2578 1198 2634 sed
1212 2596 1227 2634 e
1242 2577 1341 2633 codice
1355 2567 1694 2656 transcripsit,'excerpta
1706 2584 1766 2656 ipsa

176 2691 203 2729 r.
214 2671 310 2726 Codex
321 2671 494 2735 Turonensis,
505 2668 550 2722 cui
558 2666 769 2738 insuntEclogae
779 2661 846 2741 Περί
855 2663 947 2740 ἀρετῆς
992 2667 1095 2721 omisit.
1707 2727 1711 2732 ¹

170 2754 217 2813 καί
244 2753 338 2818 κακίας
361 2754 424 2828 (iol.
448 2751 600 2826 85-102),
623 2769 693 2823 quas
713 2751 802 2806 edidit
825 2751 948 2806 Valesius
1033 2751 1061 2805 3.
1079 2752 1175 2807 Codes
1190 2753 1336 2807 Parisinus
1354 2751 1441 2822 1763,
1454 2753 1582 2808 Salmasii
1597 2771 1683 2809 manu
1697 2775 1766 2812 exa-

173 2843 256 2916 (Eae.
278 2842 462 2909 Peiresciana,
484 2840 574 2896 Paris.
600 2838 687 2908 1634,
697 2845 726 2904 4.
740 2857 769 2912 p.
784 2835 946 2914 778-852).
993 2849 1078 2907 ratus,
1091 2841 1217 2894 continet
1228 2848 1362 2912 excerpta
1375 2840 1500 2907 loannis,
1510 2841 1612 2912 quibus
1626 2846 1767 2916 premissa
1803 2901 1806 2908 ,

171 2931 281 2985 Titulus
291 2930 321 2983 in
333 2927 432 2983 codice
445 2925 599 3002 praefigitur
613 2944 622 2979 ι
636 2923 687 2982 Ἐκ
700 2927 746 2993 τῆς
758 2921 879 2982 Ἰωάννου
892 2923 946 2981 Ἀν-
993 2925 1140 2998 inscriptio
1156 2944 1162 2980 :
1177 2922 1356 3000 Ἀρχαιολογία
1366 2921 1488 2981 Ἰωάννου
1499 2923 1661 3003 Ἀντιοχέως,
1670 2926 1766 3004 ἔχουσα

172 3011 280 3092 τιοχίως
303 3011 416 3092 ἱστορίας
438 3015 560 3091 χρονυιῆς
582 3009 635 3069 ἀπὸ
655 3010 750 3086 Ἀδάμ.
777 3014 946 3086 fragmento
992 3009 1038 3068 καί
1051 3008 1205 3089 διασάρησιν
1214 3013 1264 3066 τῶν
1276 3008 1464 3082 μυθευομένων.
1478 3013 1560 3068 Unde
1572 3015 1695 3070 hauserit
1706 3018 1767 3072 haec

173 3104 274 3157 ultimo
288 3101 460 3176 adscriptum
476 3102 580 3174 legitur
590 3117 598 3156 ε
610 3095 692 3163 Τι’λος
702 3097 816 3176 ἱστορίας
826 3096 948 3157 Ἰωάννου
994 3101 1142 3158 Salmasius
1158 3118 1217 3154 non
1230 3100 1328 3171 liquet.
1343 3100 1452 3154 Primus
1464 3101 1553 3155 edidit
1569 3103 1692 3162 Cramer.
1710 3105 1729 3162 l.
1745 3107 1765 3158 l.

175 3191 303 3264 μονσχοῢ.
993 3207 1024 3262 p.
1041 3187 1096 3242 383
1116 3205 1179 3260 sqq.
1195 3186 1327 3245 Cetemm
1347 3186 1447 3241 eadem
1467 3199 1599 3262 excerpta
1617 3193 1767 3262 [quantana

215 3295 244 3332 a.
259 3276 356 3332 Codes:
368 3276 515 3329 Parisinus
530 3271 621 3341 1666,
637 3272 667 3325 in
678 3289 736 3344 quo
747 3283 814 3345 post
827 3272 949 3328 Diodori
995 3291 1030 3329 ex
1040 3274 1221 3347 inscriptione
1239 3273 1333 3346 colligi
1343 3271 1452 3347 potest)
1468 3273 1579 3328 exhibet
1595 3279 1768 3334 coderil'ea·

175 3363 264 3418 libros
274 3362 411 3418 riv-lux
426 3362 559 3433 leguntur
578 3370 708 3432 excerpta
720 3360 872 3430 historica,
887 3379 949 3434 quae
992 3362 1131 3434 politanus
1145 3360 1214 3415 bibl.
1239 3360 1403 3414 Borbonicae
1418 3361 1446 3430 l,
1463 3361 1499 3426 E,
1516 3378 1568 3432 οο,
1584 3364 1625 3416 uti
1641 3363 1719 3419 disco
1735 3383 1769 3420 cx

178 3450 256 3504 omni
270 3449 454 3523 inscriptione
470 3457 575 3504 carent.
589 3447 655 3500 Esse
669 3463 736 3500 vero
749 3446 866 3500 ioannis
879 3451 947 3505 Ant.
995 3448 1168 3502 Bacbmanni
1184 3446 1262 3501 Praei.
1282 3447 1313 3500 in
1328 3443 1508 3520 Lycophron.
1530 3448 1660 3509 Cassand.
1676 3469 1706 3524 p.
1718 3469 1767 3510 xx.

176 3547 205 3592 et
216 3537 359 3610 pertinere
369 3535 405 3588 ad
417 3534 673 3589 Constantinianum
689 3533 799 3586 titulum
814 3529 881 3610 Περὶ
893 3532 950 3587 ἐπι·
1036 3540 1062 3598 Ι..
1077 3532 1172 3587 Codex
1185 3534 1327 3587 Patisium·
1340 3531 1474 3590 1630f01.
1487 3533 1541 3600 234
1557 3555 1620 3608 sqq.
1637 3548 1771 3612 excerpta

176 3619 719 3696 tulav‚eLabbe0(nib1.N0v.Mss.
737 3637 768 3692 p.
791 3617 860 3692 385)
874 3632 951 3675 recte
995 3622 1112 3676 ioannis
1134 3621 1273 3692 continet,
1294 3637 1356 3691 quae
1377 3621 1437 3694 ipse
1458 3622 1641 3679 exscribenda
1661 3627 1768 3686 curavi.

177 3709 453 3782 collegitCramerus,
462 3707 511 3779 qui
520 3708 668 3780 primasca
678 3705 767 3761 edidit
775 3707 804 3759 in
812 3707 950 3764 Anecdot.
996 3707 1192 3780 Exscripsisset
1204 3705 1377 3760 hauddubie
1389 3707 1549 3775 Crumerm,
1560 3710 1614 3764 nisi·
1621 3729 1773 3784 perperam

177 3796 228 3852 Gr.
250 3795 337 3852 Paris.
358 3795 417 3848 rol.
449 3794 494 3866 11,
516 3811 545 3866 p.
583 3792 663 3847 1-86.
691 3794 798 3848 Eadem
819 3805 952 3868 excerpta
996 3804 1120 3868 putasset
1147 3795 1193 3847 ric
1220 3792 1397 3848 doctissimus
1425 3793 1538 3867 eclogas
1561 3796 1621 3850 illas
1650 3816 1709 3852 non
1735 3799 1773 3855 ad

178 3881 287 3955 praebet
306 3880 398 3936 codex
417 3879 617 3934 Escorialensis
637 3877 678 3948 Ω,
699 3881 728 3948 1,
754 3881 790 3936 N.
818 3898 869 3948 rr,
888 3890 953 3953 post
997 3881 1276 3935 nostrumJoannem
1287 3880 1620 3952 Antiochenum,sedad
1634 3886 1774 3945 loannem

178 3969 289 4042 eclogas
304 3967 416 4023 Nicolai
434 3967 601 4020 Damasceni
617 3963 681 4036 (fol.
703 3961 862 4043 107·169],
883 3984 952 4040 prae·
998 3968 1147 4040 Muluium,
1160 3965 1239 4037 cujus
1253 3967 1388 4021 chronica
1399 3967 1490 4022 adhuc
1506 3968 1641 4025 habemns
1657 3971 1715 4026 iere
1726 3974 1772 4026 iu-

179 4053 236 4108 fixo
260 4055 342 4108 titulo
365 4073 371 4108 :
397 4049 445 4108 Ἐκ
458 4055 504 4122 τῆς
525 4049 639 4129 ἱστορίας
652 4047 775 4110 Ἰωάννου
793 4049 952 4130 Ἀντιοχίως.
999 4053 1397 4128 tegra,essereicrendas(V.
1413 4064 1473 4110 not.
1490 4053 1577 4110 adfr.
1594 4054 1641 4128 ο).

179 4141 359 4214 Subscriptio
378 4155 385 4198 :
407 4137 489 4203 Τῦιος
504 4141 551 4208 τῆς
569 4134 683 4215 ἱστορίας
696 4135 819 4195 Ἰωάννου
833 4141 877 4195 τοῦ
895 4138 953 4196 inl·
1038 4142 1175 4196 Praeterea
1194 4141 1309 4194 loannis
1328 4141 1415 4193 nostri
1430 4142 1536 4194 mcntio
1558 4141 1683 4210 injicitur
1698 4145 1777 4218 apud

179 4226 244 4296 αλην
257 4224 379 4284 Melus.
392 4227 555 4298 Sequuntur
564 4226 696 4298 deinceps
707 4227 775 4280 Eae.
787 4243 820 4280 cx
830 4226 954 4298 Georgia
1000 4226 1116 4281 Suidam
1128 4224 1177 4297 (sr.
1193 4225 1263 4298 οο),
1276 4227 1392 4279 Taetzen
1408 4223 1456 4296 (fr.
1476 4243 1505 4294 1,
1521 4245 1566 4284 ro.
1582 4227 1614 4280 ir.
1629 4247 1657 4297 7.
1675 4228 1727 4296 13,
1745 4227 1772 4287 5.

180 4314 357 4371 Hamartolo.
374 4314 457 4367 Hunc
477 4311 606 4366 codicem
619 4330 684 4366 cum
704 4310 829 4366 editione
842 4313 955 4368 Crame·
1002 4318 1054 4381 ai,
1069 4331 1097 4382 7.
1114 4330 1149 4382 ρο
1164 4315 1196 4385 a)
1212 4323 1240 4365 et
1251 4310 1390 4367 Codinum
1404 4311 1413 4386 ί
1425 4311 1458 4368 ir.
1483 4331 1533 4382 ¹7¹
1549 4314 1593 4386 a).
1611 4317 1679 4386 Quae
1698 4317 1779 4390 apud

180 4403 274 4470 riano,
294 4419 380 4473 quam
398 4401 428 4454 in
446 4400 608 4473 Hispaniam
622 4417 681 4454 non
695 4399 858 4468 attuleram,
878 4419 956 4454 com·
1000 4401 1126 4454 Tzetzcm
1137 4415 1172 4452 ex
1183 4398 1291 4452 Joanne
1303 4399 1481 4453 Antiocheno
1495 4399 1661 4471 afferuntur,
1678 4403 1778 4462 cadcru

180 4505 282 4562 parare
297 4488 367 4541 mihi
380 4505 439 4541 non
450 4487 540 4544 licuit.
560 4487 643 4558 Quod
657 4497 734 4541 tanto
746 4488 834 4559 magis
851 4487 954 4561 doleo,
1001 4503 1067 4540 sane
1080 4486 1212 4558 leguntur
1226 4486 1310 4538 etiam
1325 4484 1402 4558 apud
1416 4485 1562 4554 Malalam,
1579 4489 1628 4561 qui
1643 4488 1671 4541 in
1685 4491 1776 4562 prima

181 4593 270 4647 quum
283 4573 374 4630 codex
389 4574 542 4642 Parisinus,
557 4585 590 4628 ut
608 4592 672 4628 seru
686 4573 760 4641 vidi,
777 4575 806 4627 in
821 4572 878 4628 fine
891 4592 955 4627 mu·
1002 4572 1096 4645 operis
1107 4572 1149 4624 sui
1161 4580 1243 4643 parte
1255 4571 1388 4625 Nostrum
1402 4573 1561 4628 exscribere
1573 4575 1654 4628 solet.
1673 4575 1727 4630 Sed
1743 4595 1777 4630 nc

181 4661 246 4714 tilus
258 4661 311 4718 sit..
323 4661 394 4714 Nam
410 4659 512 4733 eclogae
527 4659 633 4714 codicis
648 4661 733 4716 Paris.
754 4661 782 4713 in
800 4679 889 4734 regno
904 4661 957 4718 Ze-
1001 4659 1131 4712 Malalam
1145 4657 1220 4711 hunc
1231 4668 1313 4731 putes
1330 4661 1454 4714 aTzetze
1467 4659 1592 4730 laudari,
1604 4679 1638 4715 eo
1653 4663 1776 4735 impcdi-

181 4747 264 4802 nonis
282 4747 453 4814 subsistunt3
471 4748 500 4800 in
517 4747 583 4802 cod.
599 4748 696 4801 Escor.
713 4765 801 4819 usque
816 4747 852 4801 ad
872 4749 957 4802 lusti·
1002 4763 1066 4800 mur
1077 4743 1228 4816 quodloco
1238 4747 1323 4800 unico
1336 4745 1468 4819 (chilv,
1481 4745 1552 4822 832)
1563 4788 1571 4814 ,
1582 4766 1639 4820 quo
1649 4766 1781 4822 expresse

180 4834 297 4889 manum
304 4835 455 4908 pertinent.
464 4833 819 4908 Ceterumduofragmenta
829 4833 959 4890 derebus
1003 4834 1117 4887 Matala
1130 4833 1242 4902 citatur,
1254 4835 1346 4888 verbis
1360 4830 1484 4901 Ἰωάννης
1497 4855 1544 4896 τις
1566 4832 1692 4901 ίίίαλέλης
1711 4855 1776 4910 χρο-

181 4921 330 4976 Justiniani
346 4921 536 4994 suppeditavit
550 4921 619 4975 mihi
633 4922 781 4977 Alemanni
791 4933 959 4977 commenta·
1003 4917 1128 4997 νογράρος
1145 4919 1180 4973 ab
1195 4919 1283 4974 altero
1297 4921 1358 4990 illo,
1372 4939 1456 4993 quem
1470 4923 1569 4995 sepius
1582 4921 1737 4976 introducit
1750 4933 1778 4978 et

182 5007 241 5062 rius
250 5009 280 5061 iu
291 5007 430 5080 Procopii
444 5009 592 5064 Historiam
602 5025 743 5064 arcanam.
756 5009 811 5063 Nisi
824 5007 914 5078 sallon,
925 5027 958 5064 ex
1003 5002 1160 5078 ubiqueritu
1168 5003 1300 5082 Ἀντιοχέα
1309 5019 1401 5074 vocat,
1409 5007 1597 5080 distinguitur.
1606 5008 1647 5064 Cf.
1658 5009 1783 5082 llodyua

182 5095 244 5170 ipso
258 5095 315 5150 hoc
330 5091 395 5172 Περί
416 5091 558 5155 ίπιὸουλῶν
574 5095 654 5152 titulo
669 5093 816 5170 desumpta
828 5106 902 5150 sunt.
920 5097 959 5150 lix
1003 5095 1033 5147 in
1045 5095 1174 5168 Prolcgg.
1189 5093 1224 5148 ad
1240 5096 1341 5176 Joann:
1358 5096 1424 5152 lllal.
1439 5114 1469 5169 p.
1484 5112 1551 5148 xxiv
1563 5113 1605 5168 sq.

908 5190 910 5198 ’
972 5201 1010 5242 sas
