3842 5726
701 901 1243 1044 ΡΒἉΕΕΑΤΙΟ.Ι

340 2028 425 2094 Rem
456 2023 635 2096 lubricam
669 2051 754 2098 sane
791 2043 827 2098 et
865 2029 976 2100 errori
1012 2027 1207 2102 obnoxiam
1247 2031 1462 2127 aggreditur,
1484 2035 1513 2104 si
1545 2038 1630 2132 quis

287 2151 429 2220 itineris
454 2148 722 2245 longitudinem
751 2151 904 2222 definire
931 2155 1148 2250 susceperit,
1184 2154 1287 2250 quod
1321 2179 1430 2228 nemo
1465 2183 1628 2256 unquam

285 2276 331 2344 sit
365 2299 542 2348 emensus.
590 2277 649 2348 Sic
684 2275 776 2348 mihi
812 2300 961 2375 quoque
994 2277 1148 2364 accidit,
1184 2295 1223 2350 ut
1264 2305 1343 2352 sero
1391 2281 1628 2378 intelligerem

286 2421 458 2493 maguum
486 2397 598 2470 istum
624 2397 909 2496 fragmentorum
934 2424 1125 2487 acervum,
1164 2403 1228 2498 qui
1257 2405 1294 2474 in
1314 2428 1408 2502 opus
1432 2405 1630 2480 artificiose

283 2522 489 2594 tesselatum
517 2522 779 2621 expandendus
803 2537 897 2609 erat,
929 2526 1045 2596 multo
1078 2526 1185 2598 latius
1208 2552 1320 2625 quam
1338 2529 1509 2626 opinatus
1530 2555 1627 2602 eram

285 2643 471 2718 vindicare
496 2646 568 2718 sibi
595 2647 763 2745 spatium.
801 2651 914 2720 Tanta
938 2651 1039 2721 enim
1067 2649 1205 2722 indies
1232 2651 1481 2724 succrescebat
1509 2653 1625 2726 histo·

285 2771 422 2840 riarum
445 2771 569 2867 copia,
595 2787 635 2841 ut
654 2770 825 2843 volumen
851 2777 1020 2863 tertium,
1042 2799 1117 2872 quo
1133 2775 1320 2847 absolvere
1339 2801 1488 2874 operam
1507 2802 1623 2850 meam

285 2893 539 2980 decreveram,
565 2894 623 2966 vix
641 2895 685 2966 iis
703 2894 888 2968 sufficeret
910 2898 1168 2994 scriptoribus,
1195 2923 1289 2996 quos
1315 2898 1445 2971 ordine
1463 2900 1625 2974 chrono-

283 3016 404 3111 logico
432 3017 477 3088 ad
498 3018 728 3090 Constantini
747 3022 867 3117 Magni
899 3046 1014 3116 usque
1041 3037 1204 3120 tempora
1230 3047 1415 3095 recensere
1440 3023 1623 3098 deberem.

284 3145 412 3237 ltaque
444 3154 691 3213 trecentorum
724 3145 946 3241 etamplius
981 3169 1109 3240 agmen
1144 3145 1427 3236 historicorum,
1465 3172 1625 3245 quorum

285 3278 368 3335 retas
387 3279 442 3334 est
461 3265 647 3357 incertior,
671 3291 742 3338 una
761 3291 845 3338 cum
863 3267 1050 3339 Addendis
1071 3284 1106 3339 et
1124 3267 1312 3341 ludicibus
1331 3269 1625 3366 locupletissimis

286 3389 322 3457 in
344 3412 481 3458 novum
504 3388 618 3460 hocce
636 3388 808 3460 volumen
827 3388 971 3460 deduxi.
996 3393 1131 3462 Verum
1152 3415 1198 3461 ne
1218 3391 1270 3462 sic
1287 3389 1435 3488 quidem
1460 3393 1623 3488 requiem

284 3511 377 3583 mihi
396 3513 479 3584 lecit
495 3517 676 3583 qumus
699 3515 829 3583 Dinor.
844 3517 918 3610 Ego
937 3516 1034 3585 enim
1054 3539 1168 3611 quum
1187 3529 1286 3586 stans
1304 3515 1493 3611 promissis
1516 3515 1624 3613 longe

284 3635 401 3731 majus
419 3633 506 3706 mihi
520 3635 645 3706 iecisse
663 3635 815 3722 viderer,
831 3662 942 3732 quam
958 3663 1027 3736 pro
1040 3639 1106 3709 aevi
1122 3626 1238 3710 nostri
1253 3637 1398 3712 levitate
1412 3655 1624 3737 exspectare

283 3756 500 3854 prudentior
522 3761 678 3855 quisque
693 3759 892 3857 potuisset,
916 3761 1096 3832 Firminus
1113 3760 1227 3832 Didot
1254 3761 1358 3856 aliam
1385 3786 1534 3859 prorsus
1553 3762 1623 3834 sibi

281 3882 397 3975 legem
428 3881 581 3978 scripsit.
610 3883 729 3970 Quem
759 3883 789 3953 si
815 3880 956 3972 audias,
992 3886 1172 3981 promissa
1202 3885 1370 3982 praestitis
1399 3909 1473 3957 non
1511 3883 1622 3956 modo

283 4003 505 4101 exequenda
523 4005 585 4077 sed
605 4005 714 4077 etiam
731 4005 935 4103 superanda
961 4023 1071 4096 sunt,
1097 4023 1205 4105 atque
1231 4007 1334 4102 lavor
1357 4007 1528 4106 publicus
1547 4032 1622 4104 quo

282 4143 404 4226 coepta
421 4144 546 4200 nostra
568 4129 811 4227 excipiuntur,
830 4155 907 4202 non
930 4133 1123 4229 praemium
1146 4156 1225 4203 esse
1243 4130 1374 4220 debet,
1403 4155 1479 4228 quo
1499 4129 1622 4202 fruen-

281 4269 337 4324 tes
351 4254 598 4350 quiescamus,
631 4279 759 4326 vcrum
774 4253 944 4327 stimulus
960 4269 997 4326 et
1013 4261 1089 4352 ἱερὸς
1111 4255 1215 4352 quasi
1236 4255 1358 4350 οἶστρος
1379 4278 1454 4351 quo
1471 4255 1555 4350 quis
1575 4255 1621 4326 ad

281 4379 420 4475 majora
447 4379 649 4451 incalescat.
695 4377 1016 4470 Quemadmodum
1055 4381 1163 4476 igitur
1196 4403 1290 4450 nova
1320 4376 1381 4450 illa
1415 4376 1554 4474 Polybii
1587 4393 1621 4448 et

280 4501 447 4598 Dionysii
470 4519 506 4574 et
525 4501 679 4575 Diodori
710 4503 905 4597 fragmenta
927 4527 969 4574 es
1005 4503 1155 4600 pulvere
1174 4500 1411 4575 Escorialensi
1440 4501 1477 4572 in
1503 4501 1619 4572 lucem

280 4640 464 4724 protracta
482 4626 662 4698 volumini
687 4625 850 4696 secundo
878 4625 1048 4712 inseruit,
1076 4626 1112 4696 in
1142 4625 1244 4695 tertia
1266 4639 1387 4696 autem
1410 4636 1511 4719 parte
1535 4619 1619 4691 reli·

281 4751 386 4848 quias
401 4749 541 4823 Nicolai
559 4753 771 4823 Damasceni
794 4765 830 4820 et
849 4749 1003 4846 Dexippi
1020 4763 1056 4820 ct
1071 4747 1214 4820 Eusebii
1235 4774 1255 4819 e
1276 4747 1404 4819 codice
1423 4745 1620 4842 Hispanico

280 4890 319 4975 et
345 4899 387 4946 es
414 4873 513 4946 atho
534 4875 670 4947 montis
699 4874 877 4946 thesauris
910 4873 1060 4944 literatis
1085 4875 1185 4944 auxit
1221 4873 1466 4966 maximopere
1491 4896 1498 4937 :
1521 4868 1619 4939 simi·

278 4999 364 5069 liter
389 5013 560 5096 quartum
580 5022 729 5097 quoque
757 4998 929 5071 volumen
953 4998 1039 5070 dote
1057 4997 1179 5094 aliqua
1202 4995 1300 5069 haud
1330 4993 1500 5092 stipulata
1520 4990 1621 5061 locu-

281 5118 412 5218 pletari
427 5121 551 5194 voluit.
565 5121 738 5195 Videlicet
759 5121 970 5217 colligendis
995 5135 1027 5190 et
1055 5120 1288 5192 resarciendis
1317 5115 1521 5213 fragmentis
1543 5136 1617 5182 non
