3766 5726
177 366 233 416 358

172 488 312 560 συσσιτεῖν,
326 483 487 566 ψιλοτάπιδα
502 481 588 561 ίχοντι
602 479 734 560 κρικωτὴν
751 477 872 555 καθάπερ
892 475 951 542 τοὺς

173 578 335 654 στρωματεῖς
357 574 461 644 εύτελῆ,
482 572 522 649 ἐφ’
545 561 575 640 ῆς
597 567 782 635 κατακεῖσθαι,
808 563 903 629 κάδους
924 561 951 622 δί

128 717 129 720 ,
171 665 286 742 χαλκοῦς
299 661 344 718 καί
357 659 472 738 ποτήρια
486 656 577 734 ὀλίγα·
592 653 724 733 γεγονέναι
741 651 792 732 γὰρ
813 652 952 730 ὀλιγοδίαι-

172 771 216 808 τον
228 747 273 808 καί
287 751 384 828 τρυφῆς
395 744 538 823 ἀλλότριον.

211 984 315 1042 aurea.
328 982 408 1051 κεν,
421 999 450 1055 p.
464 980 571 1054 caan
589 997 596 1033 ι
616 963 729 1053 περιτο
753 974 808 1050 (sc.
821 969 881 1050 aaa
894 973 954 1030 κα-

173 1069 283 1147 οείυδρου
306 1073 351 1125 τοῦ
370 1065 533 1132 Μακεδονίας
549 1063 766 1142 βασιλεύσαντος)
785 1082 849 1150 φησι
864 1058 955 1136 Καρύ-

173 1179 242 1221 στιος
254 1157 280 1214 ίν
293 1153 444 1232 Ἱστορικοῖς
452 1151 649 1228 ὑπομνήμασιν,
660 1151 699 1207 ότι
710 1147 828 1217 ούτωςήν
843 1144 954 1222 φιλόμη-

174 1267 228 1322 ρος,
242 1247 276 1308 ὡς
294 1241 336 1300 διδ
351 1241 478 1317 στόματος
497 1241 567 1318 ἔχειν
588 1241 639 1297 τῶν
659 1241 728 1296 ἐπῶν
748 1236 781 1293 τά
794 1236 895 1292 πολλά·
909 1233 954 1292 καί

172 1329 251 1395 ’ίλιίις
264 1321 296 1400 ῆν
311 1327 439 1408 circipani
454 1325 594 1387 Ὀδυσσεία
609 1322 679 1390 itta<
691 1320 882 1402 γεγραμμέναι.

212 1577 292 1634 Idem
306 1577 389 1649 XIII,
401 1595 433 1650 p.
448 1573 552 1642 610‚E
568 1592 574 1627 :
588 1561 646 1630 Eia·
657 1568 762 1647 ούκίγύν
775 1567 879 1632 δικαίως
888 1565 954 1625 πάν·

171 1686 220 1728 τας
234 1665 302 1738 ὑμᾶς
312 1659 371 1726 τοὺς
383 1659 534 1738 φιλοσόφους
544 1660 627 1733 μισῶ,
643 1654 854 1734 μισοφιλολόγους
865 1653 954 1724 δντας;

174 1747 217 1814 οθς
226 1751 254 1806 οὗ
270 1746 346 1823 μόνον
359 1744 513 1822 Λυσίμαχος
527 1747 540 1800 θ
552 1741 674 1821 βασιλεύς
687 1740 821 1821 ἐξεκήρυξε
831 1743 878 1811 τῆς
889 1739 954 1805 ίδίας

175 1833 308 1914 βασιλείας
323 1832 484 1902 ἀπελαύνων,
499 1835 533 1896 ὡς
546 1834 560 1888 δ
575 1828 721 1908 Καρύστιός
737 1850 814 1907 φησιν
828 1829 854 1885 ἐν
870 1826 955 1886 Ἱστο-

175 1927 253 1999 ρικοῖς
267 1917 462 1995 ὑπομνήμασιν,
477 1915 545 1976 σἰλλίι
557 1916 602 1975 καί
617 1916 755 1986 Ἀθηναῖοι.

411 2083 434 2136 E
447 2082 560 2136 LIBRO
573 2081 720 2139 TERTIO.

544 2230 587 2268 10.

212 2337 294 2393 Idem
305 2335 378 2405 XII,
392 2355 422 2410 p.
439 2334 515 2408 Βάκ,
529 2337 551 2389 Ε
564 2355 570 2389 :
589 2332 734 2410 Καρύστιος
745 2329 773 2388 δί
785 2331 954 2409 θΠεργαμη-

171 2420 211 2487 νδς
220 2423 246 2478 ἐν
255 2419 334 2499 τρίτῳ
344 2417 590 2494 ’Υπομνημάτωηι
602 2418 761 2495 Δημήτριος,
774 2415 862 2497 φησὶν,
870 2422 884 2475 θ
893 2421 952 2478 Φα-

171 2507 279 2587 ληρεύς,
290 2505 424 2585 Ἱμεραίου
439 2510 483 2563 τοῖν
499 2505 610 2585 ἀδελφοῦ
626 2503 800 2584 ἀναιρεθέντος
814 2505 858 2561 ὑπ’
873 2504 955 2563 Ἀντι·

172 2593 287 2672 πάτρου,
304 2593 378 2658 αύτός
392 2591 458 2668 μετὰ
473 2591 614 2670 Νικάνορος
626 2589 762 2670 διέτριύεν,
778 2589 864 2648 αἰτίαν
877 2590 955 2669 ἔχων,

171 2683 206 2744 ὡς
218 2680 251 2736 τὰ
263 2677 423 2759 Ἐπιφάνεια
438 2683 482 2736 τοῦ
495 2680 606 2756 ἀδελφοῦ
618 2676 695 2738 θύων.
712 2677 859 2757 Κασάνδρῳ
870 2677 896 2734 δὲ
911 2701 956 2756 γε·

90 2779 93 2787 ’
172 2764 278 2842 νόμενος
292 2767 377 2845 φίλος,
395 2764 463 2842 μίγα
479 2763 581 2843 ἴσχυσε.
602 2766 656 2825 Καὶ
670 2767 729 2822 κατ’
754 2763 837 2843 εἰρχίις
861 2763 908 2840 μὲν
923 2757 955 2837 ῆν

173 2855 251 2912 αὐτοῦ
273 2851 303 2911 τὸ
325 2851 429 2933 ἄριστον
450 2851 568 2934 ὀξύόαφα
586 2851 755 2918 παντοδαπάς
771 2851 847 2918 ἐλάας
861 2851 955 2930 ἔχοντα

172 2939 217 2998 καί
233 2939 309 3019 τυρόν
329 2939 491 3009 νησιωτικόν.
514 2938 562 3006 Ὦς
576 2940 598 2997 δ’
620 2938 778 3010 ἐπλούτησε,
795 2937 955 3016 Μοσχίωνα,

172 3025 215 3082 τὸν
231 3025 336 3104 ἄριστον
347 3029 398 3082 τῶν
410 3025 467 3083 τότε
480 3026 611 3104 μαγείρων
623 3025 669 3085 καὶ
681 3027 860 3098 δειπνοποιῶν,
875 3024 955 3096 ἐωνή-

173 3134 251 3185 σατο,
265 3112 309 3170 καί
323 3117 437 3170 τοσαῦτα
452 3103 483 3183 ῆν
496 3111 530 3172 ric
542 3113 795 3192 παρασκευαζόμενα
811 3114 870 3170 καθ’
885 3112 955 3188 ἡμί-

173 3221 230 3278 ραν,
253 3197 336 3277 ὥστε,
358 3198 536 3279 χαρισαμένου
559 3204 597 3280 τῷ
619 3199 756 3279 Μοσχίωνι
777 3198 811 3257 rd
828 3201 954 3279 λείψανα,

171 3365 253 3414 dIcnm
268 3365 380 3414 convictu
392 3381 463 3415 usiam
481 3380 531 3416 esse
545 3368 676 3429 Antipatri;
698 3367 855 3427 habuisseque
874 3378 952 3427 ragam

171 3442 218 3490 vile
230 3445 338 3504 tapetum
354 3443 464 3502 glabrum
482 3445 578 3493 annulle
589 3445 747 3504 Instructam,
765 3445 833 3493 velut
847 3444 953 3503 vulgaria

170 3518 260 3578 aulea,
271 3519 309 3568 cui
320 3519 482 3580 incumberet,
495 3523 519 3568 et
536 3520 610 3568 cados
625 3535 704 3569 aeneos
715 3525 739 3568 et
751 3521 838 3581 pocula
858 3533 950 3582 pauca:

170 3594 238 3643 rictu
246 3595 310 3644 eninr
321 3607 393 3656 parco
403 3608 473 3644 usum
481 3609 531 3644 esse
540 3597 564 3644 el
573 3609 587 3644 a
597 3597 692 3645 luxurIa
702 3597 808 3646 alienum
816 3596 896 3646 luisse.

203 3761 237 3807 De
250 3756 385 3809 cassandro
398 3757 440 3819 qui
458 3757 603 3808 Macedoniae
617 3773 689 3821 regno
709 3761 800 3821 potitus
814 3761 865 3818 aad,
879 3761 953 3822 cary-

171 3835 232 3884 stius
242 3835 267 3884 in
284 3835 603 3892 coanmentariIslaistoricIs
616 3835 662 3896 ait,
675 3849 730 3885 eum
747 3837 807 3884 adeo
820 3835 952 3885 studiosum

171 3911 243 3959 luisse
253 3913 362 3971 llomcri,
373 3914 401 3960 ut
414 3912 528 3972 majorem
539 3912 671 3960 carminum
682 3913 733 3972 eius
743 3915 834 3974 partem
847 3915 953 3961 constan·

171 3991 208 4036 ter
219 3988 242 4036 in
254 4001 296 4037 ore
307 3989 403 4038 heberei
419 4003 424 4036 :
436 3989 478 4051 qari
488 3989 560 4037 etiam
576 3989 673 4039 Iliadem
684 3993 708 4039 et
717 3989 847 4052 Odysseam
859 3990 954 4053 proprio

171 4064 251 4114 studio
260 4065 304 4114 sibi
316 4066 366 4128 ipse
374 4067 540 4128 descripserat.

204 4227 275 4289 Atqui
289 4241 368 4276 nonne
380 4229 466 4278 merito
476 4241 519 4277 νοε
530 4243 573 4290 ego
582 4242 665 4279 ornnes
678 4229 832 4292 philosophos
845 4229 884 4278 odi
898 4243 954 4280 eru·

172 4297 269 4352 dillonis
277 4304 401 4353 inimices?
412 4319 473 4367 quas
483 4319 532 4354 non
543 4307 622 4354 solum
636 4307 791 4368 Lysimachus
805 4321 848 4356 rex
859 4308 954 4369 publico

172 4379 252 4428 edIcto
269 4393 283 4428 c
300 4393 371 4440 regno
391 4394 434 4429 suo
446 4382 552 4443 expulit,
566 4385 592 4431 ut
603 4384 728 4444 carpitus
740 4384 774 4432 ait
791 4383 816 4432 In
832 4385 955 4434 historicis

172 4456 359 4518 mmmentariIs,
369 4469 454 4505 verum
464 4459 536 4506 ettam
547 4459 710 4510 Athenienses:

204 4621 328 4683 carystius
337 4624 496 4680 Pergamenus
504 4623 575 4671 tertio
585 4623 645 4673 libro
655 4625 888 4676 commentariorum
897 4626 931 4677 ait
947 4645 953 4676 ε

174 4719 186 4742 ι
199 4699 334 4749 Demetrius
343 4699 485 4759 Phalereus,
499 4699 624 4751 interiecto
641 4703 760 4752 Himeraea
776 4706 849 4754 tratre
862 4705 955 4767 eiusab

173 4775 311 4837 Antipatro,
322 4775 371 4838 ipse
384 4775 447 4837 apud
455 4776 596 4826 Nicanorem
606 4780 761 4841 vesanarum
770 4782 954 4844 perlaibelurque

173 4853 304 4914 Epiphania
314 4851 446 4901 celebrasse
464 4853 550 4902 fratris.
560 4856 651 4904 Deinde
662 4870 704 4918 per
713 4858 839 4908 cassandri
848 4858 952 4908 benevo-

173 4931 272 4980 lentiam
281 4931 310 4980 ad
323 4945 431 4993 magnam
446 4933 588 4994 potantem
603 4937 721 4995 persenit.
736 4939 765 4985 Et
777 4937 846 4985 Iuttio
855 4937 952 4998 quidem

174 5007 301 5070 prandium
315 5009 439 5070 siluerat,
453 5009 580 5060 acetabula
593 5012 723 5061 omnifariis
733 5013 802 5062 olivis
816 5014 919 5075 repleta,
930 5017 954 5062 et

174 5085 284 5135 insulada
293 5099 383 5136 οεεουε.
395 5088 427 5135 Ul
438 5087 590 5140 veroditatus
598 5091 644 5151 ast,
652 5091 813 5142 lloscbionam
820 5105 952 5154 coquorum

909 4579 916 4588 ‚
997 4535 1238 4585 Commentariorum.

759 343 937 408 CARYSTII
959 341 1197 414 Pandanam,

996 471 1122 553 Μοσχίων
1137 474 1163 530 Is
1174 469 1242 530 ίτεσι
1252 468 1297 530 δύο
1308 472 1376 549 τρεῖς
1386 466 1516 534 συνοικίας
1526 465 1667 540 ἐωνήσατο,
1678 467 1784 533 παῖδάς

995 561 1018 618 τ’
1031 559 1176 638 ἐλευθίρους
1187 556 1275 637 ύόριζε
1287 557 1332 615 καί
1344 559 1469 632 γυναῖκας
1479 553 1525 622 τδς
1538 557 1590 612 τῶν
1602 555 1784 633 ίπιφανεστεί·

996 671 1059 709 των.
1076 644 1269 719 Ἐζηλοτύπουν
1285 641 1312 703 δί
1329 644 1423 709 πάντες
1437 646 1461 701 οί
1482 643 1572 708 παῖδες
1585 640 1627 700 τὸν
1645 642 1786 721 δρώμενον

997 735 1074 792 αὐτοῦ
1085 731 1213 812 Θέογνιν·
1227 732 1271 789 καί
1283 735 1405 790 τοσοῦτον
1418 723 1451 801 ῆν
1462 731 1499 810 τῷ
1510 729 1656 808 Δημητρίῳ
1669 731 1787 810 προσαλ-

998 822 1059 894 θεῖν,
1073 819 1154 892 ὥστε,
1169 819 1226 894 μετ’
1241 819 1346 898 ἄριστον
1365 819 1444 876 αὐτοῦ
1463 818 1690 896 περιπατήσαντος
1708 815 1787 896 παρδ

996 905 1055 974 τούς
1073 907 1220 984 Τρίποδας,
1235 906 1360 975 συνῆλθον
1375 906 1411 972 εἰς
1424 903 1468 962 τδν
1484 903 1563 961 τύπον
1584 904 1675 970 παῖδες
1687 903 1787 962 κάλλι-

997 1015 1053 1053 στοι
1062 997 1119 1062 ταῖς
1133 993 1190 1066 ἑξῆς
1204 991 1329 1070 ἡμέραις,
1343 989 1376 1050 Is'
1388 994 1487 1071 ὀφθεῖεν
1501 993 1583 1070 αύτῷ,
1595 1017 1608 1044 ι

1216 1149 1269 1204 EX
1286 1147 1411 1204 EODEM
1426 1147 1547 1202 Llnno.

1366 1295 1411 1334 11.
1515 1293 1527 1311 '

1037 1393 1120 1449 Idem
1136 1394 1227 1458 XIII,
1243 1412 1271 1466 p.
1287 1391 1343 1462 577
1355 1391 1398 1460 ,C
1416 1409 1423 1445 ι
1437 1387 1593 1466 Ἀριστοφῶν
1605 1385 1632 1446 δί
1650 1389 1790 1469 θρήτωρ,

998 1478 1072 1536 θτθν
1094 1475 1172 1550 νόμον
1197 1473 1348 1553 εἰσενεγκὼν
1372 1477 1415 1532 ἐπ’
1436 1475 1577 1534 Εὐκλείδου
1596 1475 1791 1554 όίρχοντσς,θς

999 1565 1030 1622 δν
1044 1563 1081 1640 μὴ
1100 1563 1124 1632 ἐξ
1142 1567 1222 1634 όστῆς
1242 1565 1349 1640 γίνηται
1363 1562 1434 1622 νόθον
1454 1551 1532 1633 εἶναι,
1545 1562 1621 1628 αὐτὸς
1635 1565 1790 1642 ἀπεδείχθη

999 1651 1049 1710 ύπθ
1065 1651 1216 1710 Καλλιάδου
1231 1655 1275 1709 τοῦ
1291 1654 1407 1725 κωμικοῦ
1421 1651 1450 1706 ἐν,
1463 1648 1605 1728 Χορηγίδος
1616 1653 1664 1720 τῆς
1680 1653 1791 1730 ἑταίρας

999 1739 1266 1814 παιδοποιησάμενος,
1288 1741 1323 1804 ὡς
1342 1741 1356 1794 θ
1378 1735 1454 1804 αὐτὸς
1474 1740 1572 1816 ἱστορεῖ
1592 1737 1751 1816 Καρύστιος
1764 1743 1792 1797 ἐν

998 1826 1077 1906 τρίτῳ
1089 1825 1314 1903 Ὑπομνημάτων.

1039 1917 1168 1972 Euclides
1190 1917 1298 1971 archon
1319 1913 1371 1970 suit
1391 1916 1435 1973 01.
1451 1923 1502 1989 94,
1523 1935 1547 1970 r.
1572 1915 1637 1982 403.
1656 1919 1705 1972 De
1728 1919 1793 1993 lege

998 2023 1026 2061 v.
1043 2005 1190 2059 Demosth.
1207 2023 1236 2077 p.
1261 2001 1350 2072 1308,
1369 2001 1416 2060 εδ.
1433 2003 1538 2058 Eodem
1557 2004 1621 2058 loco
1636 2003 1794 2077 Carystius

936 2161 942 2170 ἢ
999 2092 1200 2145 memoraverit
1211 2108 1273 2165 quae
1285 2089 1455 2146 antecedunt
1470 2089 1547 2164 apud
1561 2091 1738 2146 Athenaeum
1754 2095 1792 2147 si-

998 2178 1077 2232 milia
1094 2195 1101 2233 :

1367 2273 1413 2314 ra.

1044 2360 1124 2415 Idem
1134 2361 1263 2433 XIII,p.
1280 2358 1352 2431 577,
1365 2361 1387 2415 B
1402 2380 1409 2416 :
1425 2357 1583 2439 Φιλέταιρον
1595 2359 1641 2434 δὲ,
1657 2360 1706 2418 τὸν
1724 2363 1796 2442 Μερ-

1000 2443 1088 2520 γάμου
1103 2443 1204 2513 καὶτῆς
1218 2445 1317 2514 Καινῆς
1327 2444 1423 2515 ταύτης
1434 2444 1574 2520 λεγομένης
1587 2447 1796 2524 βασιλεύσαντα

998 2528 1099 2609 χώρας,
1114 2529 1183 2596 Βόας
1195 2531 1365 2610 αὐλητρίδος,
1387 2531 1507 2611 ἑταίρας,
1523 2531 1553 2589 τό
1564 2533 1636 2609 γένος
1652 2533 1712 2592 ἀπὸ
1731 2539 1796 2596 lla-

1000 2616 1153 2696 φλαγονίας,
1162 2616 1215 2676 υἱόν
1233 2639 1295 2697 φησι
1304 2617 1422 2694 γενέσθαι
1437 2617 1583 2696 Καρύστιος
1595 2621 1620 2676 ἐν
1631 2619 1798 2698 Ἱστορικοῖς

1000 2704 1197 2780 ὑπομνήμασιν,
1219 2709 1261 2763 De
1281 2706 1338 2763 hoc
1355 2708 1503 2763 Philetaero
1525 2725 1552 2765 ν.
1575 2709 1682 2765 Strabo
1710 2714 1796 2788 XII,

998 2812 1026 2867 p.
1040 2793 1107 2858 543.
1119 2795 1207 2864 XIII,
1220 2813 1249 2867 p.
1262 2792 1328 2850 623.
1341 2797 1509 2869 Pergamum
1522 2799 1611 2856 tenuit
1624 2815 1683 2870 per
1698 2819 1798 2857 annos

998 2882 1099 2955 viginti
1120 2899 1207 2954 usque
1231 2880 1268 2935 ad
1286 2880 1342 2937 263
1369 2881 1433 2956 (vel
1454 2883 1543 2958 εθο).
1563 2885 1634 2940 Vide
1657 2886 1797 2946 Clinton.

999 2969 1031 3023 F.
1048 2969 1085 3024 H.
1102 2975 1172 3024 tom.
1189 2968 1249 3036 lll,
1264 2986 1294 3040 p.
1313 2975 1368 3034 loo
1380 2987 1422 3042 sq.

1368 3091 1414 3146 13.

1041 3201 1123 3256 Idem
1135 3203 1222 3273 XIV,
1234 3221 1264 3278 p.
1280 3203 1348 3277 639,
1364 3203 1406 3260 B:
1427 3199 1642 3280 Περιηνέχθησαν
1659 3205 1733 3278 ἡμῖν
1750 3205 1800 3262 καί

997 3379 1025 3415 ca
1041 3369 1113 3416 aetate
1129 3367 1246 3429 optimum
1258 3371 1282 3417 et
1298 3381 1422 3418 coenarum
1438 3368 1596 3430 parandarum
1613 3370 1799 3430 peritissimum

996 3445 1069 3492 emit:
1081 3446 1105 3493 et
1117 3445 1183 3493 tenta
1196 3445 1305 3494 cibomm
1317 3445 1498 3507 copiaquolidie
1506 3445 1644 3508 parabatur,
1655 3451 1696 3507 ut,
1711 3463 1799 3512 quum

998 3521 1129 3571 lloaclaioni
1144 3523 1255 3584 reliquias
1266 3523 1368 3571 donaret
1379 3523 1528 3582 Demetrius,
1549 3524 1612 3572 intra
1634 3525 1702 3575 duos
1716 3541 1801 3578 annos

998 3601 1120 3649 lloscbion
1131 3603 1178 3650 tras
1188 3601 1212 3651 in
1231 3601 1290 3651 urbe
1304 3601 1394 3650 insulas
1407 3605 1511 3662 emeret,
1529 3607 1554 3651 et
1571 3602 1656 3650 liberis
1673 3606 1764 3665 pueris
1773 3611 1800 3656 et

997 3675 1672 3740 illustrisslmommvirorumuxoribusstupruminlerret.
1680 3681 1799 3742 Theogni

996 3755 1087 3802 amasio
1098 3753 1150 3814 ejus
1160 3767 1244 3804 omnes
1256 3755 1324 3817 pueri
1340 3753 1479 3804 invidebant
1503 3756 1549 3804 :et
1568 3755 1627 3804 tanti
1645 3755 1799 3809 habebatur

997 3829 1027 3878 ad
1038 3832 1313 3894 Demetriumaccedere,
1322 3833 1444 3894 nt,quum
1453 3833 1493 3882 ille
1501 3837 1554 3895 post
1564 3832 1696 3894 prandium
1708 3837 1800 3886 obam-

998 3906 1105 3956 bulaseel
1119 3907 1181 3970 apud
1195 3909 1319 3971 Tripodas,
1331 3909 1511 3971 Insequentibus
1520 3909 1604 3959 diebus
1617 3911 1801 3966 tormoshasimi

996 3983 1088 4046 quique
1098 3985 1165 4047 pueri
1173 3999 1228 4035 eum
1239 3987 1353 4036 inlocum
1363 3986 1531 4048 courenIrent,
1539 4001 1587 4050 quo
1595 3987 1627 4036 ab
1636 3987 1682 4038 illo
1694 3995 1802 4056 maspi-

997 4066 1116 4114 cerentur.
1128 4083 1141 4108 ν

1372 4151 1411 4196 ll.

1027 4224 1172 4288 Aristopbon
1183 4227 1265 4275 emtor
1273 4263 1280 4286 ,
1288 4227 1330 4289 qui
1341 4227 1416 4290 legem
1426 4227 1550 4289 rogaverat
1559 4228 1665 4289 pretore
1675 4231 1800 4296 Euclide,

998 4301 1024 4348 ut
1032 4301 1140 4364 quisquis
1150 4316 1198 4352 non
1209 4316 1239 4352 ea
1250 4303 1303 4352 cive
1312 4306 1389 4353 attica
1404 4308 1475 4353 natus
1484 4307 1558 4364 esset,
1571 4305 1671 4365 spurius
1682 4307 1801 4360 babere-

996 4379 1046 4436 tur,
1055 4378 1105 4438 ipsa
1118 4379 1243 4428 convictus
1257 4381 1293 4428 est
1302 4393 1316 4428 a
1326 4381 1432 4430 calliade
1440 4380 1533 4430 comico
1545 4379 1606 4429 filios
1616 4395 1757 4443 generasse
1767 4402 1801 4437 ει

999 4455 1132 4516 clroregidc
1148 4456 1287 4518 meretrice,
1298 4460 1325 4506 ut
1340 4457 1415 4506 tradit
1424 4457 1488 4506 idern
1504 4459 1628 4520 carysttus
1639 4460 1718 4510 tasilo
1730 4464 1801 4514 libro

1029 4699 1197 4760 Plriletaerum,
1210 4701 1350 4762 Pergamei
1364 4619 1438 4751 Μίνω
1446 4699 1595 4763 turiusque
1606 4701 1726 4766 vocatur,
1737 4717 1801 4767 pro·

997 4773 1082 4823 riaciaa
1091 4789 1183 4838 regem,
1197 4775 1274 4826 salium
1284 4777 1356 4827 falsae
1367 4780 1422 4827 Boas
1432 4777 1564 4828 maretrIcIs
1577 4780 1603 4826 et
1611 4777 1740 4838 tibicinae,
1755 4795 1800 4844 ge

996 4863 1053 4940 nera
1063 4853 1241 4916 Paphlagoniae,
1252 4856 1375 4917 carystius
1381 4855 1465 4904 scribIt
1473 4856 1498 4904 in
1507 4855 1694 4906 commentaris
1708 4857 1800 4910 bisto-

996 4943 1038 4978 rrcr
1053 4965 1060 4980 .

1040 4943 1052 4980 θ
1368 5015 1408 5064 13.

1026 5093 1262 5143 circumferebantur
1274 5094 1342 5144 nobis
1355 5109 1453 5157 quoque
1464 5093 1577 5152 monada
1594 5108 1651 5157 quaa
1661 5101 1800 5150 vocatur
