<?xml version="1.0" encoding="UTF-8"?>
<!DOCTYPE html PUBLIC "-//W3C//DTD XHTML 1.0 Transitional//EN"
    "http://www.w3.org/TR/xhtml1/DTD/xhtml1-transitional.dtd">
<html xmlns="http://www.w3.org/1999/xhtml" xml:lang="en" lang="en">
 <head>
  <title>
</title>
<meta http-equiv="Content-Type" content="text/html;charset=utf-8" />
  <meta name='ocr-system' content='tesseract 3.04.00' />
  <meta name='ocr-capabilities' content='ocr_page ocr_carea ocr_par ocr_line ocrx_word'/>
</head>
<body>
  <div class='ocr_page' id='page_1' title='image "./fragmentahistor01antgoog_0227.png"; bbox 0 0 3830 5720; ppageno 0'>
   <div class='ocr_carea' id='block_1_1' title="bbox 839 359 1793 434">
    <p class='ocr_par' dir='ltr' id='par_1_1' title="bbox 839 359 1793 434">
     <span class='ocr_line' id='line_1_1' title="bbox 839 359 1793 434; baseline 0.014 -13"><span class='ocrx_word' id='word_1_1' title='bbox 839 359 1076 424; x_wconf 70' lang='lat' dir='ltr'><strong>FRAGMENTA</strong></span> <span class='ocrx_word' id='word_1_2' title='bbox 1682 381 1739 434; x_wconf 75' lang='lat' dir='ltr'><strong>crs</strong></span> <span class='ocrx_word' id='word_1_3' title='bbox 1785 359 1793 372; x_wconf 91' lang='lat'>&#39;</span> 
     </span>
    </p>
   </div>
   <div class='ocr_carea' id='block_1_2' title="bbox 130 469 1742 2825">
    <p class='ocr_par' dir='ltr' id='par_1_2' title="bbox 130 469 1742 2825">
     <span class='ocr_line' id='line_1_2' title="bbox 131 469 1739 566; baseline 0.007 -30"><span class='ocrx_word' id='word_1_4' title='bbox 131 477 215 551; x_wconf 85' lang='grc' dir='ltr'><strong>λέμου</strong></span> <span class='ocrx_word' id='word_1_5' title='bbox 240 476 311 558; x_wconf 84' lang='grc' dir='ltr'><strong>νύμιμ</strong></span> <span class='ocrx_word' id='word_1_6' title='bbox 332 471 462 548; x_wconf 69' lang='grc' dir='ltr'><strong>Λαζικὴν</strong></span> <span class='ocrx_word' id='word_1_7' title='bbox 475 479 672 552; x_wconf 75' lang='grc' dir='ltr'><strong>οἰκειώσασθαι,</strong></span> <span class='ocrx_word' id='word_1_8' title='bbox 696 479 742 538; x_wconf 81' lang='grc' dir='ltr'><strong>καί</strong></span> <span class='ocrx_word' id='word_1_9' title='bbox 762 479 850 554; x_wconf 74' lang='grc' dir='ltr'><strong>ὅμως,</strong></span> <span class='ocrx_word' id='word_1_10' title='bbox 876 483 914 561; x_wconf 80' lang='grc' dir='ltr'><strong>τῷ</strong></span> <span class='ocrx_word' id='word_1_11' title='bbox 959 490 1013 549; x_wconf 87' lang='grc' dir='ltr'><strong>τοῖς</strong></span> <span class='ocrx_word' id='word_1_12' title='bbox 1025 482 1125 562; x_wconf 77' lang='grc' dir='ltr'><strong>ῥήμασι</strong></span> <span class='ocrx_word' id='word_1_13' title='bbox 1135 471 1298 560; x_wconf 77' lang='grc' dir='ltr'><strong>μεμάθηκας,</strong></span> <span class='ocrx_word' id='word_1_14' title='bbox 1307 505 1362 560; x_wconf 88' lang='grc' dir='ltr'><strong>μεμ</strong></span> <span class='ocrx_word' id='word_1_15' title='bbox 1382 469 1453 556; x_wconf 86' lang='grc' dir='ltr'><strong>θείην</strong></span> <span class='ocrx_word' id='word_1_16' title='bbox 1463 485 1526 566; x_wconf 85' lang='grc' dir='ltr'><strong>πρός</strong></span> <span class='ocrx_word' id='word_1_17' title='bbox 1535 509 1601 556; x_wconf 86' lang='grc' dir='ltr'><strong>τινος</strong></span> <span class='ocrx_word' id='word_1_18' title='bbox 1610 487 1692 566; x_wconf 80' lang='grc' dir='ltr'><strong>ἔγωγε</strong></span> <span class='ocrx_word' id='word_1_19' title='bbox 1702 488 1739 566; x_wconf 90' lang='grc' dir='ltr'><strong>μὴ</strong></span> 
     </span>
     <span class='ocr_line' id='line_1_3' title="bbox 133 505 1741 654; baseline 0.008 -33"><span class='ocrx_word' id='word_1_20' title='bbox 133 563 275 640; x_wconf 84' lang='grc' dir='ltr'><strong>βούλεσθαι</strong></span> <span class='ocrx_word' id='word_1_21' title='bbox 293 563 341 636; x_wconf 83' lang='grc' dir='ltr'><strong>τὴν</strong></span> <span class='ocrx_word' id='word_1_22' title='bbox 361 566 435 636; x_wconf 84' lang='grc' dir='ltr'><strong>δίκην</strong></span> <span class='ocrx_word' id='word_1_23' title='bbox 458 564 574 646; x_wconf 77' lang='grc' dir='ltr'><strong>ἄτρωτον</strong></span> <span class='ocrx_word' id='word_1_24' title='bbox 597 557 677 639; x_wconf 73' lang='grc' dir='ltr'><strong>εἶναι,</strong></span> <span class='ocrx_word' id='word_1_25' title='bbox 701 567 914 646; x_wconf 88' lang='grc' dir='ltr'><strong>προυργιαίτερον</strong></span> <span class='ocrx_word' id='word_1_26' title='bbox 959 569 1057 628; x_wconf 86' lang='grc' dir='ltr'><strong>πείθειν</strong></span> <span class='ocrx_word' id='word_1_27' title='bbox 1070 569 1168 646; x_wconf 83' lang='grc' dir='ltr'><strong>μαθών·</strong></span> <span class='ocrx_word' id='word_1_28' title='bbox 1179 567 1248 640; x_wconf 84' lang='grc' dir='ltr'><strong>πλὴν</strong></span> <span class='ocrx_word' id='word_1_29' title='bbox 1256 571 1291 634; x_wconf 83' lang='grc' dir='ltr'><strong>ὣς</strong></span> <span class='ocrx_word' id='word_1_30' title='bbox 1302 568 1334 628; x_wconf 80' lang='grc' dir='ltr'><strong>ἂν</strong></span> <span class='ocrx_word' id='word_1_31' title='bbox 1346 505 1431 630; x_wconf 64' lang='grc' dir='ltr'><strong>τίθετε</strong></span> <span class='ocrx_word' id='word_1_32' title='bbox 1440 561 1471 644; x_wconf 84' lang='grc' dir='ltr'><strong>ῶ,</strong></span> <span class='ocrx_word' id='word_1_33' title='bbox 1482 571 1532 631; x_wconf 77' lang='grc' dir='ltr'><strong>κᾶν</strong></span> <span class='ocrx_word' id='word_1_34' title='bbox 1546 577 1568 632; x_wconf 88' lang='grc' dir='ltr'><strong>εί</strong></span> <span class='ocrx_word' id='word_1_35' title='bbox 1575 575 1614 650; x_wconf 83' lang='grc' dir='ltr'><strong>μὴ</strong></span> <span class='ocrx_word' id='word_1_36' title='bbox 1622 583 1675 642; x_wconf 88' lang='grc' dir='ltr'><strong>τοῖς</strong></span> <span class='ocrx_word' id='word_1_37' title='bbox 1691 577 1741 654; x_wconf 81' lang='grc' dir='ltr'><strong>ῥή-</strong></span> 
     </span>
     <span class='ocr_line' id='line_1_4' title="bbox 131 648 1740 740; baseline 0.009 -34"><span class='ocrx_word' id='word_1_38' title='bbox 131 648 191 708; x_wconf 67' lang='lat' dir='ltr'><strong>ium</strong></span> <span class='ocrx_word' id='word_1_39' title='bbox 212 649 337 730; x_wconf 77' lang='grc' dir='ltr'><strong>σώφρονα</strong></span> <span class='ocrx_word' id='word_1_40' title='bbox 358 655 501 722; x_wconf 73' lang='grc' dir='ltr'><strong>κεκτῆσθαι</strong></span> <span class='ocrx_word' id='word_1_41' title='bbox 522 652 645 730; x_wconf 82' lang='grc' dir='ltr'><strong>λογισμὸν</strong></span> <span class='ocrx_word' id='word_1_42' title='bbox 663 653 680 725; x_wconf 84' lang='grc' dir='ltr'><strong>ὴ</strong></span> <span class='ocrx_word' id='word_1_43' title='bbox 692 661 769 734; x_wconf 87' lang='grc' dir='ltr'><strong>χεῖρα</strong></span> <span class='ocrx_word' id='word_1_44' title='bbox 790 654 912 727; x_wconf 80' lang='grc' dir='ltr'><strong>δυνατήν.</strong></span> <span class='ocrx_word' id='word_1_45' title='bbox 960 677 1026 732; x_wconf 89' lang='grc' dir='ltr'><strong>μασι</strong></span> <span class='ocrx_word' id='word_1_46' title='bbox 1038 657 1192 734; x_wconf 78' lang='grc' dir='ltr'><strong>τηλαυγῶς,</strong></span> <span class='ocrx_word' id='word_1_47' title='bbox 1205 655 1264 714; x_wconf 85' lang='grc' dir='ltr'><strong>άλλ’</strong></span> <span class='ocrx_word' id='word_1_48' title='bbox 1275 653 1347 733; x_wconf 78' lang='grc' dir='ltr'><strong>ὅμως</strong></span> <span class='ocrx_word' id='word_1_49' title='bbox 1355 659 1392 738; x_wconf 80' lang='grc' dir='ltr'><strong>τῷ</strong></span> <span class='ocrx_word' id='word_1_50' title='bbox 1405 659 1554 740; x_wconf 81' lang='grc' dir='ltr'><strong>βουλομένῳ</strong></span> <span class='ocrx_word' id='word_1_51' title='bbox 1565 664 1611 731; x_wconf 77' lang='grc' dir='ltr'><strong>τῆς</strong></span> <span class='ocrx_word' id='word_1_52' title='bbox 1624 661 1740 738; x_wconf 85' lang='grc' dir='ltr'><strong>γνώμης,</strong></span> 
     </span>
     <span class='ocr_line' id='line_1_5' title="bbox 130 739 1742 825; baseline 0.006 -27"><span class='ocrx_word' id='word_1_53' title='bbox 130 739 279 818; x_wconf 73' lang='grc' dir='ltr'><strong>Τοιγαροῦν</strong></span> <span class='ocrx_word' id='word_1_54' title='bbox 294 739 412 812; x_wconf 75' lang='grc' dir='ltr'><strong>ἐποιήσω</strong></span> <span class='ocrx_word' id='word_1_55' title='bbox 425 739 474 812; x_wconf 82' lang='grc' dir='ltr'><strong>τὴν</strong></span> <span class='ocrx_word' id='word_1_56' title='bbox 486 741 533 798; x_wconf 85' lang='grc' dir='ltr'><strong>οὐκ</strong></span> <span class='ocrx_word' id='word_1_57' title='bbox 547 741 661 818; x_wconf 76' lang='grc' dir='ltr'><strong>ἀνάγκην</strong></span> <span class='ocrx_word' id='word_1_58' title='bbox 677 741 805 820; x_wconf 73' lang='grc' dir='ltr'><strong>ἀνάγκην,</strong></span> <span class='ocrx_word' id='word_1_59' title='bbox 817 742 864 801; x_wconf 76' lang='grc' dir='ltr'><strong>καὶ</strong></span> <span class='ocrx_word' id='word_1_60' title='bbox 876 745 915 822; x_wconf 83' lang='grc' dir='ltr'><strong>τῷ</strong></span> <span class='ocrx_word' id='word_1_61' title='bbox 959 746 993 809; x_wconf 85' lang='grc' dir='ltr'><strong>ὡς</strong></span> <span class='ocrx_word' id='word_1_62' title='bbox 1005 741 1114 816; x_wconf 76' lang='grc' dir='ltr'><strong>ἔνεστιν,</strong></span> <span class='ocrx_word' id='word_1_63' title='bbox 1127 746 1155 802; x_wconf 82' lang='grc' dir='ltr'><strong>ἐν</strong></span> <span class='ocrx_word' id='word_1_64' title='bbox 1168 747 1272 824; x_wconf 78' lang='grc' dir='ltr'>φανερῷ</span> <span class='ocrx_word' id='word_1_65' title='bbox 1283 745 1403 824; x_wconf 78' lang='grc' dir='ltr'><strong>προδοίην</strong></span> <span class='ocrx_word' id='word_1_66' title='bbox 1415 744 1446 803; x_wconf 82' lang='grc' dir='ltr'><strong>τὸ</strong></span> <span class='ocrx_word' id='word_1_67' title='bbox 1459 744 1567 805; x_wconf 87' lang='grc' dir='ltr'><strong>δίκαιον·</strong></span> <span class='ocrx_word' id='word_1_68' title='bbox 1580 747 1695 825; x_wconf 82' lang='grc' dir='ltr'><strong>δοίημεν,</strong></span> <span class='ocrx_word' id='word_1_69' title='bbox 1707 753 1742 817; x_wconf 85' lang='grc' dir='ltr'><strong>ὡς</strong></span> 
     </span>
     <span class='ocr_line' id='line_1_6' title="bbox 132 825 1739 912; baseline 0.007 -30"><span class='ocrx_word' id='word_1_70' title='bbox 132 825 247 904; x_wconf 73' lang='grc' dir='ltr'><strong>γενναίῳ</strong></span> <span class='ocrx_word' id='word_1_71' title='bbox 264 829 312 896; x_wconf 79' lang='grc' dir='ltr'><strong>τῆς</strong></span> <span class='ocrx_word' id='word_1_72' title='bbox 331 825 560 907; x_wconf 75' lang='grc' dir='ltr'><strong>μεγαλοφροσύνης</strong></span> <span class='ocrx_word' id='word_1_73' title='bbox 577 828 697 908; x_wconf 79' lang='grc' dir='ltr'><strong>έψηρίσω</strong></span> <span class='ocrx_word' id='word_1_74' title='bbox 717 827 787 888; x_wconf 79' lang='grc' dir='ltr'><strong>κατὰ</strong></span> <span class='ocrx_word' id='word_1_75' title='bbox 805 833 914 905; x_wconf 88' lang='grc' dir='ltr'><strong>σαυτοῦ,</strong></span> <span class='ocrx_word' id='word_1_76' title='bbox 958 828 1739 912; x_wconf 80' lang='grc' dir='ltr'><strong>έδικαιολογήσωπερίΣουανίας,τὴνάλήθειανοῦτωςἔχειν.</strong></span> 
     </span>
     <span class='ocr_line' id='line_1_7' title="bbox 130 911 1740 1000; baseline 0.007 -32"><span class='ocrx_word' id='word_1_77' title='bbox 130 911 176 968; x_wconf 81' lang='grc' dir='ltr'><strong>καὶ</strong></span> <span class='ocrx_word' id='word_1_78' title='bbox 184 921 263 970; x_wconf 70' lang='grc' dir='ltr'><strong>νικᾶν</strong></span> <span class='ocrx_word' id='word_1_79' title='bbox 271 911 385 984; x_wconf 70' lang='grc' dir='ltr'><strong>ἠξίωσας</strong></span> <span class='ocrx_word' id='word_1_80' title='bbox 394 913 539 990; x_wconf 68' lang='grc' dir='ltr'><strong>ῆῒῖημένος</strong></span> <span class='ocrx_word' id='word_1_81' title='bbox 547 919 592 974; x_wconf 91' lang='grc' dir='ltr'><strong>τοῦ</strong></span> <span class='ocrx_word' id='word_1_82' title='bbox 605 915 756 995; x_wconf 86' lang='grc' dir='ltr'><strong>πρέποντος,</strong></span> <span class='ocrx_word' id='word_1_83' title='bbox 768 915 814 974; x_wconf 82' lang='grc' dir='ltr'><strong>καὶ</strong></span> <span class='ocrx_word' id='word_1_84' title='bbox 824 916 915 984; x_wconf 76' lang='grc' dir='ltr'><strong>ἅπλῶς</strong></span> <span class='ocrx_word' id='word_1_85' title='bbox 959 916 1076 988; x_wconf 83' lang='grc' dir='ltr'><strong>Λαζικὴν</strong></span> <span class='ocrx_word' id='word_1_86' title='bbox 1088 915 1135 990; x_wconf 79' lang='grc' dir='ltr'><strong>μίν</strong></span> <span class='ocrx_word' id='word_1_87' title='bbox 1148 914 1340 996; x_wconf 71' lang='grc' dir='ltr'><strong>ἐχειρωσάμην,</strong></span> <span class='ocrx_word' id='word_1_88' title='bbox 1357 916 1482 985; x_wconf 86' lang='grc' dir='ltr'><strong>Σουάνοις</strong></span> <span class='ocrx_word' id='word_1_89' title='bbox 1494 917 1521 976; x_wconf 85' lang='grc' dir='ltr'><strong>δέ</strong></span> <span class='ocrx_word' id='word_1_90' title='bbox 1536 919 1595 977; x_wconf 79' lang='grc' dir='ltr'><strong>οὐδὲ</strong></span> <span class='ocrx_word' id='word_1_91' title='bbox 1607 921 1740 1000; x_wconf 79' lang='grc' dir='ltr'><strong>προσέθα·</strong></span> 
     </span>
     <span class='ocr_line' id='line_1_8' title="bbox 131 997 1742 1085; baseline 0.009 -31"><span class='ocrx_word' id='word_1_92' title='bbox 131 997 354 1070; x_wconf 73' lang='grc' dir='ltr'><strong>άπαατέστησας</strong></span> <span class='ocrx_word' id='word_1_93' title='bbox 368 1003 432 1075; x_wconf 76' lang='grc' dir='ltr'><strong>ἡμῖν</strong></span> <span class='ocrx_word' id='word_1_94' title='bbox 448 997 566 1070; x_wconf 73' lang='grc' dir='ltr'><strong>Λαζικὴν</strong></span> <span class='ocrx_word' id='word_1_95' title='bbox 577 997 666 1080; x_wconf 79' lang='grc' dir='ltr'><strong>ὥσπερ</strong></span> <span class='ocrx_word' id='word_1_96' title='bbox 677 1001 771 1060; x_wconf 81' lang='grc' dir='ltr'><strong>οἰκεῖόν</strong></span> <span class='ocrx_word' id='word_1_97' title='bbox 786 1025 811 1062; x_wconf 92' lang='grc' dir='ltr'><strong>τι</strong></span> <span class='ocrx_word' id='word_1_98' title='bbox 824 1006 915 1077; x_wconf 76' lang='grc' dir='ltr'><strong>κτῆμα</strong></span> <span class='ocrx_word' id='word_1_99' title='bbox 958 1005 1015 1080; x_wconf 86' lang='grc' dir='ltr'><strong>λον,</strong></span> <span class='ocrx_word' id='word_1_100' title='bbox 1027 1003 1044 1075; x_wconf 82' lang='grc' dir='ltr'>ἢ</span> <span class='ocrx_word' id='word_1_101' title='bbox 1057 1003 1124 1084; x_wconf 84' lang='grc' dir='ltr'><strong>μόνῃ</strong></span> <span class='ocrx_word' id='word_1_102' title='bbox 1135 1007 1201 1083; x_wconf 78' lang='grc' dir='ltr'><strong>ἀκοῇ</strong></span> <span class='ocrx_word' id='word_1_103' title='bbox 1211 1006 1250 1084; x_wconf 83' lang='grc' dir='ltr'><strong>τῷ</strong></span> <span class='ocrx_word' id='word_1_104' title='bbox 1262 1003 1305 1061; x_wconf 85' lang='grc' dir='ltr'><strong>τδν</strong></span> <span class='ocrx_word' id='word_1_105' title='bbox 1315 1004 1472 1085; x_wconf 84' lang='grc' dir='ltr'><strong>Μερμεράην</strong></span> <span class='ocrx_word' id='word_1_106' title='bbox 1483 1008 1548 1082; x_wconf 76' lang='grc' dir='ltr'><strong>ἡμῖν</strong></span> <span class='ocrx_word' id='word_1_107' title='bbox 1558 1012 1691 1083; x_wconf 81' lang='grc' dir='ltr'><strong>σημῆναι,</strong></span> <span class='ocrx_word' id='word_1_108' title='bbox 1707 1013 1742 1077; x_wconf 82' lang='grc' dir='ltr'><strong>ὡς</strong></span> 
     </span>
     <span class='ocr_line' id='line_1_9' title="bbox 131 1083 1741 1173; baseline 0.007 -31"><span class='ocrx_word' id='word_1_109' title='bbox 131 1083 254 1159; x_wconf 80' lang='grc' dir='ltr'><strong>μεταθεὶς</strong></span> <span class='ocrx_word' id='word_1_110' title='bbox 272 1085 318 1146; x_wconf 81' lang='grc' dir='ltr'><strong>καί</strong></span> <span class='ocrx_word' id='word_1_111' title='bbox 330 1083 379 1158; x_wconf 86' lang='grc' dir='ltr'><strong>τὴν</strong></span> <span class='ocrx_word' id='word_1_112' title='bbox 394 1083 512 1154; x_wconf 73' lang='grc' dir='ltr'><strong>ἐξουσίαν</strong></span> <span class='ocrx_word' id='word_1_113' title='bbox 526 1086 682 1166; x_wconf 83' lang='grc' dir='ltr'><strong>μεταγαγὼν</strong></span> <span class='ocrx_word' id='word_1_114' title='bbox 701 1090 743 1168; x_wconf 72' lang='grc' dir='ltr'><strong>ἐφ’</strong></span> <span class='ocrx_word' id='word_1_115' title='bbox 758 1092 839 1166; x_wconf 68' lang='grc' dir='ltr'><strong>ἡμᾶς.</strong></span> <span class='ocrx_word' id='word_1_116' title='bbox 857 1091 916 1150; x_wconf 85' lang='grc' dir='ltr'><strong>Οὐκ</strong></span> <span class='ocrx_word' id='word_1_117' title='bbox 959 1091 1086 1151; x_wconf 83' lang='grc' dir='ltr'><strong>οὐκέστιν</strong></span> <span class='ocrx_word' id='word_1_118' title='bbox 1098 1090 1230 1168; x_wconf 75' lang='grc' dir='ltr'><strong>ἀξιόλογος</strong></span> <span class='ocrx_word' id='word_1_119' title='bbox 1239 1091 1297 1150; x_wconf 73' lang='grc' dir='ltr'><strong>οὐδὲ</strong></span> <span class='ocrx_word' id='word_1_120' title='bbox 1305 1090 1357 1168; x_wconf 87' lang='grc' dir='ltr'><strong>μὴν</strong></span> <span class='ocrx_word' id='word_1_121' title='bbox 1365 1091 1572 1171; x_wconf 81' lang='grc' dir='ltr'><strong>περιμάχητοςή</strong></span> <span class='ocrx_word' id='word_1_122' title='bbox 1585 1094 1670 1173; x_wconf 84' lang='grc' dir='ltr'><strong>χώρα,</strong></span> <span class='ocrx_word' id='word_1_123' title='bbox 1684 1095 1741 1154; x_wconf 85' lang='grc' dir='ltr'><strong>οὐδέ</strong></span> 
     </span>
     <span class='ocr_line' id='line_1_10' title="bbox 132 1169 1741 1260; baseline 0.009 -31"><span class='ocrx_word' id='word_1_124' title='bbox 132 1169 220 1238; x_wconf 77' lang='grc' dir='ltr'><strong>άλλως</strong></span> <span class='ocrx_word' id='word_1_125' title='bbox 240 1171 270 1230; x_wconf 78' lang='lat' dir='ltr'><strong>ei</strong></span> <span class='ocrx_word' id='word_1_126' title='bbox 280 1171 327 1230; x_wconf 83' lang='grc' dir='ltr'><strong>καί</strong></span> <span class='ocrx_word' id='word_1_127' title='bbox 342 1171 404 1252; x_wconf 82' lang='grc' dir='ltr'><strong>περὶ</strong></span> <span class='ocrx_word' id='word_1_128' title='bbox 421 1173 550 1240; x_wconf 88' lang='grc' dir='ltr'><strong>Σουανίας</strong></span> <span class='ocrx_word' id='word_1_129' title='bbox 563 1173 761 1252; x_wconf 78' lang='grc' dir='ltr'><strong>δντιύολοῦμεν,</strong></span> <span class='ocrx_word' id='word_1_130' title='bbox 775 1174 806 1233; x_wconf 81' lang='grc' dir='ltr'><strong>τὸ</strong></span> <span class='ocrx_word' id='word_1_131' title='bbox 822 1177 915 1233; x_wconf 78' lang='grc' dir='ltr'><strong>οἰκεῖον</strong></span> <span class='ocrx_word' id='word_1_132' title='bbox 961 1181 1098 1258; x_wconf 77' lang='grc' dir='ltr'><strong>βασιλικῆς</strong></span> <span class='ocrx_word' id='word_1_133' title='bbox 1104 1177 1178 1258; x_wconf 82' lang='grc' dir='ltr'><strong>ἔργον</strong></span> <span class='ocrx_word' id='word_1_134' title='bbox 1185 1179 1363 1259; x_wconf 79' lang='grc' dir='ltr'><strong>ἐκστρατείας,</strong></span> <span class='ocrx_word' id='word_1_135' title='bbox 1374 1181 1432 1238; x_wconf 82' lang='grc' dir='ltr'><strong>ἀλλ’</strong></span> <span class='ocrx_word' id='word_1_136' title='bbox 1443 1178 1470 1238; x_wconf 84' lang='grc' dir='ltr'><strong>έν</strong></span> <span class='ocrx_word' id='word_1_137' title='bbox 1478 1179 1591 1260; x_wconf 80' lang='grc' dir='ltr'><strong>ὑπάρχει</strong></span> <span class='ocrx_word' id='word_1_138' title='bbox 1600 1185 1651 1240; x_wconf 90' lang='grc' dir='ltr'><strong>τῶν</strong></span> <span class='ocrx_word' id='word_1_139' title='bbox 1661 1184 1741 1242; x_wconf 76' lang='grc' dir='ltr'><strong>ἐθνῶν</strong></span> 
     </span>
     <span class='ocr_line' id='line_1_11' title="bbox 131 1257 1741 1346; baseline 0.009 -32"><span class='ocrx_word' id='word_1_140' title='bbox 131 1258 228 1336; x_wconf 83' lang='grc' dir='ltr'><strong>προῖκα</strong></span> <span class='ocrx_word' id='word_1_141' title='bbox 250 1257 357 1316; x_wconf 81' lang='grc' dir='ltr'><strong>λαὸεἶν·</strong></span> <span class='ocrx_word' id='word_1_142' title='bbox 368 1259 414 1317; x_wconf 81' lang='grc' dir='ltr'><strong>καὶ</strong></span> <span class='ocrx_word' id='word_1_143' title='bbox 434 1259 512 1340; x_wconf 90' lang='grc' dir='ltr'><strong>χάριν</strong></span> <span class='ocrx_word' id='word_1_144' title='bbox 531 1259 558 1318; x_wconf 83' lang='grc' dir='ltr'><strong>δέ</strong></span> <span class='ocrx_word' id='word_1_145' title='bbox 571 1259 742 1338; x_wconf 79' lang='grc' dir='ltr'><strong>ὁμολογήσειν</strong></span> <span class='ocrx_word' id='word_1_146' title='bbox 759 1265 833 1338; x_wconf 75' lang='grc' dir='ltr'><strong>ἡμᾶς</strong></span> <span class='ocrx_word' id='word_1_147' title='bbox 844 1263 915 1336; x_wconf 81' lang='grc' dir='ltr'><strong>ύμῖν,</strong></span> <span class='ocrx_word' id='word_1_148' title='bbox 960 1266 1081 1344; x_wconf 80' lang='grc' dir='ltr'><strong>τῶνπερί</strong></span> <span class='ocrx_word' id='word_1_149' title='bbox 1094 1265 1137 1326; x_wconf 74' lang='grc' dir='ltr'><strong>τὸν</strong></span> <span class='ocrx_word' id='word_1_150' title='bbox 1149 1264 1301 1338; x_wconf 83' lang='grc' dir='ltr'><strong>Καύκασον,</strong></span> <span class='ocrx_word' id='word_1_151' title='bbox 1312 1265 1403 1332; x_wconf 75' lang='grc' dir='ltr'><strong>καλῶς</strong></span> <span class='ocrx_word' id='word_1_152' title='bbox 1416 1265 1505 1344; x_wconf 86' lang='grc' dir='ltr'><strong>έχουσι</strong></span> <span class='ocrx_word' id='word_1_153' title='bbox 1519 1267 1681 1346; x_wconf 82' lang='grc' dir='ltr'><strong>βασιλίσκω,</strong></span> <span class='ocrx_word' id='word_1_154' title='bbox 1696 1269 1741 1328; x_wconf 83' lang='grc' dir='ltr'><strong>καί</strong></span> 
     </span>
     <span class='ocr_line' id='line_1_12' title="bbox 131 1344 1741 1436; baseline 0.008 -34"><span class='ocrx_word' id='word_1_155' title='bbox 131 1347 168 1424; x_wconf 73' lang='grc' dir='ltr'><strong>τῷ</strong></span> <span class='ocrx_word' id='word_1_156' title='bbox 182 1344 221 1420; x_wconf 85' lang='grc' dir='ltr'><strong>μὴ</strong></span> <span class='ocrx_word' id='word_1_157' title='bbox 240 1347 405 1424; x_wconf 69' lang='grc' dir='ltr'><strong>ἐζημιῶσθαι</strong></span> <span class='ocrx_word' id='word_1_158' title='bbox 422 1345 453 1404; x_wconf 80' lang='grc' dir='ltr'><strong>τὸ</strong></span> <span class='ocrx_word' id='word_1_159' title='bbox 466 1347 571 1406; x_wconf 84' lang='grc' dir='ltr'><strong>οἰκεῖον·</strong></span> <span class='ocrx_word' id='word_1_160' title='bbox 586 1351 654 1423; x_wconf 74' lang='grc' dir='ltr'><strong>ὑμᾶς</strong></span> <span class='ocrx_word' id='word_1_161' title='bbox 666 1347 694 1406; x_wconf 75' lang='grc' dir='ltr'><strong>δέ</strong></span> <span class='ocrx_word' id='word_1_162' title='bbox 713 1350 752 1428; x_wconf 78' lang='grc' dir='ltr'><strong>τῷ</strong></span> <span class='ocrx_word' id='word_1_163' title='bbox 769 1349 915 1426; x_wconf 82' lang='grc' dir='ltr'><strong>κρείττονι,</strong></span> <span class='ocrx_word' id='word_1_164' title='bbox 960 1356 994 1419; x_wconf 79' lang='grc' dir='ltr'><strong>ὣς</strong></span> <span class='ocrx_word' id='word_1_165' title='bbox 1005 1357 1020 1412; x_wconf 85' lang='grc' dir='ltr'><strong>θ</strong></span> <span class='ocrx_word' id='word_1_166' title='bbox 1033 1351 1118 1431; x_wconf 83' lang='grc' dir='ltr'><strong>χῶρός</strong></span> <span class='ocrx_word' id='word_1_167' title='bbox 1129 1354 1185 1412; x_wconf 79' lang='grc' dir='ltr'><strong>ἔστι</strong></span> <span class='ocrx_word' id='word_1_168' title='bbox 1198 1353 1307 1412; x_wconf 82' lang='grc' dir='ltr'><strong>Σκυθῶν</strong></span> <span class='ocrx_word' id='word_1_169' title='bbox 1318 1353 1439 1431; x_wconf 82' lang='grc' dir='ltr'><strong>πάροδος.</strong></span> <span class='ocrx_word' id='word_1_170' title='bbox 1452 1353 1564 1414; x_wconf 63' lang='lat' dir='ltr'><strong>aratio</strong></span> <span class='ocrx_word' id='word_1_171' title='bbox 1575 1356 1741 1436; x_wconf 86' lang='grc' dir='ltr'><strong>Μερμερύης,</strong></span> 
     </span>
     <span class='ocr_line' id='line_1_13' title="bbox 131 1431 1741 1524; baseline 0.009 -35"><span class='ocrx_word' id='word_1_172' title='bbox 131 1435 168 1512; x_wconf 69' lang='grc' dir='ltr'><strong>τῷ</strong></span> <span class='ocrx_word' id='word_1_173' title='bbox 179 1431 309 1490; x_wconf 85' lang='grc' dir='ltr'><strong>δύνασθαι</strong></span> <span class='ocrx_word' id='word_1_174' title='bbox 318 1437 441 1492; x_wconf 87' lang='grc' dir='ltr'><strong>τοσοῦτον</strong></span> <span class='ocrx_word' id='word_1_175' title='bbox 452 1432 520 1492; x_wconf 85' lang='grc' dir='ltr'><strong>ῶστε</strong></span> <span class='ocrx_word' id='word_1_176' title='bbox 529 1436 667 1513; x_wconf 83' lang='grc' dir='ltr'><strong>δωρεῖσθαι</strong></span> <span class='ocrx_word' id='word_1_177' title='bbox 679 1435 763 1494; x_wconf 85' lang='grc' dir='ltr'><strong>δοκεῖν</strong></span> <span class='ocrx_word' id='word_1_178' title='bbox 775 1435 820 1494; x_wconf 79' lang='grc' dir='ltr'><strong>καί</strong></span> <span class='ocrx_word' id='word_1_179' title='bbox 832 1434 862 1494; x_wconf 87' lang='grc' dir='ltr'><strong>τδ</strong></span> <span class='ocrx_word' id='word_1_180' title='bbox 877 1435 915 1512; x_wconf 87' lang='grc' dir='ltr'><strong>μὴ</strong></span> <span class='ocrx_word' id='word_1_181' title='bbox 960 1431 1016 1498; x_wconf 78' lang='grc' dir='ltr'><strong>εἶτα</strong></span> <span class='ocrx_word' id='word_1_182' title='bbox 1029 1443 1043 1498; x_wconf 84' lang='grc' dir='ltr'><strong>ὁ</strong></span> <span class='ocrx_word' id='word_1_183' title='bbox 1054 1439 1210 1521; x_wconf 82' lang='grc' dir='ltr'><strong>Ναχύεργαν</strong></span> <span class='ocrx_word' id='word_1_184' title='bbox 1225 1443 1324 1511; x_wconf 78' lang='grc' dir='ltr'><strong>ὑπῆλθε</strong></span> <span class='ocrx_word' id='word_1_185' title='bbox 1338 1444 1372 1518; x_wconf 76' lang='grc' dir='ltr'><strong>τῇ</strong></span> <span class='ocrx_word' id='word_1_186' title='bbox 1386 1441 1542 1522; x_wconf 78' lang='grc' dir='ltr'><strong>στρατηγία.</strong></span> <span class='ocrx_word' id='word_1_187' title='bbox 1557 1443 1677 1524; x_wconf 80' lang='grc' dir='ltr'><strong>Γέγραφε</strong></span> <span class='ocrx_word' id='word_1_188' title='bbox 1688 1446 1741 1504; x_wconf 82' lang='grc' dir='ltr'><strong>τοί·</strong></span> 
     </span>
     <span class='ocr_line' id='line_1_14' title="bbox 132 1513 1741 1608; baseline 0.01 -32"><span class='ocrx_word' id='word_1_189' title='bbox 132 1517 269 1598; x_wconf 82' lang='grc' dir='ltr'><strong>ίιμίτερον.</strong></span> <span class='ocrx_word' id='word_1_190' title='bbox 286 1545 300 1572; x_wconf 78' lang='grc' dir='ltr'><strong>ι</strong></span> <span class='ocrx_word' id='word_1_191' title='bbox 314 1518 370 1581; x_wconf 80' lang='grc' dir='ltr'><strong>Ιίαί</strong></span> <span class='ocrx_word' id='word_1_192' title='bbox 383 1523 398 1578; x_wconf 88' lang='grc' dir='ltr'><strong>θ</strong></span> <span class='ocrx_word' id='word_1_193' title='bbox 411 1519 532 1600; x_wconf 83' lang='grc' dir='ltr'><strong>βασιλεῦς</strong></span> <span class='ocrx_word' id='word_1_194' title='bbox 544 1519 628 1590; x_wconf 76' lang='grc' dir='ltr'><strong>ἔλεξεν</strong></span> <span class='ocrx_word' id='word_1_195' title='bbox 647 1513 712 1580; x_wconf 71' lang='lat' dir='ltr'><strong>der·</strong></span> <span class='ocrx_word' id='word_1_196' title='bbox 727 1549 740 1575; x_wconf 86' lang='grc' dir='ltr'><strong>ι</strong></span> <span class='ocrx_word' id='word_1_197' title='bbox 753 1521 834 1582; x_wconf 70' lang='lat' dir='ltr'><strong>otae</strong></span> <span class='ocrx_word' id='word_1_198' title='bbox 848 1523 916 1594; x_wconf 80' lang='grc' dir='ltr'><strong>δῆτα</strong></span> <span class='ocrx_word' id='word_1_199' title='bbox 960 1549 1005 1584; x_wconf 92' lang='grc' dir='ltr'><strong>νυν</strong></span> <span class='ocrx_word' id='word_1_200' title='bbox 1024 1531 1087 1603; x_wconf 82' lang='grc' dir='ltr'><strong>ἡμῖν</strong></span> <span class='ocrx_word' id='word_1_201' title='bbox 1108 1527 1152 1586; x_wconf 85' lang='grc' dir='ltr'><strong>καί</strong></span> <span class='ocrx_word' id='word_1_202' title='bbox 1167 1527 1244 1594; x_wconf 77' lang='grc' dir='ltr'><strong>αὐτὸς</strong></span> <span class='ocrx_word' id='word_1_203' title='bbox 1263 1528 1311 1586; x_wconf 88' lang='grc' dir='ltr'><strong>οῦκ</strong></span> <span class='ocrx_word' id='word_1_204' title='bbox 1328 1525 1413 1594; x_wconf 87' lang='grc' dir='ltr'><strong>άλλως</strong></span> <span class='ocrx_word' id='word_1_205' title='bbox 1432 1529 1492 1608; x_wconf 80' lang='grc' dir='ltr'><strong>περὶ</strong></span> <span class='ocrx_word' id='word_1_206' title='bbox 1513 1531 1608 1604; x_wconf 83' lang='grc' dir='ltr'><strong>αὐτῶν,</strong></span> <span class='ocrx_word' id='word_1_207' title='bbox 1631 1531 1671 1589; x_wconf 83' lang='grc' dir='ltr'><strong>ὅτι</strong></span> <span class='ocrx_word' id='word_1_208' title='bbox 1695 1537 1741 1592; x_wconf 92' lang='grc' dir='ltr'><strong>τοῦ</strong></span> 
     </span>
     <span class='ocr_line' id='line_1_15' title="bbox 131 1605 1741 1694; baseline 0.007 -27"><span class='ocrx_word' id='word_1_209' title='bbox 131 1605 218 1688; x_wconf 71' lang='grc' dir='ltr'><strong>ψσχὴν</strong></span> <span class='ocrx_word' id='word_1_210' title='bbox 231 1607 319 1687; x_wconf 79' lang='grc' dir='ltr'><strong>λόγων</strong></span> <span class='ocrx_word' id='word_1_211' title='bbox 337 1609 500 1690; x_wconf 83' lang='grc' dir='ltr'><strong>χηρεύουσαν</strong></span> <span class='ocrx_word' id='word_1_212' title='bbox 516 1610 562 1669; x_wconf 81' lang='grc' dir='ltr'><strong>καί</strong></span> <span class='ocrx_word' id='word_1_213' title='bbox 579 1615 626 1669; x_wconf 86' lang='grc' dir='ltr'><strong>τοῦ</strong></span> <span class='ocrx_word' id='word_1_214' title='bbox 639 1610 737 1668; x_wconf 84' lang='grc' dir='ltr'><strong>πείθειν</strong></span> <span class='ocrx_word' id='word_1_215' title='bbox 756 1610 853 1692; x_wconf 80' lang='grc' dir='ltr'><strong>ἔρημον</strong></span> <span class='ocrx_word' id='word_1_216' title='bbox 869 1614 916 1670; x_wconf 82' lang='grc' dir='ltr'><strong>εύ-</strong></span> <span class='ocrx_word' id='word_1_217' title='bbox 963 1613 1103 1674; x_wconf 80' lang='grc' dir='ltr'><strong>Καυκάσου</strong></span> <span class='ocrx_word' id='word_1_218' title='bbox 1115 1613 1314 1694; x_wconf 78' lang='grc' dir='ltr'><strong>τθςάκρωρτίας</strong></span> <span class='ocrx_word' id='word_1_219' title='bbox 1325 1615 1437 1686; x_wconf 83' lang='grc' dir='ltr'><strong>οἰκοῦσι,</strong></span> <span class='ocrx_word' id='word_1_220' title='bbox 1449 1615 1495 1674; x_wconf 80' lang='grc' dir='ltr'><strong>καί</strong></span> <span class='ocrx_word' id='word_1_221' title='bbox 1508 1615 1548 1674; x_wconf 77' lang='lat' dir='ltr'><strong>dre</strong></span> <span class='ocrx_word' id='word_1_222' title='bbox 1560 1618 1626 1688; x_wconf 77' lang='grc' dir='ltr'><strong>δῆτα</strong></span> <span class='ocrx_word' id='word_1_223' title='bbox 1638 1620 1741 1686; x_wconf 87' lang='grc' dir='ltr'><strong>κλῶπές</strong></span> 
     </span>
     <span class='ocr_line' id='line_1_16' title="bbox 133 1696 1741 1782; baseline 0.006 -28"><span class='ocrx_word' id='word_1_224' title='bbox 133 1700 242 1772; x_wconf 76' lang='grc' dir='ltr'><strong>ρυῦσαή</strong></span> <span class='ocrx_word' id='word_1_225' title='bbox 262 1699 311 1768; x_wconf 75' lang='grc' dir='ltr'><strong>τῆς</strong></span> <span class='ocrx_word' id='word_1_226' title='bbox 323 1696 415 1778; x_wconf 79' lang='grc' dir='ltr'><strong>σοφίας</strong></span> <span class='ocrx_word' id='word_1_227' title='bbox 427 1696 547 1773; x_wconf 89' lang='grc' dir='ltr'><strong>δύναμις,</strong></span> <span class='ocrx_word' id='word_1_228' title='bbox 567 1703 758 1779; x_wconf 88' lang='grc' dir='ltr'><strong>περιφρονοῦσα</strong></span> <span class='ocrx_word' id='word_1_229' title='bbox 772 1697 802 1756; x_wconf 78' lang='grc' dir='ltr'><strong>τὸ</strong></span> <span class='ocrx_word' id='word_1_230' title='bbox 813 1696 917 1766; x_wconf 77' lang='grc' dir='ltr'><strong>ἀσθενές</strong></span> <span class='ocrx_word' id='word_1_231' title='bbox 960 1698 1048 1760; x_wconf 81' lang='grc' dir='ltr'><strong>ιε’καί</strong></span> <span class='ocrx_word' id='word_1_232' title='bbox 1062 1700 1246 1780; x_wconf 84' lang='grc' dir='ltr'><strong>λαφυραγωγυὶ</strong></span> <span class='ocrx_word' id='word_1_233' title='bbox 1267 1701 1312 1759; x_wconf 83' lang='grc' dir='ltr'><strong>καί</strong></span> <span class='ocrx_word' id='word_1_234' title='bbox 1326 1703 1452 1778; x_wconf 85' lang='grc' dir='ltr'><strong>χαλεπῶν</strong></span> <span class='ocrx_word' id='word_1_235' title='bbox 1466 1702 1548 1782; x_wconf 82' lang='grc' dir='ltr'><strong>ἔργων</strong></span> <span class='ocrx_word' id='word_1_236' title='bbox 1565 1705 1611 1764; x_wconf 81' lang='grc' dir='ltr'><strong>καί</strong></span> <span class='ocrx_word' id='word_1_237' title='bbox 1631 1706 1741 1764; x_wconf 81' lang='grc' dir='ltr'><strong>ἀνοσίων</strong></span> 
     </span>
     <span class='ocr_line' id='line_1_17' title="bbox 131 1780 1740 1868; baseline 0.006 -27"><span class='ocrx_word' id='word_1_238' title='bbox 131 1783 356 1860; x_wconf 77' lang='grc' dir='ltr'><strong>καταγωνίζεται,</strong></span> <span class='ocrx_word' id='word_1_239' title='bbox 369 1781 459 1863; x_wconf 84' lang='grc' dir='ltr'><strong>ῶσπερ</strong></span> <span class='ocrx_word' id='word_1_240' title='bbox 476 1783 613 1864; x_wconf 85' lang='grc' dir='ltr'><strong>φάρμακον</strong></span> <span class='ocrx_word' id='word_1_241' title='bbox 634 1789 660 1844; x_wconf 82' lang='grc' dir='ltr'><strong>ἐν</strong></span> <span class='ocrx_word' id='word_1_242' title='bbox 675 1783 747 1844; x_wconf 75' lang='grc' dir='ltr'><strong>έλκει</strong></span> <span class='ocrx_word' id='word_1_243' title='bbox 760 1787 916 1865; x_wconf 87' lang='grc' dir='ltr'><strong>προσπλατ-</strong></span> <span class='ocrx_word' id='word_1_244' title='bbox 960 1787 1152 1858; x_wconf 77' lang='grc' dir='ltr'><strong>καθεστήκασιν</strong></span> <span class='ocrx_word' id='word_1_245' title='bbox 1174 1787 1294 1867; x_wconf 82' lang='grc' dir='ltr'><strong>ἐργάται.</strong></span> <span class='ocrx_word' id='word_1_246' title='bbox 1320 1786 1490 1862; x_wconf 80' lang='grc' dir='ltr'><strong>Ἠθουλίμην</strong></span> <span class='ocrx_word' id='word_1_247' title='bbox 1512 1780 1556 1848; x_wconf 76' lang='grc' dir='ltr'><strong>οῦν</strong></span> <span class='ocrx_word' id='word_1_248' title='bbox 1578 1790 1646 1849; x_wconf 76' lang='grc' dir='ltr'><strong>κατὰ</strong></span> <span class='ocrx_word' id='word_1_249' title='bbox 1670 1797 1740 1868; x_wconf 87' lang='grc' dir='ltr'><strong>σφῶν</strong></span> 
     </span>
     <span class='ocr_line' id='line_1_18' title="bbox 132 1869 1740 1954; baseline 0.006 -25"><span class='ocrx_word' id='word_1_250' title='bbox 132 1872 239 1945; x_wconf 75' lang='grc' dir='ltr'><strong>ειίμενυν</strong></span> <span class='ocrx_word' id='word_1_251' title='bbox 254 1869 469 1950; x_wconf 61' lang='lat' dir='ltr'><strong>maceremus</strong></span> <span class='ocrx_word' id='word_1_252' title='bbox 486 1872 534 1948; x_wconf 84' lang='grc' dir='ltr'><strong>μέν</strong></span> <span class='ocrx_word' id='word_1_253' title='bbox 543 1872 574 1931; x_wconf 85' lang='grc' dir='ltr'><strong>τὸ</strong></span> <span class='ocrx_word' id='word_1_254' title='bbox 587 1878 691 1950; x_wconf 91' lang='grc' dir='ltr'><strong>νοσοῦν,</strong></span> <span class='ocrx_word' id='word_1_255' title='bbox 704 1874 917 1952; x_wconf 85' lang='grc' dir='ltr'><strong>συναναζωπυρεῐ</strong></span> <span class='ocrx_word' id='word_1_256' title='bbox 961 1875 1054 1934; x_wconf 74' lang='grc' dir='ltr'><strong>ἐλάσαι</strong></span> <span class='ocrx_word' id='word_1_257' title='bbox 1064 1875 1211 1952; x_wconf 87' lang='grc' dir='ltr'><strong>στρατείαν,</strong></span> <span class='ocrx_word' id='word_1_258' title='bbox 1223 1876 1247 1932; x_wconf 81' lang='grc' dir='ltr'><strong>οἱ</strong></span> <span class='ocrx_word' id='word_1_259' title='bbox 1255 1873 1282 1932; x_wconf 77' lang='grc' dir='ltr'><strong>δέ</strong></span> <span class='ocrx_word' id='word_1_260' title='bbox 1293 1875 1539 1954; x_wconf 80' lang='grc' dir='ltr'><strong>καταρρωδήσαντες</strong></span> <span class='ocrx_word' id='word_1_261' title='bbox 1550 1877 1608 1936; x_wconf 80' lang='grc' dir='ltr'><strong>ἀντί</strong></span> <span class='ocrx_word' id='word_1_262' title='bbox 1616 1879 1740 1938; x_wconf 86' lang='grc' dir='ltr'><strong>Σσυάνων</strong></span> 
     </span>
     <span class='ocr_line' id='line_1_19' title="bbox 132 1952 1741 2042; baseline 0.006 -26"><span class='ocrx_word' id='word_1_263' title='bbox 132 1958 158 2016; x_wconf 77' lang='grc' dir='ltr'><strong>δέ</strong></span> <span class='ocrx_word' id='word_1_264' title='bbox 170 1957 220 2030; x_wconf 86' lang='grc' dir='ltr'><strong>τὴν</strong></span> <span class='ocrx_word' id='word_1_265' title='bbox 235 1957 327 2036; x_wconf 82' lang='grc' dir='ltr'><strong>ῦγιίαν</strong></span> <span class='ocrx_word' id='word_1_266' title='bbox 343 1961 381 2038; x_wconf 80' lang='grc' dir='ltr'><strong>τῷ</strong></span> <span class='ocrx_word' id='word_1_267' title='bbox 392 1957 527 2034; x_wconf 87' lang='grc' dir='ltr'><strong>κάμνοντι.</strong></span> <span class='ocrx_word' id='word_1_268' title='bbox 543 1961 578 2020; x_wconf 79' lang='grc' dir='ltr'><strong>Εἰ</strong></span> <span class='ocrx_word' id='word_1_269' title='bbox 588 1959 639 2039; x_wconf 76' lang='grc' dir='ltr'><strong>γάρ</strong></span> <span class='ocrx_word' id='word_1_270' title='bbox 650 1959 680 2020; x_wconf 81' lang='grc' dir='ltr'><strong>τὸ</strong></span> <span class='ocrx_word' id='word_1_271' title='bbox 691 1959 791 2020; x_wconf 87' lang='grc' dir='ltr'><strong>δίκαιον</strong></span> <span class='ocrx_word' id='word_1_272' title='bbox 802 1962 850 2020; x_wconf 81' lang='grc' dir='ltr'><strong>οὐκ</strong></span> <span class='ocrx_word' id='word_1_273' title='bbox 859 1953 916 2020; x_wconf 79' lang='grc' dir='ltr'><strong>εἶπέ</strong></span> <span class='ocrx_word' id='word_1_274' title='bbox 962 1961 1078 2039; x_wconf 74' lang='grc' dir='ltr'><strong>ἐγένοντο</strong></span> <span class='ocrx_word' id='word_1_275' title='bbox 1090 1961 1202 2042; x_wconf 87' lang='grc' dir='ltr'><strong>Πέρσαι.</strong></span> <span class='ocrx_word' id='word_1_276' title='bbox 1214 1960 1264 2028; x_wconf 77' lang='grc' dir='ltr'><strong>Ὧς</strong></span> <span class='ocrx_word' id='word_1_277' title='bbox 1277 1952 1432 2032; x_wconf 78' lang='grc' dir='ltr'><strong>εἶναιδῆλον</strong></span> <span class='ocrx_word' id='word_1_278' title='bbox 1447 1964 1561 2022; x_wconf 82' lang='grc' dir='ltr'><strong>ἐντεῦθεν</strong></span> <span class='ocrx_word' id='word_1_279' title='bbox 1577 1963 1681 2035; x_wconf 77' lang='grc' dir='ltr'><strong>ἀνήκειν</strong></span> <span class='ocrx_word' id='word_1_280' title='bbox 1695 1989 1741 2042; x_wconf 89' lang='grc' dir='ltr'><strong>μοι</strong></span> 
     </span>
     <span class='ocr_line' id='line_1_20' title="bbox 132 2039 1740 2128; baseline 0.006 -26"><span class='ocrx_word' id='word_1_281' title='bbox 132 2066 208 2124; x_wconf 85' lang='grc' dir='ltr'><strong>τισιν,</strong></span> <span class='ocrx_word' id='word_1_282' title='bbox 222 2045 249 2104; x_wconf 83' lang='grc' dir='ltr'><strong>τί</strong></span> <span class='ocrx_word' id='word_1_283' title='bbox 261 2067 301 2116; x_wconf 85' lang='grc' dir='ltr'><strong>πη</strong></span> <span class='ocrx_word' id='word_1_284' title='bbox 312 2043 399 2122; x_wconf 82' lang='grc' dir='ltr'><strong>(εἴποι</strong></span> <span class='ocrx_word' id='word_1_285' title='bbox 409 2047 460 2123; x_wconf 86' lang='grc' dir='ltr'><strong>Ν.)</strong></span> <span class='ocrx_word' id='word_1_286' title='bbox 474 2044 502 2104; x_wconf 83' lang='grc' dir='ltr'><strong>δέ</strong></span> <span class='ocrx_word' id='word_1_287' title='bbox 514 2045 543 2104; x_wconf 78' lang='grc' dir='ltr'><strong>τὸ</strong></span> <span class='ocrx_word' id='word_1_288' title='bbox 553 2045 688 2124; x_wconf 78' lang='grc' dir='ltr'><strong>ἃρμύδιον,</strong></span> <span class='ocrx_word' id='word_1_289' title='bbox 701 2046 773 2106; x_wconf 70' lang='lat' dir='ltr'><strong>aiddu</strong></span> <span class='ocrx_word' id='word_1_290' title='bbox 782 2039 859 2118; x_wconf 80' lang='grc' dir='ltr'><strong>ήττον</strong></span> <span class='ocrx_word' id='word_1_291' title='bbox 871 2047 916 2106; x_wconf 80' lang='grc' dir='ltr'><strong>καί</strong></span> <span class='ocrx_word' id='word_1_292' title='bbox 960 2047 1008 2120; x_wconf 83' lang='grc' dir='ltr'><strong>τὴν</strong></span> <span class='ocrx_word' id='word_1_293' title='bbox 1023 2051 1126 2128; x_wconf 86' lang='grc' dir='ltr'><strong>χῶραν,</strong></span> <span class='ocrx_word' id='word_1_294' title='bbox 1137 2047 1182 2108; x_wconf 83' lang='grc' dir='ltr'><strong>καὶ</strong></span> <span class='ocrx_word' id='word_1_295' title='bbox 1191 2047 1261 2127; x_wconf 78' lang='grc' dir='ltr'><strong>ἔχειν</strong></span> <span class='ocrx_word' id='word_1_296' title='bbox 1274 2050 1321 2108; x_wconf 83' lang='grc' dir='ltr'><strong>οὐκ</strong></span> <span class='ocrx_word' id='word_1_297' title='bbox 1333 2051 1471 2127; x_wconf 71' lang='grc' dir='ltr'><strong>ἀρνοῦμαι.</strong></span> <span class='ocrx_word' id='word_1_298' title='bbox 1483 2050 1539 2111; x_wconf 81' lang='grc' dir='ltr'><strong>Καὶ</strong></span> <span class='ocrx_word' id='word_1_299' title='bbox 1553 2050 1637 2109; x_wconf 92' lang='grc' dir='ltr'><strong>τοίνυν</strong></span> <span class='ocrx_word' id='word_1_300' title='bbox 1648 2053 1740 2122; x_wconf 87' lang='grc' dir='ltr'><strong>δηλοῦ·</strong></span> 
     </span>
     <span class='ocr_line' id='line_1_21' title="bbox 131 2131 1739 2216; baseline 0.005 -26"><span class='ocrx_word' id='word_1_301' title='bbox 131 2131 196 2192; x_wconf 58' lang='lat' dir='ltr'><strong>airu</strong></span> <span class='ocrx_word' id='word_1_302' title='bbox 218 2131 334 2204; x_wconf 86' lang='grc' dir='ltr'><strong>νικήσει.</strong></span> <span class='ocrx_word' id='word_1_303' title='bbox 357 2133 502 2211; x_wconf 84' lang='grc' dir='ltr'><strong>Τοιγαροῦν</strong></span> <span class='ocrx_word' id='word_1_304' title='bbox 524 2137 541 2204; x_wconf 86' lang='grc' dir='ltr'>ἡ</span> <span class='ocrx_word' id='word_1_305' title='bbox 563 2132 642 2212; x_wconf 82' lang='grc' dir='ltr'><strong>σοφία</strong></span> <span class='ocrx_word' id='word_1_306' title='bbox 660 2133 753 2194; x_wconf 89' lang='grc' dir='ltr'><strong>τούτου</strong></span> <span class='ocrx_word' id='word_1_307' title='bbox 773 2133 849 2194; x_wconf 82' lang='grc' dir='ltr'><strong>ίνεκα</strong></span> <span class='ocrx_word' id='word_1_308' title='bbox 869 2138 916 2206; x_wconf 85' lang='grc' dir='ltr'><strong>τὴς</strong></span> <span class='ocrx_word' id='word_1_309' title='bbox 961 2158 1001 2194; x_wconf 89' lang='grc' dir='ltr'><strong>σιν</strong></span> <span class='ocrx_word' id='word_1_310' title='bbox 1013 2134 1183 2204; x_wconf 78' lang='grc' dir='ltr'><strong>ὑπακούοντες</strong></span> <span class='ocrx_word' id='word_1_311' title='bbox 1197 2141 1261 2211; x_wconf 81' lang='grc' dir='ltr'><strong>ἡμῖν</strong></span> <span class='ocrx_word' id='word_1_312' title='bbox 1275 2135 1457 2211; x_wconf 79' lang='grc' dir='ltr'><strong>ἀσμενέστατα</strong></span> <span class='ocrx_word' id='word_1_313' title='bbox 1470 2139 1508 2216; x_wconf 80' lang='grc' dir='ltr'><strong>τῷ</strong></span> <span class='ocrx_word' id='word_1_314' title='bbox 1519 2137 1565 2196; x_wconf 83' lang='grc' dir='ltr'><strong>καί</strong></span> <span class='ocrx_word' id='word_1_315' title='bbox 1576 2139 1629 2205; x_wconf 82' lang='grc' dir='ltr'><strong>τοῖς</strong></span> <span class='ocrx_word' id='word_1_316' title='bbox 1640 2139 1739 2206; x_wconf 90' lang='grc' dir='ltr'><strong>δούλοις</strong></span> 
     </span>
     <span class='ocr_line' id='line_1_22' title="bbox 134 2215 1738 2306; baseline 0.004 -29"><span class='ocrx_word' id='word_1_317' title='bbox 134 2221 221 2299; x_wconf 81' lang='grc' dir='ltr'><strong>ἰσχύος</strong></span> <span class='ocrx_word' id='word_1_318' title='bbox 242 2223 298 2278; x_wconf 88' lang='grc' dir='ltr'><strong>τῶν</strong></span> <span class='ocrx_word' id='word_1_319' title='bbox 318 2215 407 2278; x_wconf 79' lang='grc' dir='ltr'><strong>ὅπλων</strong></span> <span class='ocrx_word' id='word_1_320' title='bbox 421 2227 526 2299; x_wconf 84' lang='grc' dir='ltr'><strong>κρατεῖ,</strong></span> <span class='ocrx_word' id='word_1_321' title='bbox 544 2219 584 2278; x_wconf 74' lang='grc' dir='ltr'><strong>ὅτι</strong></span> <span class='ocrx_word' id='word_1_322' title='bbox 604 2221 722 2298; x_wconf 88' lang='grc' dir='ltr'><strong>πολέμου</strong></span> <span class='ocrx_word' id='word_1_323' title='bbox 740 2220 788 2298; x_wconf 77' lang='grc' dir='ltr'><strong>μέν</strong></span> <span class='ocrx_word' id='word_1_324' title='bbox 808 2220 916 2298; x_wconf 85' lang='grc' dir='ltr'><strong>δύναμις</strong></span> <span class='ocrx_word' id='word_1_325' title='bbox 961 2222 1088 2302; x_wconf 81' lang='grc' dir='ltr'><strong>ἄρχεσθαι</strong></span> <span class='ocrx_word' id='word_1_326' title='bbox 1098 2227 1151 2289; x_wconf 83' lang='grc' dir='ltr'><strong>τοῖς</strong></span> <span class='ocrx_word' id='word_1_327' title='bbox 1162 2227 1248 2300; x_wconf 83' lang='grc' dir='ltr'><strong>ἡμῶν.</strong></span> <span class='ocrx_word' id='word_1_328' title='bbox 1264 2222 1368 2298; x_wconf 83' lang='grc' dir='ltr'><strong>Ἀμέλει</strong></span> <span class='ocrx_word' id='word_1_329' title='bbox 1380 2223 1425 2282; x_wconf 84' lang='grc' dir='ltr'><strong>καί</strong></span> <span class='ocrx_word' id='word_1_330' title='bbox 1437 2227 1482 2282; x_wconf 86' lang='grc' dir='ltr'><strong>τοῦ</strong></span> <span class='ocrx_word' id='word_1_331' title='bbox 1494 2223 1547 2302; x_wconf 84' lang='grc' dir='ltr'><strong>Ζίχ</strong></span> <span class='ocrx_word' id='word_1_332' title='bbox 1559 2226 1585 2283; x_wconf 86' lang='grc' dir='ltr'><strong>έν</strong></span> <span class='ocrx_word' id='word_1_333' title='bbox 1599 2225 1738 2306; x_wconf 87' lang='grc' dir='ltr'><strong>γράμμασι</strong></span> 
     </span>
     <span class='ocr_line' id='line_1_23' title="bbox 133 2305 1737 2388; baseline 0.002 -23"><span class='ocrx_word' id='word_1_334' title='bbox 133 2309 181 2386; x_wconf 86' lang='grc' dir='ltr'><strong>οιίχ</strong></span> <span class='ocrx_word' id='word_1_335' title='bbox 191 2305 267 2366; x_wconf 84' lang='grc' dir='ltr'><strong>υίατε</strong></span> <span class='ocrx_word' id='word_1_336' title='bbox 278 2305 380 2388; x_wconf 81' lang='grc' dir='ltr'><strong>πέφυκε</strong></span> <span class='ocrx_word' id='word_1_337' title='bbox 392 2311 439 2366; x_wconf 89' lang='grc' dir='ltr'><strong>τοῦ</strong></span> <span class='ocrx_word' id='word_1_338' title='bbox 450 2307 581 2388; x_wconf 88' lang='grc' dir='ltr'><strong>πρακτέου</strong></span> <span class='ocrx_word' id='word_1_339' title='bbox 591 2308 711 2386; x_wconf 83' lang='grc' dir='ltr'><strong>γενέσθαι</strong></span> <span class='ocrx_word' id='word_1_340' title='bbox 726 2307 916 2388; x_wconf 84' lang='grc' dir='ltr'><strong>(περιγενέσθαι</strong></span> <span class='ocrx_word' id='word_1_341' title='bbox 960 2307 1137 2382; x_wconf 80' lang='grc' dir='ltr'><strong>δηλώσαντος,</strong></span> <span class='ocrx_word' id='word_1_342' title='bbox 1147 2313 1181 2378; x_wconf 80' lang='grc' dir='ltr'><strong>ὥς</strong></span> <span class='ocrx_word' id='word_1_343' title='bbox 1190 2309 1320 2386; x_wconf 84' lang='grc' dir='ltr'><strong>Ῥωμαῖοι</strong></span> <span class='ocrx_word' id='word_1_344' title='bbox 1333 2310 1462 2370; x_wconf 89' lang='grc' dir='ltr'><strong>Σσυανίαν</strong></span> <span class='ocrx_word' id='word_1_345' title='bbox 1474 2311 1624 2381; x_wconf 75' lang='grc' dir='ltr'><strong>ἐπιζητοῦσι</strong></span> <span class='ocrx_word' id='word_1_346' title='bbox 1635 2311 1737 2384; x_wconf 72' lang='grc' dir='ltr'><strong>λαθεῖν,</strong></span> 
     </span>
     <span class='ocr_line' id='line_1_24' title="bbox 134 2394 1737 2479; baseline 0.001 -25"><span class='ocrx_word' id='word_1_347' title='bbox 134 2397 196 2472; x_wconf 66' lang='grc' dir='ltr'><strong>θλ),</strong></span> <span class='ocrx_word' id='word_1_348' title='bbox 215 2397 240 2452; x_wconf 84' lang='grc' dir='ltr'><strong>εἷ</strong></span> <span class='ocrx_word' id='word_1_349' title='bbox 255 2394 296 2470; x_wconf 87' lang='grc' dir='ltr'><strong>μή</strong></span> <span class='ocrx_word' id='word_1_350' title='bbox 318 2417 361 2452; x_wconf 90' lang='grc' dir='ltr'><strong>πω</strong></span> <span class='ocrx_word' id='word_1_351' title='bbox 374 2394 421 2452; x_wconf 81' lang='grc' dir='ltr'><strong>καὶ</strong></span> <span class='ocrx_word' id='word_1_352' title='bbox 441 2394 536 2464; x_wconf 78' lang='grc' dir='ltr'><strong>ἑαυτὴν</strong></span> <span class='ocrx_word' id='word_1_353' title='bbox 551 2395 618 2466; x_wconf 83' lang='grc' dir='ltr'><strong>αύτὴ</strong></span> <span class='ocrx_word' id='word_1_354' title='bbox 631 2395 819 2474; x_wconf 86' lang='grc' dir='ltr'><strong>διαχρήσεται,</strong></span> <span class='ocrx_word' id='word_1_355' title='bbox 838 2395 869 2455; x_wconf 87' lang='grc' dir='ltr'><strong>τδ</strong></span> <span class='ocrx_word' id='word_1_356' title='bbox 886 2396 915 2455; x_wconf 78' lang='grc' dir='ltr'><strong>δέ</strong></span> <span class='ocrx_word' id='word_1_357' title='bbox 959 2401 1080 2456; x_wconf 88' lang='grc' dir='ltr'><strong>τοσοῦτον</strong></span> <span class='ocrx_word' id='word_1_358' title='bbox 1100 2397 1232 2476; x_wconf 84' lang='grc' dir='ltr'><strong>πόρρωθεν</strong></span> <span class='ocrx_word' id='word_1_359' title='bbox 1254 2396 1342 2476; x_wconf 86' lang='grc' dir='ltr'><strong>ᾠήθην</strong></span> <span class='ocrx_word' id='word_1_360' title='bbox 1357 2399 1424 2471; x_wconf 75' lang='grc' dir='ltr'><strong>ὑμᾶς</strong></span> <span class='ocrx_word' id='word_1_361' title='bbox 1447 2401 1492 2455; x_wconf 90' lang='grc' dir='ltr'><strong>τοῦ</strong></span> <span class='ocrx_word' id='word_1_362' title='bbox 1511 2398 1612 2458; x_wconf 88' lang='grc' dir='ltr'><strong>δικαίου</strong></span> <span class='ocrx_word' id='word_1_363' title='bbox 1636 2403 1737 2479; x_wconf 80' lang='grc' dir='ltr'><strong>φῆσαι,</strong></span> 
     </span>
     <span class='ocr_line' id='line_1_25' title="bbox 134 2479 1740 2568; baseline 0.005 -30"><span class='ocrx_word' id='word_1_364' title='bbox 134 2485 177 2552; x_wconf 73' lang='grc' dir='ltr'><strong>τῆς</strong></span> <span class='ocrx_word' id='word_1_365' title='bbox 186 2481 282 2562; x_wconf 80' lang='grc' dir='ltr'><strong>σοφίας</strong></span> <span class='ocrx_word' id='word_1_366' title='bbox 293 2479 436 2558; x_wconf 78' lang='grc' dir='ltr'><strong>ἀσώματον</strong></span> <span class='ocrx_word' id='word_1_367' title='bbox 449 2481 494 2540; x_wconf 81' lang='grc' dir='ltr'><strong>καί</strong></span> <span class='ocrx_word' id='word_1_368' title='bbox 501 2481 622 2563; x_wconf 89' lang='grc' dir='ltr'><strong>φρούριον</strong></span> <span class='ocrx_word' id='word_1_369' title='bbox 633 2481 793 2555; x_wconf 87' lang='grc' dir='ltr'><strong>καθέστηκεν</strong></span> <span class='ocrx_word' id='word_1_370' title='bbox 804 2486 913 2553; x_wconf 77' lang='grc' dir='ltr'><strong>ἑαυτῆς·</strong></span> <span class='ocrx_word' id='word_1_371' title='bbox 959 2483 1069 2542; x_wconf 86' lang='grc' dir='ltr'><strong>καθόσον</strong></span> <span class='ocrx_word' id='word_1_372' title='bbox 1084 2486 1113 2544; x_wconf 84' lang='grc' dir='ltr'><strong>οῦ</strong></span> <span class='ocrx_word' id='word_1_373' title='bbox 1130 2485 1242 2556; x_wconf 89' lang='grc' dir='ltr'><strong>πλησίον</strong></span> <span class='ocrx_word' id='word_1_374' title='bbox 1256 2484 1381 2560; x_wconf 79' lang='grc' dir='ltr'><strong>ἐγενόμην</strong></span> <span class='ocrx_word' id='word_1_375' title='bbox 1393 2489 1440 2543; x_wconf 92' lang='grc' dir='ltr'><strong>τοῦ</strong></span> <span class='ocrx_word' id='word_1_376' title='bbox 1454 2484 1587 2544; x_wconf 86' lang='grc' dir='ltr'><strong>πείθεσθαι</strong></span> <span class='ocrx_word' id='word_1_377' title='bbox 1599 2489 1636 2566; x_wconf 82' lang='grc' dir='ltr'><strong>τῷ</strong></span> <span class='ocrx_word' id='word_1_378' title='bbox 1651 2509 1740 2568; x_wconf 88' lang='grc' dir='ltr'><strong>παρα-</strong></span> 
     </span>
     <span class='ocr_line' id='line_1_26' title="bbox 132 2568 1739 2650; baseline 0.001 -22"><span class='ocrx_word' id='word_1_379' title='bbox 132 2569 228 2646; x_wconf 82' lang='grc' dir='ltr'><strong>τριίςγτ</strong></span> <span class='ocrx_word' id='word_1_380' title='bbox 242 2568 291 2628; x_wconf 80' lang='grc' dir='ltr'><strong>καί</strong></span> <span class='ocrx_word' id='word_1_381' title='bbox 310 2573 419 2649; x_wconf 84' lang='grc' dir='ltr'><strong>φρουρεῖ</strong></span> <span class='ocrx_word' id='word_1_382' title='bbox 428 2569 472 2630; x_wconf 75' lang='grc' dir='ltr'><strong>τὀν</strong></span> <span class='ocrx_word' id='word_1_383' title='bbox 489 2568 649 2646; x_wconf 85' lang='grc' dir='ltr'><strong>κεκτημένον</strong></span> <span class='ocrx_word' id='word_1_384' title='bbox 665 2569 759 2640; x_wconf 82' lang='grc' dir='ltr'><strong>αὐτήν.</strong></span> <span class='ocrx_word' id='word_1_385' title='bbox 779 2569 915 2630; x_wconf 81' lang='grc' dir='ltr'><strong>Ἐντεῦθεν</strong></span> <span class='ocrx_word' id='word_1_386' title='bbox 959 2568 1029 2650; x_wconf 84' lang='grc' dir='ltr'><strong>λόγῳ</strong></span> <span class='ocrx_word' id='word_1_387' title='bbox 1042 2573 1087 2641; x_wconf 82' lang='grc' dir='ltr'><strong>τὴς</strong></span> <span class='ocrx_word' id='word_1_388' title='bbox 1103 2573 1191 2642; x_wconf 81' lang='grc' dir='ltr'><strong>άκυῆς.</strong></span> <span class='ocrx_word' id='word_1_389' title='bbox 1211 2570 1287 2642; x_wconf 84' lang='grc' dir='ltr'><strong>Πλὴν</strong></span> <span class='ocrx_word' id='word_1_390' title='bbox 1301 2569 1482 2646; x_wconf 81' lang='grc' dir='ltr'><strong>ἡττηθήσομαι</strong></span> <span class='ocrx_word' id='word_1_391' title='bbox 1493 2577 1539 2630; x_wconf 88' lang='grc' dir='ltr'><strong>τοῦ</strong></span> <span class='ocrx_word' id='word_1_392' title='bbox 1554 2574 1677 2646; x_wconf 86' lang='grc' dir='ltr'><strong>δυνατοῦ,</strong></span> <span class='ocrx_word' id='word_1_393' title='bbox 1689 2595 1739 2632; x_wconf 81' lang='grc' dir='ltr'><strong>κα·</strong></span> 
     </span>
     <span class='ocr_line' id='line_1_27' title="bbox 131 2647 1740 2741; baseline 0.002 -26"><span class='ocrx_word' id='word_1_394' title='bbox 131 2648 173 2715; x_wconf 80' lang='grc' dir='ltr'><strong>σύν</strong></span> <span class='ocrx_word' id='word_1_395' title='bbox 186 2657 246 2716; x_wconf 79' lang='grc' dir='ltr'><strong>οῦδὲ</strong></span> <span class='ocrx_word' id='word_1_396' title='bbox 268 2656 347 2724; x_wconf 72' lang='lat' dir='ltr'><strong>atri&lt;</strong></span> <span class='ocrx_word' id='word_1_397' title='bbox 366 2647 626 2735; x_wconf 84' lang='grc' dir='ltr'><strong>[σὲ],ῶῬωμαίων</strong></span> <span class='ocrx_word' id='word_1_398' title='bbox 641 2657 806 2736; x_wconf 78' lang='grc' dir='ltr'><strong>πρεούευτδ,</strong></span> <span class='ocrx_word' id='word_1_399' title='bbox 824 2655 914 2737; x_wconf 79' lang='grc' dir='ltr'><strong>ὥσπερ</strong></span> <span class='ocrx_word' id='word_1_400' title='bbox 959 2657 1033 2716; x_wconf 85' lang='grc' dir='ltr'><strong>θόσον</strong></span> <span class='ocrx_word' id='word_1_401' title='bbox 1047 2657 1160 2731; x_wconf 86' lang='grc' dir='ltr'><strong>οίηθείην</strong></span> <span class='ocrx_word' id='word_1_402' title='bbox 1172 2658 1350 2736; x_wconf 87' lang='grc' dir='ltr'><strong>περιέσεσθαι,</strong></span> <span class='ocrx_word' id='word_1_403' title='bbox 1365 2657 1403 2735; x_wconf 87' lang='grc' dir='ltr'><strong>μὴ</strong></span> <span class='ocrx_word' id='word_1_404' title='bbox 1414 2657 1475 2736; x_wconf 81' lang='grc' dir='ltr'><strong>ούχί</strong></span> <span class='ocrx_word' id='word_1_405' title='bbox 1489 2657 1575 2718; x_wconf 73' lang='grc' dir='ltr'><strong>ταύτὰ</strong></span> <span class='ocrx_word' id='word_1_406' title='bbox 1586 2664 1689 2741; x_wconf 87' lang='grc' dir='ltr'><strong>φρονεῖν</strong></span> <span class='ocrx_word' id='word_1_407' title='bbox 1701 2663 1740 2740; x_wconf 81' lang='grc' dir='ltr'><strong>τῷ</strong></span> 
     </span>
     <span class='ocr_line' id='line_1_28' title="bbox 133 2737 1741 2825; baseline 0.004 -25"><span class='ocrx_word' id='word_1_408' title='bbox 133 2741 196 2810; x_wconf 77' lang='grc' dir='ltr'><strong>εἰκὸς</strong></span> <span class='ocrx_word' id='word_1_409' title='bbox 208 2745 237 2802; x_wconf 79' lang='grc' dir='ltr'><strong>έν</strong></span> <span class='ocrx_word' id='word_1_410' title='bbox 251 2740 371 2822; x_wconf 85' lang='grc' dir='ltr'><strong>τοσαύτῃ</strong></span> <span class='ocrx_word' id='word_1_411' title='bbox 392 2743 531 2824; x_wconf 68' lang='grc' dir='ltr'><strong>φιλοσοφίᾳ</strong></span> <span class='ocrx_word' id='word_1_412' title='bbox 542 2743 730 2824; x_wconf 81' lang='grc' dir='ltr'><strong>τεθραμμένον,</strong></span> <span class='ocrx_word' id='word_1_413' title='bbox 749 2737 768 2823; x_wconf 80' lang='grc' dir='ltr'><strong>ὴ</strong></span> <span class='ocrx_word' id='word_1_414' title='bbox 786 2744 914 2823; x_wconf 84' lang='grc' dir='ltr'><strong>περιεῖναι</strong></span> <span class='ocrx_word' id='word_1_415' title='bbox 960 2746 1019 2803; x_wconf 86' lang='grc' dir='ltr'><strong>καθ’</strong></span> <span class='ocrx_word' id='word_1_416' title='bbox 1029 2747 1098 2821; x_wconf 76' lang='grc' dir='ltr'><strong>ὑμᾶς</strong></span> <span class='ocrx_word' id='word_1_417' title='bbox 1111 2746 1224 2825; x_wconf 81' lang='grc' dir='ltr'><strong>βασιλεῖ.</strong></span> <span class='ocrx_word' id='word_1_418' title='bbox 1240 2744 1369 2812; x_wconf 82' lang='grc' dir='ltr'><strong>ιΤαύτας</strong></span> <span class='ocrx_word' id='word_1_419' title='bbox 1380 2745 1506 2816; x_wconf 84' lang='grc' dir='ltr'><strong>δήπουθεν</strong></span> <span class='ocrx_word' id='word_1_420' title='bbox 1517 2745 1596 2814; x_wconf 80' lang='grc' dir='ltr'><strong>αύτίις</strong></span> <span class='ocrx_word' id='word_1_421' title='bbox 1608 2747 1741 2820; x_wconf 82' lang='grc' dir='ltr'><strong>άπεκύησε</strong></span> 
     </span>
    </p>
   </div>
   <div class='ocr_carea' id='block_1_3' title="bbox 130 2919 1784 5155">
    <p class='ocr_par' dir='ltr' id='par_1_3' title="bbox 130 2919 1784 5155">
     <span class='ocr_line' id='line_1_29' title="bbox 131 2919 1743 2985; baseline 0.001 -15"><span class='ocrx_word' id='word_1_422' title='bbox 131 2921 210 2976; x_wconf 64' lang='lat' dir='ltr'><strong>Qun</strong></span> <span class='ocrx_word' id='word_1_423' title='bbox 218 2920 286 2970; x_wconf 84' lang='lat' dir='ltr'><strong>eninr</strong></span> <span class='ocrx_word' id='word_1_424' title='bbox 294 2923 458 2970; x_wconf 69' lang='lat' dir='ltr'><strong>moveantar</strong></span> <span class='ocrx_word' id='word_1_425' title='bbox 463 2919 745 2982; x_wconf 78' lang='lat' dir='ltr'><strong>contenderanus,quod</strong></span> <span class='ocrx_word' id='word_1_426' title='bbox 754 2920 915 2982; x_wconf 84' lang='lat' dir='ltr'><strong>etiamaperte</strong></span> <span class='ocrx_word' id='word_1_427' title='bbox 959 2931 1045 2968; x_wconf 86' lang='lat' dir='ltr'><strong>nomm</strong></span> <span class='ocrx_word' id='word_1_428' title='bbox 1057 2921 1147 2982; x_wconf 72' lang='lat' dir='ltr'><strong>tegata,</strong></span> <span class='ocrx_word' id='word_1_429' title='bbox 1157 2921 1177 2970; x_wconf 86' lang='lat' dir='ltr'><strong>si</strong></span> <span class='ocrx_word' id='word_1_430' title='bbox 1186 2933 1245 2984; x_wconf 74' lang='lat' dir='ltr'><strong>ego,</strong></span> <span class='ocrx_word' id='word_1_431' title='bbox 1257 2921 1299 2982; x_wconf 87' lang='lat' dir='ltr'><strong>qui</strong></span> <span class='ocrx_word' id='word_1_432' title='bbox 1311 2921 1431 2970; x_wconf 86' lang='lat' dir='ltr'><strong>anemine</strong></span> <span class='ocrx_word' id='word_1_433' title='bbox 1441 2920 1525 2982; x_wconf 88' lang='lat' dir='ltr'><strong>didici,</strong></span> <span class='ocrx_word' id='word_1_434' title='bbox 1534 2921 1579 2971; x_wconf 89' lang='lat' dir='ltr'><strong>tibi</strong></span> <span class='ocrx_word' id='word_1_435' title='bbox 1588 2935 1636 2971; x_wconf 89' lang='lat' dir='ltr'><strong>nnn</strong></span> <span class='ocrx_word' id='word_1_436' title='bbox 1647 2934 1743 2985; x_wconf 89' lang='lat' dir='ltr'><strong>persua·</strong></span> 
     </span>
     <span class='ocr_line' id='line_1_30' title="bbox 130 2995 1741 3061; baseline 0 -13"><span class='ocrx_word' id='word_1_437' title='bbox 130 2998 332 3058; x_wconf 63' lang='lat' dir='ltr'><strong>caedebamur,</strong></span> <span class='ocrx_word' id='word_1_438' title='bbox 349 2998 460 3048; x_wconf 76' lang='lat' dir='ltr'><strong>naricam</strong></span> <span class='ocrx_word' id='word_1_439' title='bbox 472 3011 488 3048; x_wconf 88' lang='grc' dir='ltr'><strong>ε</strong></span> <span class='ocrx_word' id='word_1_440' title='bbox 499 2999 571 3061; x_wconf 77' lang='lat' dir='ltr'><strong>ionga</strong></span> <span class='ocrx_word' id='word_1_441' title='bbox 586 3000 696 3061; x_wconf 86' lang='lat' dir='ltr'><strong>tempora</strong></span> <span class='ocrx_word' id='word_1_442' title='bbox 708 3011 724 3047; x_wconf 89' lang='lat' dir='ltr'><strong>a</strong></span> <span class='ocrx_word' id='word_1_443' title='bbox 735 2998 848 3048; x_wconf 83' lang='lat' dir='ltr'><strong>Romania</strong></span> <span class='ocrx_word' id='word_1_444' title='bbox 859 3011 914 3061; x_wconf 90' lang='lat' dir='ltr'><strong>pos·</strong></span> <span class='ocrx_word' id='word_1_445' title='bbox 958 2995 1046 3059; x_wconf 89' lang='lat' dir='ltr'><strong>deam,</strong></span> <span class='ocrx_word' id='word_1_446' title='bbox 1058 2998 1101 3060; x_wconf 89' lang='lat' dir='ltr'><strong>qui</strong></span> <span class='ocrx_word' id='word_1_447' title='bbox 1115 2998 1284 3061; x_wconf 74' lang='lat' dir='ltr'><strong>philosophicis</strong></span> <span class='ocrx_word' id='word_1_448' title='bbox 1297 2997 1427 3060; x_wconf 82' lang='lat' dir='ltr'><strong>disciplinis</strong></span> <span class='ocrx_word' id='word_1_449' title='bbox 1442 2999 1503 3048; x_wconf 89' lang='lat' dir='ltr'><strong>adeo</strong></span> <span class='ocrx_word' id='word_1_450' title='bbox 1520 3000 1650 3050; x_wconf 84' lang='lat' dir='ltr'><strong>innutritus</strong></span> <span class='ocrx_word' id='word_1_451' title='bbox 1661 3001 1687 3050; x_wconf 91' lang='lat' dir='ltr'><strong>ct</strong></span> <span class='ocrx_word' id='word_1_452' title='bbox 1699 3001 1741 3050; x_wconf 88' lang='lat' dir='ltr'><strong>im·</strong></span> 
     </span>
     <span class='ocr_line' id='line_1_31' title="bbox 130 3073 1742 3138; baseline 0.001 -14"><span class='ocrx_word' id='word_1_453' title='bbox 130 3085 218 3124; x_wconf 66' lang='lat' dir='ltr'><strong>ausam</strong></span> <span class='ocrx_word' id='word_1_454' title='bbox 236 3075 327 3138; x_wconf 77' lang='lat' dir='ltr'><strong>tuisse,</strong></span> <span class='ocrx_word' id='word_1_455' title='bbox 340 3075 367 3124; x_wconf 91' lang='lat' dir='ltr'><strong>tu</strong></span> <span class='ocrx_word' id='word_1_456' title='bbox 378 3076 463 3124; x_wconf 86' lang='lat' dir='ltr'><strong>contra</strong></span> <span class='ocrx_word' id='word_1_457' title='bbox 472 3088 526 3125; x_wconf 91' lang='lat' dir='ltr'><strong>eam</strong></span> <span class='ocrx_word' id='word_1_458' title='bbox 537 3075 580 3125; x_wconf 87' lang='lat' dir='ltr'><strong>tibi</strong></span> <span class='ocrx_word' id='word_1_459' title='bbox 590 3074 647 3124; x_wconf 86' lang='lat' dir='ltr'><strong>beiti</strong></span> <span class='ocrx_word' id='word_1_460' title='bbox 662 3075 714 3136; x_wconf 82' lang='lat' dir='ltr'><strong>iure</strong></span> <span class='ocrx_word' id='word_1_461' title='bbox 723 3075 843 3138; x_wconf 78' lang='lat' dir='ltr'><strong>propriam</strong></span> <span class='ocrx_word' id='word_1_462' title='bbox 856 3075 914 3124; x_wconf 84' lang='lat' dir='ltr'><strong>eiic-</strong></span> <span class='ocrx_word' id='word_1_463' title='bbox 959 3073 1032 3126; x_wconf 89' lang='lat' dir='ltr'><strong>buius</strong></span> <span class='ocrx_word' id='word_1_464' title='bbox 1042 3075 1127 3136; x_wconf 82' lang='lat' dir='ltr'><strong>tueris,</strong></span> <span class='ocrx_word' id='word_1_465' title='bbox 1137 3077 1165 3126; x_wconf 93' lang='lat' dir='ltr'><strong>ut</strong></span> <span class='ocrx_word' id='word_1_466' title='bbox 1174 3077 1281 3126; x_wconf 86' lang='lat' dir='ltr'><strong>oratione</strong></span> <span class='ocrx_word' id='word_1_467' title='bbox 1296 3076 1443 3138; x_wconf 86' lang='lat' dir='ltr'><strong>superiorem</strong></span> <span class='ocrx_word' id='word_1_468' title='bbox 1457 3089 1508 3126; x_wconf 82' lang='lat' dir='ltr'><strong>ease</strong></span> <span class='ocrx_word' id='word_1_469' title='bbox 1519 3077 1632 3127; x_wconf 85' lang='lat' dir='ltr'><strong>didiceris</strong></span> <span class='ocrx_word' id='word_1_470' title='bbox 1643 3093 1648 3125; x_wconf 93' lang='lat'>:</span> <span class='ocrx_word' id='word_1_471' title='bbox 1659 3081 1742 3127; x_wconf 84' lang='lat' dir='ltr'><strong>tamen</strong></span> 
     </span>
     <span class='ocr_line' id='line_1_32' title="bbox 130 3151 1740 3216; baseline 0.001 -16"><span class='ocrx_word' id='word_1_472' title='bbox 130 3153 193 3200; x_wconf 77' lang='lat' dir='ltr'><strong>dam</strong></span> <span class='ocrx_word' id='word_1_473' title='bbox 201 3151 301 3212; x_wconf 59' lang='lat' dir='ltr'><strong>dixirim</strong></span> <span class='ocrx_word' id='word_1_474' title='bbox 313 3151 574 3203; x_wconf 74' lang='lat' dir='ltr'><strong>niuiioninueiileaarn</strong></span> <span class='ocrx_word' id='word_1_475' title='bbox 582 3151 701 3214; x_wconf 82' lang='lat' dir='ltr'><strong>justitiam</strong></span> <span class='ocrx_word' id='word_1_476' title='bbox 711 3164 762 3202; x_wconf 86' lang='lat' dir='ltr'><strong>esse</strong></span> <span class='ocrx_word' id='word_1_477' title='bbox 770 3151 880 3212; x_wconf 80' lang='lat' dir='ltr'><strong>uoluisti,</strong></span> <span class='ocrx_word' id='word_1_478' title='bbox 890 3152 915 3202; x_wconf 90' lang='lat' dir='ltr'><strong>et</strong></span> <span class='ocrx_word' id='word_1_479' title='bbox 960 3153 1078 3214; x_wconf 85' lang='lat' dir='ltr'><strong>quantum</strong></span> <span class='ocrx_word' id='word_1_480' title='bbox 1088 3152 1113 3201; x_wconf 92' lang='lat' dir='ltr'><strong>iu</strong></span> <span class='ocrx_word' id='word_1_481' title='bbox 1122 3165 1161 3202; x_wconf 90' lang='lat' dir='ltr'><strong>me</strong></span> <span class='ocrx_word' id='word_1_482' title='bbox 1170 3151 1230 3212; x_wconf 84' lang='lat' dir='ltr'><strong>crit,</strong></span> <span class='ocrx_word' id='word_1_483' title='bbox 1242 3151 1286 3201; x_wconf 84' lang='lat' dir='ltr'><strong>eiai</strong></span> <span class='ocrx_word' id='word_1_484' title='bbox 1295 3163 1344 3200; x_wconf 91' lang='lat' dir='ltr'><strong>nnn</strong></span> <span class='ocrx_word' id='word_1_485' title='bbox 1353 3151 1478 3202; x_wconf 82' lang='lat' dir='ltr'><strong>luculento</strong></span> <span class='ocrx_word' id='word_1_486' title='bbox 1489 3153 1618 3202; x_wconf 84' lang='lat' dir='ltr'><strong>uerborum</strong></span> <span class='ocrx_word' id='word_1_487' title='bbox 1627 3153 1740 3216; x_wconf 80' lang='lat' dir='ltr'><strong>artificio,</strong></span> 
     </span>
     <span class='ocr_line' id='line_1_33' title="bbox 130 3227 1742 3292; baseline 0.002 -14"><span class='ocrx_word' id='word_1_488' title='bbox 130 3227 389 3290; x_wconf 76' lang='lat' dir='ltr'><strong>tunperatamtrabere</strong></span> <span class='ocrx_word' id='word_1_489' title='bbox 399 3229 568 3292; x_wconf 75' lang='lat' dir='ltr'><strong>mgitationena</strong></span> <span class='ocrx_word' id='word_1_490' title='bbox 585 3241 659 3292; x_wconf 80' lang='lat' dir='ltr'><strong>quam</strong></span> <span class='ocrx_word' id='word_1_491' title='bbox 676 3241 777 3279; x_wconf 86' lang='lat' dir='ltr'><strong>manum</strong></span> <span class='ocrx_word' id='word_1_492' title='bbox 792 3230 914 3291; x_wconf 89' lang='lat' dir='ltr'><strong>potentem</strong></span> <span class='ocrx_word' id='word_1_493' title='bbox 959 3241 991 3278; x_wconf 81' lang='lat' dir='ltr'><strong>ex</strong></span> <span class='ocrx_word' id='word_1_494' title='bbox 1001 3229 1076 3279; x_wconf 86' lang='lat' dir='ltr'><strong>anirni</strong></span> <span class='ocrx_word' id='word_1_495' title='bbox 1087 3231 1135 3279; x_wconf 91' lang='lat' dir='ltr'><strong>mei</strong></span> <span class='ocrx_word' id='word_1_496' title='bbox 1146 3229 1264 3280; x_wconf 69' lang='lat' dir='ltr'><strong>oeuuntia</strong></span> <span class='ocrx_word' id='word_1_497' title='bbox 1274 3229 1339 3292; x_wconf 85' lang='lat' dir='ltr'><strong>quod</strong></span> <span class='ocrx_word' id='word_1_498' title='bbox 1349 3231 1441 3290; x_wconf 86' lang='lat' dir='ltr'><strong>justum</strong></span> <span class='ocrx_word' id='word_1_499' title='bbox 1457 3233 1494 3280; x_wconf 84' lang='lat' dir='ltr'><strong>ast</strong></span> <span class='ocrx_word' id='word_1_500' title='bbox 1514 3245 1632 3292; x_wconf 85' lang='lat' dir='ltr'><strong>promam.</strong></span> <span class='ocrx_word' id='word_1_501' title='bbox 1653 3235 1742 3282; x_wconf 85' lang='lat' dir='ltr'><strong>Dcnrus</strong></span> 
     </span>
     <span class='ocr_line' id='line_1_34' title="bbox 131 3303 1741 3370; baseline 0.004 -17"><span class='ocrx_word' id='word_1_502' title='bbox 131 3305 208 3366; x_wconf 87' lang='lat' dir='ltr'><strong>potins</strong></span> <span class='ocrx_word' id='word_1_503' title='bbox 227 3303 332 3354; x_wconf 74' lang='lat' dir='ltr'><strong>duxisti.</strong></span> <span class='ocrx_word' id='word_1_504' title='bbox 350 3309 445 3366; x_wconf 83' lang='lat' dir='ltr'><strong>Quare,</strong></span> <span class='ocrx_word' id='word_1_505' title='bbox 467 3318 524 3370; x_wconf 82' lang='lat' dir='ltr'><strong>quae</strong></span> <span class='ocrx_word' id='word_1_506' title='bbox 543 3305 611 3356; x_wconf 87' lang='lat' dir='ltr'><strong>nulia</strong></span> <span class='ocrx_word' id='word_1_507' title='bbox 629 3309 682 3358; x_wconf 87' lang='lat' dir='ltr'><strong>crat</strong></span> <span class='ocrx_word' id='word_1_508' title='bbox 697 3305 840 3366; x_wconf 67' lang='lat' dir='ltr'><strong>nemesius,</strong></span> <span class='ocrx_word' id='word_1_509' title='bbox 861 3318 915 3358; x_wconf 85' lang='lat' dir='ltr'><strong>eam</strong></span> <span class='ocrx_word' id='word_1_510' title='bbox 958 3305 1183 3358; x_wconf 82' lang='lat' dir='ltr'><strong>desuaniaterera</strong></span> <span class='ocrx_word' id='word_1_511' title='bbox 1193 3307 1466 3369; x_wconf 78' lang='lat' dir='ltr'><strong>dixisse,etiinserem</strong></span> <span class='ocrx_word' id='word_1_512' title='bbox 1477 3308 1565 3358; x_wconf 85' lang='lat' dir='ltr'><strong>habere</strong></span> <span class='ocrx_word' id='word_1_513' title='bbox 1578 3313 1620 3361; x_wconf 76' lang='lat' dir='ltr'><strong>rat</strong></span> <span class='ocrx_word' id='word_1_514' title='bbox 1631 3311 1741 3360; x_wconf 81' lang='lat' dir='ltr'><strong>Loricam</strong></span> 
     </span>
     <span class='ocr_line' id='line_1_35' title="bbox 131 3381 1741 3448; baseline 0.002 -14"><span class='ocrx_word' id='word_1_515' title='bbox 131 3385 213 3446; x_wconf 76' lang='lat' dir='ltr'><strong>sponte</strong></span> <span class='ocrx_word' id='word_1_516' title='bbox 232 3383 279 3432; x_wconf 87' lang='lat' dir='ltr'><strong>tibi</strong></span> <span class='ocrx_word' id='word_1_517' title='bbox 296 3385 465 3434; x_wconf 84' lang='lat' dir='ltr'><strong>necessitatem</strong></span> <span class='ocrx_word' id='word_1_518' title='bbox 483 3385 633 3448; x_wconf 83' lang='lat' dir='ltr'><strong>imposuisti,</strong></span> <span class='ocrx_word' id='word_1_519' title='bbox 651 3386 677 3436; x_wconf 90' lang='lat' dir='ltr'><strong>et</strong></span> <span class='ocrx_word' id='word_1_520' title='bbox 693 3397 807 3448; x_wconf 81' lang='lat' dir='ltr'><strong>generoso</strong></span> <span class='ocrx_word' id='word_1_521' title='bbox 823 3383 914 3445; x_wconf 78' lang='lat' dir='ltr'><strong>judicio</strong></span> <span class='ocrx_word' id='word_1_522' title='bbox 958 3381 1128 3446; x_wconf 78' lang='lat' dir='ltr'><strong>beilusubegi;</strong></span> <span class='ocrx_word' id='word_1_523' title='bbox 1141 3385 1368 3448; x_wconf 83' lang='lat' dir='ltr'><strong>suanosnunpunm</strong></span> <span class='ocrx_word' id='word_1_524' title='bbox 1384 3384 1449 3436; x_wconf 90' lang='lat' dir='ltr'><strong>beiio</strong></span> <span class='ocrx_word' id='word_1_525' title='bbox 1465 3387 1562 3448; x_wconf 87' lang='lat' dir='ltr'><strong>appetii.</strong></span> <span class='ocrx_word' id='word_1_526' title='bbox 1586 3387 1644 3437; x_wconf 87' lang='lat' dir='ltr'><strong>solo</strong></span> <span class='ocrx_word' id='word_1_527' title='bbox 1656 3388 1741 3438; x_wconf 82' lang='lat' dir='ltr'><strong>auriitu</strong></span> 
     </span>
     <span class='ocr_line' id='line_1_36' title="bbox 131 3461 1741 3524; baseline 0.003 -14"><span class='ocrx_word' id='word_1_528' title='bbox 131 3463 213 3510; x_wconf 79' lang='lat' dir='ltr'><strong>tantm</strong></span> <span class='ocrx_word' id='word_1_529' title='bbox 227 3463 255 3510; x_wconf 85' lang='lat' dir='ltr'><strong>te</strong></span> <span class='ocrx_word' id='word_1_530' title='bbox 264 3461 345 3524; x_wconf 83' lang='lat' dir='ltr'><strong>ipsum</strong></span> <span class='ocrx_word' id='word_1_531' title='bbox 356 3461 516 3524; x_wconf 77' lang='lat' dir='ltr'><strong>pronuntiasti</strong></span> <span class='ocrx_word' id='word_1_532' title='bbox 527 3481 534 3512; x_wconf 83' lang='grc' dir='ltr'><strong>ι</strong></span> <span class='ocrx_word' id='word_1_533' title='bbox 544 3462 575 3512; x_wconf 86' lang='lat' dir='ltr'><strong>ab</strong></span> <span class='ocrx_word' id='word_1_534' title='bbox 587 3462 712 3512; x_wconf 84' lang='lat' dir='ltr'><strong>honestate</strong></span> <span class='ocrx_word' id='word_1_535' title='bbox 723 3464 748 3512; x_wconf 91' lang='lat' dir='ltr'><strong>te</strong></span> <span class='ocrx_word' id='word_1_536' title='bbox 757 3461 848 3511; x_wconf 87' lang='lat' dir='ltr'><strong>rictum</strong></span> <span class='ocrx_word' id='word_1_537' title='bbox 863 3473 915 3513; x_wconf 88' lang='lat' dir='ltr'><strong>esse</strong></span> <span class='ocrx_word' id='word_1_538' title='bbox 958 3462 1116 3510; x_wconf 84' lang='lat' dir='ltr'><strong>aitermeroe</strong></span> <span class='ocrx_word' id='word_1_539' title='bbox 1126 3461 1271 3524; x_wconf 82' lang='lat' dir='ltr'><strong>accepi,qui</strong></span> <span class='ocrx_word' id='word_1_540' title='bbox 1284 3461 1438 3524; x_wconf 79' lang='lat' dir='ltr'><strong>significauit,</strong></span> <span class='ocrx_word' id='word_1_541' title='bbox 1449 3464 1569 3524; x_wconf 76' lang='lat' dir='ltr'><strong>regionem</strong></span> <span class='ocrx_word' id='word_1_542' title='bbox 1582 3477 1694 3515; x_wconf 81' lang='lat' dir='ltr'><strong>annesae</strong></span> <span class='ocrx_word' id='word_1_543' title='bbox 1703 3465 1741 3514; x_wconf 85' lang='lat' dir='ltr'><strong>tii·</strong></span> 
     </span>
     <span class='ocr_line' id='line_1_37' title="bbox 132 3537 1741 3602; baseline 0.001 -16"><span class='ocrx_word' id='word_1_544' title='bbox 132 3539 269 3599; x_wconf 78' lang='lat' dir='ltr'><strong>eanieasns,</strong></span> <span class='ocrx_word' id='word_1_545' title='bbox 293 3537 365 3600; x_wconf 83' lang='lat' dir='ltr'><strong>piane</strong></span> <span class='ocrx_word' id='word_1_546' title='bbox 384 3538 455 3588; x_wconf 86' lang='lat' dir='ltr'><strong>nobis</strong></span> <span class='ocrx_word' id='word_1_547' title='bbox 471 3540 584 3589; x_wconf 67' lang='lat' dir='ltr'><strong>naricam</strong></span> <span class='ocrx_word' id='word_1_548' title='bbox 603 3538 742 3602; x_wconf 78' lang='lat' dir='ltr'><strong>restituisti,</strong></span> <span class='ocrx_word' id='word_1_549' title='bbox 756 3539 781 3588; x_wconf 89' lang='lat' dir='ltr'><strong>et</strong></span> <span class='ocrx_word' id='word_1_550' title='bbox 797 3539 913 3600; x_wconf 69' lang='lat' dir='ltr'><strong>unquam</strong></span> <span class='ocrx_word' id='word_1_551' title='bbox 957 3547 1029 3596; x_wconf 82' lang='lat' dir='ltr'><strong>gnam</strong></span> <span class='ocrx_word' id='word_1_552' title='bbox 1045 3538 1127 3586; x_wconf 85' lang='lat' dir='ltr'><strong>nostra</strong></span> <span class='ocrx_word' id='word_1_553' title='bbox 1139 3549 1211 3596; x_wconf 88' lang='lat' dir='ltr'><strong>cura,</strong></span> <span class='ocrx_word' id='word_1_554' title='bbox 1223 3548 1355 3598; x_wconf 86' lang='lat' dir='ltr'><strong>nequepro</strong></span> <span class='ocrx_word' id='word_1_555' title='bbox 1367 3549 1417 3598; x_wconf 88' lang='lat' dir='ltr'><strong>qua</strong></span> <span class='ocrx_word' id='word_1_556' title='bbox 1431 3539 1594 3598; x_wconf 87' lang='lat' dir='ltr'><strong>certaremus,</strong></span> <span class='ocrx_word' id='word_1_557' title='bbox 1613 3551 1692 3601; x_wconf 80' lang='lat' dir='ltr'><strong>neque</strong></span> <span class='ocrx_word' id='word_1_558' title='bbox 1703 3553 1741 3589; x_wconf 87' lang='lat' dir='ltr'><strong>re·</strong></span> 
     </span>
     <span class='ocr_line' id='line_1_38' title="bbox 132 3611 1742 3682; baseline 0.002 -20"><span class='ocrx_word' id='word_1_559' title='bbox 132 3617 239 3663; x_wconf 77' lang='grc' dir='ltr'><strong>οοευσω</strong></span> <span class='ocrx_word' id='word_1_560' title='bbox 256 3613 383 3676; x_wconf 85' lang='lat' dir='ltr'><strong>proprium</strong></span> <span class='ocrx_word' id='word_1_561' title='bbox 401 3614 573 3682; x_wconf 82' lang='lat' dir='ltr'><strong>patrimonium</strong></span> <span class='ocrx_word' id='word_1_562' title='bbox 589 3627 643 3665; x_wconf 84' lang='lat' dir='ltr'><strong>eam</strong></span> <span class='ocrx_word' id='word_1_563' title='bbox 659 3614 755 3665; x_wconf 77' lang='lat' dir='ltr'><strong>undena</strong></span> <span class='ocrx_word' id='word_1_564' title='bbox 767 3615 819 3676; x_wconf 75' lang='lat' dir='ltr'><strong>eius</strong></span> <span class='ocrx_word' id='word_1_565' title='bbox 839 3615 912 3678; x_wconf 85' lang='lat' dir='ltr'><strong>possi·</strong></span> <span class='ocrx_word' id='word_1_566' title='bbox 957 3625 1011 3672; x_wconf 76' lang='lat' dir='ltr'><strong>gem</strong></span> <span class='ocrx_word' id='word_1_567' title='bbox 1022 3611 1107 3663; x_wconf 71' lang='lat' dir='ltr'><strong>decere</strong></span> <span class='ocrx_word' id='word_1_568' title='bbox 1118 3612 1254 3662; x_wconf 75' lang='lat' dir='ltr'><strong>inuicterrre</strong></span> <span class='ocrx_word' id='word_1_569' title='bbox 1264 3613 1355 3662; x_wconf 86' lang='lat' dir='ltr'><strong>betium</strong></span> <span class='ocrx_word' id='word_1_570' title='bbox 1367 3612 1464 3664; x_wconf 87' lang='lat' dir='ltr'><strong>inierrc.</strong></span> <span class='ocrx_word' id='word_1_571' title='bbox 1482 3613 1559 3664; x_wconf 86' lang='lat' dir='ltr'><strong>sitam</strong></span> <span class='ocrx_word' id='word_1_572' title='bbox 1571 3628 1622 3666; x_wconf 82' lang='lat' dir='ltr'><strong>esse</strong></span> <span class='ocrx_word' id='word_1_573' title='bbox 1633 3615 1742 3666; x_wconf 88' lang='lat' dir='ltr'><strong>intereas</strong></span> 
     </span>
     <span class='ocr_line' id='line_1_39' title="bbox 132 3689 1742 3760; baseline 0.004 -18"><span class='ocrx_word' id='word_1_574' title='bbox 132 3689 214 3742; x_wconf 66' lang='lat' dir='ltr'><strong>dnae</strong></span> <span class='ocrx_word' id='word_1_575' title='bbox 234 3693 382 3755; x_wconf 77' lang='lat' dir='ltr'><strong>potestatem</strong></span> <span class='ocrx_word' id='word_1_576' title='bbox 401 3693 426 3743; x_wconf 88' lang='lat' dir='ltr'><strong>in</strong></span> <span class='ocrx_word' id='word_1_577' title='bbox 443 3706 489 3745; x_wconf 85' lang='lat' dir='ltr'><strong>noe</strong></span> <span class='ocrx_word' id='word_1_578' title='bbox 506 3694 664 3756; x_wconf 73' lang='lat' dir='ltr'><strong>tranetuiisti3</strong></span> <span class='ocrx_word' id='word_1_579' title='bbox 684 3693 750 3756; x_wconf 82' lang='lat' dir='ltr'><strong>quod</strong></span> <span class='ocrx_word' id='word_1_580' title='bbox 761 3695 787 3744; x_wconf 89' lang='lat' dir='ltr'><strong>ct</strong></span> <span class='ocrx_word' id='word_1_581' title='bbox 802 3693 866 3744; x_wconf 81' lang='lat' dir='ltr'><strong>idem</strong></span> <span class='ocrx_word' id='word_1_582' title='bbox 882 3693 914 3746; x_wconf 90' lang='lat' dir='ltr'><strong>de</strong></span> <span class='ocrx_word' id='word_1_583' title='bbox 957 3696 1119 3756; x_wconf 54' lang='lat' dir='ltr'><strong>gentemque</strong></span> <span class='ocrx_word' id='word_1_584' title='bbox 1130 3694 1194 3744; x_wconf 90' lang='lat' dir='ltr'><strong>circa</strong></span> <span class='ocrx_word' id='word_1_585' title='bbox 1205 3693 1473 3755; x_wconf 86' lang='lat' dir='ltr'><strong>caucasumhabitant,</strong></span> <span class='ocrx_word' id='word_1_586' title='bbox 1485 3694 1573 3745; x_wconf 83' lang='lat' dir='ltr'><strong>trabere</strong></span> <span class='ocrx_word' id='word_1_587' title='bbox 1585 3697 1742 3760; x_wconf 78' lang='lat' dir='ltr'><strong>reguiam,et</strong></span> 
     </span>
     <span class='ocr_line' id='line_1_40' title="bbox 132 3770 1740 3835; baseline 0.002 -15"><span class='ocrx_word' id='word_1_588' title='bbox 132 3771 219 3820; x_wconf 77' lang='lat' dir='ltr'><strong>samia</strong></span> <span class='ocrx_word' id='word_1_589' title='bbox 234 3770 357 3834; x_wconf 81' lang='lat' dir='ltr'><strong>supptices</strong></span> <span class='ocrx_word' id='word_1_590' title='bbox 369 3771 488 3834; x_wconf 84' lang='lat' dir='ltr'><strong>petimus,</strong></span> <span class='ocrx_word' id='word_1_591' title='bbox 508 3773 537 3822; x_wconf 94' lang='lat' dir='ltr'><strong>nt</strong></span> <span class='ocrx_word' id='word_1_592' title='bbox 547 3773 621 3834; x_wconf 81' lang='lat' dir='ltr'><strong>gratis</strong></span> <span class='ocrx_word' id='word_1_593' title='bbox 634 3771 700 3834; x_wconf 84' lang='lat' dir='ltr'><strong>quod</strong></span> <span class='ocrx_word' id='word_1_594' title='bbox 712 3770 781 3822; x_wconf 86' lang='lat' dir='ltr'><strong>nobis</strong></span> <span class='ocrx_word' id='word_1_595' title='bbox 791 3772 913 3835; x_wconf 89' lang='lat' dir='ltr'><strong>proprium</strong></span> <span class='ocrx_word' id='word_1_596' title='bbox 957 3781 1009 3819; x_wconf 86' lang='lat' dir='ltr'><strong>esse</strong></span> <span class='ocrx_word' id='word_1_597' title='bbox 1023 3771 1152 3820; x_wconf 83' lang='lat' dir='ltr'><strong>transitum</strong></span> <span class='ocrx_word' id='word_1_598' title='bbox 1171 3770 1326 3832; x_wconf 76' lang='lat' dir='ltr'><strong>scytharum.</strong></span> <span class='ocrx_word' id='word_1_599' title='bbox 1347 3771 1455 3822; x_wconf 84' lang='lat' dir='ltr'><strong>Decessit</strong></span> <span class='ocrx_word' id='word_1_600' title='bbox 1465 3773 1623 3832; x_wconf 82' lang='lat' dir='ltr'><strong>itierrneroes,</strong></span> <span class='ocrx_word' id='word_1_601' title='bbox 1640 3773 1740 3824; x_wconf 86' lang='lat' dir='ltr'><strong>admini-</strong></span> 
     </span>
     <span class='ocr_line' id='line_1_41' title="bbox 132 3846 1738 3914; baseline 0.004 -18"><span class='ocrx_word' id='word_1_602' title='bbox 132 3849 182 3908; x_wconf 73' lang='grc' dir='ltr'><strong>ατ,</strong></span> <span class='ocrx_word' id='word_1_603' title='bbox 193 3847 353 3911; x_wconf 84' lang='lat' dir='ltr'><strong>recipiamus,</strong></span> <span class='ocrx_word' id='word_1_604' title='bbox 365 3850 431 3898; x_wconf 86' lang='lat' dir='ltr'><strong>etot</strong></span> <span class='ocrx_word' id='word_1_605' title='bbox 442 3847 568 3900; x_wconf 83' lang='lat' dir='ltr'><strong>nnsrobis</strong></span> <span class='ocrx_word' id='word_1_606' title='bbox 584 3849 672 3912; x_wconf 76' lang='lat' dir='ltr'><strong>gratias</strong></span> <span class='ocrx_word' id='word_1_607' title='bbox 691 3847 836 3910; x_wconf 85' lang='lat' dir='ltr'><strong>habeamus,</strong></span> <span class='ocrx_word' id='word_1_608' title='bbox 848 3849 913 3911; x_wconf 84' lang='lat' dir='ltr'><strong>quod</strong></span> <span class='ocrx_word' id='word_1_609' title='bbox 956 3846 1096 3898; x_wconf 72' lang='lat' dir='ltr'><strong>strationem</strong></span> <span class='ocrx_word' id='word_1_610' title='bbox 1110 3847 1230 3898; x_wconf 79' lang='lat' dir='ltr'><strong>exercitus</strong></span> <span class='ocrx_word' id='word_1_611' title='bbox 1241 3847 1346 3910; x_wconf 77' lang='lat' dir='ltr'><strong>suscepit</strong></span> <span class='ocrx_word' id='word_1_612' title='bbox 1361 3847 1738 3914; x_wconf 65' lang='lat' dir='ltr'><strong>itacirocrpantii&#39;ocirorocom</strong></span> 
     </span>
     <span class='ocr_line' id='line_1_42' title="bbox 133 3924 1740 3996; baseline 0.002 -22"><span class='ocrx_word' id='word_1_613' title='bbox 133 3927 361 3988; x_wconf 82' lang='lat' dir='ltr'><strong>eu‚qnadnostrura</strong></span> <span class='ocrx_word' id='word_1_614' title='bbox 369 3925 913 3992; x_wconf 82' lang='lat' dir='ltr'><strong>eat,miniruenoemuictareritie:vosautem</strong></span> <span class='ocrx_word' id='word_1_615' title='bbox 957 3924 1181 3996; x_wconf 76' lang='grc' dir='ltr'><strong>ομλοοθιίορε).</strong></span> <span class='ocrx_word' id='word_1_616' title='bbox 1196 3925 1296 3988; x_wconf 84' lang='lat' dir='ltr'><strong>scripsit</strong></span> <span class='ocrx_word' id='word_1_617' title='bbox 1318 3925 1437 3976; x_wconf 87' lang='lat' dir='ltr'><strong>iiiennbis</strong></span> <span class='ocrx_word' id='word_1_618' title='bbox 1457 3925 1561 3976; x_wconf 72' lang='lat' dir='ltr'><strong>melem:</strong></span> <span class='ocrx_word' id='word_1_619' title='bbox 1581 3930 1740 3991; x_wconf 76' lang='lat' dir='ltr'><strong>Suanosiugn</strong></span> 
     </span>
     <span class='ocr_line' id='line_1_43' title="bbox 133 4001 1784 4068; baseline 0.004 -16"><span class='ocrx_word' id='word_1_620' title='bbox 133 4015 226 4052; x_wconf 76' lang='lat' dir='ltr'><strong>mma</strong></span> <span class='ocrx_word' id='word_1_621' title='bbox 236 4001 422 4065; x_wconf 55' lang='lat' dir='ltr'><strong>rumunnense</strong></span> <span class='ocrx_word' id='word_1_622' title='bbox 431 4002 762 4068; x_wconf 85' lang='lat' dir='ltr'><strong>tantumputestis,utetiam</strong></span> <span class='ocrx_word' id='word_1_623' title='bbox 772 4005 914 4066; x_wconf 80' lang='lat' dir='ltr'><strong>quoerestra</strong></span> <span class='ocrx_word' id='word_1_624' title='bbox 957 4005 1058 4055; x_wconf 81' lang='lat' dir='ltr'><strong>caucasi</strong></span> <span class='ocrx_word' id='word_1_625' title='bbox 1080 4003 1202 4066; x_wconf 82' lang='lat' dir='ltr'><strong>habitare,</strong></span> <span class='ocrx_word' id='word_1_626' title='bbox 1224 4016 1276 4054; x_wconf 84' lang='lat' dir='ltr'><strong>ease</strong></span> <span class='ocrx_word' id='word_1_627' title='bbox 1296 4003 1413 4065; x_wconf 82' lang='lat' dir='ltr'><strong>tatrones,</strong></span> <span class='ocrx_word' id='word_1_628' title='bbox 1427 4004 1563 4066; x_wconf 83' lang='lat' dir='ltr'><strong>praedarum</strong></span> <span class='ocrx_word' id='word_1_629' title='bbox 1581 4005 1706 4058; x_wconf 74' lang='lat' dir='ltr'><strong>abactores</strong></span> <span class='ocrx_word' id='word_1_630' title='bbox 1716 4008 1741 4058; x_wconf 94' lang='lat' dir='ltr'><strong>et</strong></span> <span class='ocrx_word' id='word_1_631' title='bbox 1779 4027 1784 4036; x_wconf 92' lang='lat'><strong>·</strong></span> 
     </span>
     <span class='ocr_line' id='line_1_44' title="bbox 134 4078 1740 4145; baseline 0.002 -17"><span class='ocrx_word' id='word_1_632' title='bbox 134 4091 180 4128; x_wconf 82' lang='lat' dir='ltr'><strong>nnn</strong></span> <span class='ocrx_word' id='word_1_633' title='bbox 189 4081 264 4140; x_wconf 80' lang='lat' dir='ltr'><strong>aunt,</strong></span> <span class='ocrx_word' id='word_1_634' title='bbox 274 4078 341 4129; x_wconf 88' lang='lat' dir='ltr'><strong>dona</strong></span> <span class='ocrx_word' id='word_1_635' title='bbox 349 4078 407 4130; x_wconf 86' lang='lat' dir='ltr'><strong>dare</strong></span> <span class='ocrx_word' id='word_1_636' title='bbox 426 4079 564 4130; x_wconf 77' lang='lat' dir='ltr'><strong>rideamini.</strong></span> <span class='ocrx_word' id='word_1_637' title='bbox 578 4099 590 4124; x_wconf 73' lang='grc' dir='ltr'><strong>ι</strong></span> <span class='ocrx_word' id='word_1_638' title='bbox 602 4081 652 4130; x_wconf 82' lang='lat' dir='ltr'><strong>iter</strong></span> <span class='ocrx_word' id='word_1_639' title='bbox 668 4081 750 4130; x_wconf 85' lang='lat' dir='ltr'><strong>autern</strong></span> <span class='ocrx_word' id='word_1_640' title='bbox 761 4079 796 4129; x_wconf 87' lang='lat' dir='ltr'><strong>ita</strong></span> <span class='ocrx_word' id='word_1_641' title='bbox 815 4093 913 4142; x_wconf 86' lang='lat' dir='ltr'><strong>respon·</strong></span> <span class='ocrx_word' id='word_1_642' title='bbox 957 4093 1158 4144; x_wconf 83' lang='lat' dir='ltr'><strong>quorumcunque</strong></span> <span class='ocrx_word' id='word_1_643' title='bbox 1172 4080 1281 4144; x_wconf 76' lang='lat' dir='ltr'><strong>grauium</strong></span> <span class='ocrx_word' id='word_1_644' title='bbox 1289 4083 1314 4129; x_wconf 89' lang='lat' dir='ltr'><strong>et</strong></span> <span class='ocrx_word' id='word_1_645' title='bbox 1322 4080 1464 4130; x_wconf 86' lang='lat' dir='ltr'><strong>immanium</strong></span> <span class='ocrx_word' id='word_1_646' title='bbox 1473 4081 1590 4131; x_wconf 88' lang='lat' dir='ltr'><strong>socierum</strong></span> <span class='ocrx_word' id='word_1_647' title='bbox 1598 4085 1740 4145; x_wconf 86' lang='lat' dir='ltr'><strong>patratores.</strong></span> 
     </span>
     <span class='ocr_line' id='line_1_45' title="bbox 134 4153 1741 4223; baseline 0.004 -18"><span class='ocrx_word' id='word_1_648' title='bbox 134 4153 184 4206; x_wconf 87' lang='lat' dir='ltr'><strong>dit:</strong></span> <span class='ocrx_word' id='word_1_649' title='bbox 195 4175 208 4199; x_wconf 76' lang='lat' dir='ltr'><strong>s</strong></span> <span class='ocrx_word' id='word_1_650' title='bbox 221 4155 343 4221; x_wconf 56' lang='lat' dir='ltr'><strong>Quidem</strong></span> <span class='ocrx_word' id='word_1_651' title='bbox 351 4156 475 4220; x_wconf 72' lang='lat' dir='ltr'><strong>rapientia</strong></span> <span class='ocrx_word' id='word_1_652' title='bbox 485 4157 522 4208; x_wconf 82' lang='lat' dir='ltr'><strong>ria</strong></span> <span class='ocrx_word' id='word_1_653' title='bbox 565 4157 693 4208; x_wconf 87' lang='lat' dir='ltr'><strong>oiienderit</strong></span> <span class='ocrx_word' id='word_1_654' title='bbox 703 4155 811 4206; x_wconf 86' lang='lat' dir='ltr'><strong>animum</strong></span> <span class='ocrx_word' id='word_1_655' title='bbox 822 4157 914 4208; x_wconf 86' lang='lat' dir='ltr'><strong>ratione</strong></span> <span class='ocrx_word' id='word_1_656' title='bbox 957 4159 1133 4210; x_wconf 85' lang='lat' dir='ltr'><strong>constituimus</strong></span> <span class='ocrx_word' id='word_1_657' title='bbox 1150 4159 1266 4210; x_wconf 78' lang='lat' dir='ltr'><strong>adversus</strong></span> <span class='ocrx_word' id='word_1_658' title='bbox 1276 4159 1332 4210; x_wconf 86' lang='lat' dir='ltr'><strong>iiius</strong></span> <span class='ocrx_word' id='word_1_659' title='bbox 1341 4159 1476 4210; x_wconf 75' lang='lat' dir='ltr'><strong>exercitum</strong></span> <span class='ocrx_word' id='word_1_660' title='bbox 1487 4161 1598 4223; x_wconf 86' lang='lat' dir='ltr'><strong>mittere,</strong></span> <span class='ocrx_word' id='word_1_661' title='bbox 1610 4161 1652 4212; x_wconf 87' lang='lat' dir='ltr'><strong>sed</strong></span> <span class='ocrx_word' id='word_1_662' title='bbox 1660 4162 1741 4212; x_wconf 88' lang='lat' dir='ltr'><strong>subito</strong></span> 
     </span>
     <span class='ocr_line' id='line_1_46' title="bbox 133 4233 1741 4302; baseline 0.002 -18"><span class='ocrx_word' id='word_1_663' title='bbox 133 4233 275 4286; x_wconf 79' lang='lat' dir='ltr'><strong>destiintrun</strong></span> <span class='ocrx_word' id='word_1_664' title='bbox 295 4237 322 4286; x_wconf 85' lang='lat' dir='ltr'><strong>at</strong></span> <span class='ocrx_word' id='word_1_665' title='bbox 334 4235 492 4298; x_wconf 70' lang='lat' dir='ltr'><strong>panuadendi</strong></span> <span class='ocrx_word' id='word_1_666' title='bbox 509 4237 624 4288; x_wconf 77' lang='lat' dir='ltr'><strong>tenuitate</strong></span> <span class='ocrx_word' id='word_1_667' title='bbox 635 4236 758 4298; x_wconf 85' lang='lat' dir='ltr'><strong>arbatum,</strong></span> <span class='ocrx_word' id='word_1_668' title='bbox 770 4235 836 4299; x_wconf 82' lang='lat' dir='ltr'><strong>quud</strong></span> <span class='ocrx_word' id='word_1_669' title='bbox 848 4235 914 4286; x_wconf 83' lang='lat' dir='ltr'><strong>inirr-</strong></span> <span class='ocrx_word' id='word_1_670' title='bbox 957 4237 1022 4288; x_wconf 86' lang='lat' dir='ltr'><strong>metu</strong></span> <span class='ocrx_word' id='word_1_671' title='bbox 1032 4236 1150 4300; x_wconf 79' lang='lat' dir='ltr'><strong>computet</strong></span> <span class='ocrx_word' id='word_1_672' title='bbox 1157 4249 1190 4288; x_wconf 84' lang='grc' dir='ltr'><strong>εκ</strong></span> <span class='ocrx_word' id='word_1_673' title='bbox 1198 4236 1283 4286; x_wconf 84' lang='lat' dir='ltr'><strong>suanis</strong></span> <span class='ocrx_word' id='word_1_674' title='bbox 1292 4240 1371 4287; x_wconf 80' lang='lat' dir='ltr'><strong>Persae</strong></span> <span class='ocrx_word' id='word_1_675' title='bbox 1382 4236 1439 4286; x_wconf 86' lang='lat' dir='ltr'><strong>iacti</strong></span> <span class='ocrx_word' id='word_1_676' title='bbox 1447 4239 1520 4286; x_wconf 89' lang='lat' dir='ltr'><strong>sunt:</strong></span> <span class='ocrx_word' id='word_1_677' title='bbox 1532 4237 1597 4288; x_wconf 77' lang='lat' dir='ltr'><strong>uncie</strong></span> <span class='ocrx_word' id='word_1_678' title='bbox 1607 4239 1664 4289; x_wconf 84' lang='lat' dir='ltr'><strong>satis</strong></span> <span class='ocrx_word' id='word_1_679' title='bbox 1672 4251 1741 4302; x_wconf 87' lang='lat' dir='ltr'><strong>aper·</strong></span> 
     </span>
     <span class='ocr_line' id='line_1_47' title="bbox 133 4311 1740 4376; baseline 0.004 -16"><span class='ocrx_word' id='word_1_680' title='bbox 133 4322 198 4360; x_wconf 85' lang='grc' dir='ltr'><strong>ιιια</strong></span> <span class='ocrx_word' id='word_1_681' title='bbox 207 4315 233 4362; x_wconf 88' lang='lat' dir='ltr'><strong>et</strong></span> <span class='ocrx_word' id='word_1_682' title='bbox 244 4311 395 4363; x_wconf 69' lang='lat' dir='ltr'><strong>iubentium</strong></span> <span class='ocrx_word' id='word_1_683' title='bbox 404 4315 453 4372; x_wconf 84' lang='lat' dir='ltr'><strong>est,</strong></span> <span class='ocrx_word' id='word_1_684' title='bbox 461 4313 592 4376; x_wconf 87' lang='lat' dir='ltr'><strong>prosternit</strong></span> <span class='ocrx_word' id='word_1_685' title='bbox 601 4316 627 4363; x_wconf 88' lang='lat' dir='ltr'><strong>et</strong></span> <span class='ocrx_word' id='word_1_686' title='bbox 635 4312 752 4374; x_wconf 82' lang='lat' dir='ltr'><strong>conterit,</strong></span> <span class='ocrx_word' id='word_1_687' title='bbox 759 4311 914 4375; x_wconf 84' lang='lat' dir='ltr'><strong>quemadmo-</strong></span> <span class='ocrx_word' id='word_1_688' title='bbox 957 4317 1009 4364; x_wconf 89' lang='lat' dir='ltr'><strong>tum</strong></span> <span class='ocrx_word' id='word_1_689' title='bbox 1019 4316 1064 4375; x_wconf 87' lang='lat' dir='ltr'><strong>est,</strong></span> <span class='ocrx_word' id='word_1_690' title='bbox 1076 4315 1138 4364; x_wconf 86' lang='lat' dir='ltr'><strong>iranc</strong></span> <span class='ocrx_word' id='word_1_691' title='bbox 1146 4313 1266 4376; x_wconf 76' lang='lat' dir='ltr'><strong>regionem</strong></span> <span class='ocrx_word' id='word_1_692' title='bbox 1275 4315 1299 4363; x_wconf 90' lang='lat' dir='ltr'><strong>in</strong></span> <span class='ocrx_word' id='word_1_693' title='bbox 1310 4315 1393 4364; x_wconf 86' lang='lat' dir='ltr'><strong>nostra</strong></span> <span class='ocrx_word' id='word_1_694' title='bbox 1403 4315 1522 4376; x_wconf 84' lang='lat' dir='ltr'><strong>potestate</strong></span> <span class='ocrx_word' id='word_1_695' title='bbox 1532 4327 1597 4376; x_wconf 84' lang='lat' dir='ltr'><strong>esse,</strong></span> <span class='ocrx_word' id='word_1_696' title='bbox 1607 4317 1632 4366; x_wconf 88' lang='lat' dir='ltr'><strong>et</strong></span> <span class='ocrx_word' id='word_1_697' title='bbox 1639 4329 1693 4366; x_wconf 87' lang='lat' dir='ltr'><strong>carn</strong></span> <span class='ocrx_word' id='word_1_698' title='bbox 1700 4329 1740 4366; x_wconf 90' lang='lat' dir='ltr'><strong>me</strong></span> 
     </span>
     <span class='ocr_line' id='line_1_48' title="bbox 133 4387 1740 4454; baseline 0.004 -16"><span class='ocrx_word' id='word_1_699' title='bbox 133 4387 190 4438; x_wconf 77' lang='lat' dir='ltr'><strong>dn</strong></span> <span class='ocrx_word' id='word_1_700' title='bbox 199 4390 405 4442; x_wconf 75' lang='grc' dir='ltr'><strong>ιιτεείίααιειιίυυι</strong></span> <span class='ocrx_word' id='word_1_701' title='bbox 416 4391 492 4442; x_wconf 67' lang='lat' dir='ltr'><strong>nimi</strong></span> <span class='ocrx_word' id='word_1_702' title='bbox 504 4391 649 4442; x_wconf 80' lang='lat' dir='ltr'><strong>adhibitum‘</strong></span> <span class='ocrx_word' id='word_1_703' title='bbox 665 4391 801 4454; x_wconf 82' lang='lat' dir='ltr'><strong>depascitur</strong></span> <span class='ocrx_word' id='word_1_704' title='bbox 812 4391 836 4441; x_wconf 89' lang='lat' dir='ltr'><strong>id</strong></span> <span class='ocrx_word' id='word_1_705' title='bbox 847 4391 914 4454; x_wconf 84' lang='lat' dir='ltr'><strong>quud</strong></span> <span class='ocrx_word' id='word_1_706' title='bbox 956 4394 1039 4444; x_wconf 69' lang='lat' dir='ltr'><strong>unere</strong></span> <span class='ocrx_word' id='word_1_707' title='bbox 1046 4393 1147 4443; x_wconf 86' lang='lat' dir='ltr'><strong>nrinirne</strong></span> <span class='ocrx_word' id='word_1_708' title='bbox 1155 4392 1257 4444; x_wconf 82' lang='lat' dir='ltr'><strong>infitior.</strong></span> <span class='ocrx_word' id='word_1_709' title='bbox 1266 4395 1316 4444; x_wconf 83' lang='lat' dir='ltr'><strong>Nec</strong></span> <span class='ocrx_word' id='word_1_710' title='bbox 1323 4391 1453 4442; x_wconf 82' lang='lat' dir='ltr'><strong>obscurum</strong></span> <span class='ocrx_word' id='word_1_711' title='bbox 1463 4395 1501 4443; x_wconf 88' lang='lat' dir='ltr'><strong>eet</strong></span> <span class='ocrx_word' id='word_1_712' title='bbox 1509 4392 1563 4442; x_wconf 85' lang='lat' dir='ltr'><strong>iiius</strong></span> <span class='ocrx_word' id='word_1_713' title='bbox 1570 4393 1639 4444; x_wconf 88' lang='lat' dir='ltr'><strong>nobis</strong></span> <span class='ocrx_word' id='word_1_714' title='bbox 1648 4393 1740 4444; x_wconf 87' lang='lat' dir='ltr'><strong>lubenti</strong></span> 
     </span>
     <span class='ocr_line' id='line_1_49' title="bbox 133 4463 1740 4534; baseline 0.003 -17"><span class='ocrx_word' id='word_1_715' title='bbox 133 4463 236 4517; x_wconf 75' lang='grc' dir='ltr'><strong>ὼίυται</strong></span> <span class='ocrx_word' id='word_1_716' title='bbox 249 4467 324 4529; x_wconf 83' lang='lat' dir='ltr'><strong>iacit,</strong></span> <span class='ocrx_word' id='word_1_717' title='bbox 336 4471 361 4518; x_wconf 91' lang='lat' dir='ltr'><strong>et</strong></span> <span class='ocrx_word' id='word_1_718' title='bbox 370 4468 499 4520; x_wconf 84' lang='lat' dir='ltr'><strong>sanitatem</strong></span> <span class='ocrx_word' id='word_1_719' title='bbox 517 4468 623 4520; x_wconf 82' lang='lat' dir='ltr'><strong>restituit</strong></span> <span class='ocrx_word' id='word_1_720' title='bbox 641 4467 776 4530; x_wconf 77' lang='lat' dir='ltr'><strong>aegrotanti.</strong></span> <span class='ocrx_word' id='word_1_721' title='bbox 798 4469 915 4526; x_wconf 84' lang='lat' dir='ltr'><strong>Quamvis</strong></span> <span class='ocrx_word' id='word_1_722' title='bbox 956 4470 1037 4521; x_wconf 87' lang='lat' dir='ltr'><strong>animo</strong></span> <span class='ocrx_word' id='word_1_723' title='bbox 1047 4484 1130 4534; x_wconf 86' lang='lat' dir='ltr'><strong>parere</strong></span> <span class='ocrx_word' id='word_1_724' title='bbox 1139 4472 1165 4522; x_wconf 88' lang='lat' dir='ltr'><strong>ct</strong></span> <span class='ocrx_word' id='word_1_725' title='bbox 1175 4469 1287 4522; x_wconf 75' lang='lat' dir='ltr'><strong>anosuia</strong></span> <span class='ocrx_word' id='word_1_726' title='bbox 1297 4470 1372 4520; x_wconf 85' lang='lat' dir='ltr'><strong>serris</strong></span> <span class='ocrx_word' id='word_1_727' title='bbox 1385 4470 1443 4532; x_wconf 81' lang='lat' dir='ltr'><strong>regi.</strong></span> <span class='ocrx_word' id='word_1_728' title='bbox 1456 4471 1581 4520; x_wconf 81' lang='lat' dir='ltr'><strong>Postremo</strong></span> <span class='ocrx_word' id='word_1_729' title='bbox 1591 4471 1678 4520; x_wconf 77' lang='lat' dir='ltr'><strong>Zictrue</strong></span> <span class='ocrx_word' id='word_1_730' title='bbox 1695 4484 1740 4522; x_wconf 90' lang='lat' dir='ltr'><strong>noe</strong></span> 
     </span>
     <span class='ocr_line' id='line_1_50' title="bbox 133 4542 1739 4610; baseline 0.004 -18"><span class='ocrx_word' id='word_1_731' title='bbox 133 4543 195 4592; x_wconf 72' lang='grc' dir='ltr'><strong>σι’·</strong></span> <span class='ocrx_word' id='word_1_732' title='bbox 204 4544 380 4608; x_wconf 69' lang='lat' dir='ltr'><strong>nunninae</strong></span> <span class='ocrx_word' id='word_1_733' title='bbox 394 4545 427 4596; x_wconf 82' lang='lat' dir='ltr'><strong>sit</strong></span> <span class='ocrx_word' id='word_1_734' title='bbox 442 4558 472 4596; x_wconf 87' lang='lat' dir='ltr'><strong>ea</strong></span> <span class='ocrx_word' id='word_1_735' title='bbox 488 4559 545 4610; x_wconf 75' lang='lat' dir='ltr'><strong>que</strong></span> <span class='ocrx_word' id='word_1_736' title='bbox 554 4543 619 4608; x_wconf 88' lang='lat' dir='ltr'><strong>apud</strong></span> <span class='ocrx_word' id='word_1_737' title='bbox 637 4542 774 4606; x_wconf 77' lang='lat' dir='ltr'><strong>huiusmodi</strong></span> <span class='ocrx_word' id='word_1_738' title='bbox 788 4544 913 4596; x_wconf 85' lang='lat' dir='ltr'><strong>hominurn</strong></span> <span class='ocrx_word' id='word_1_739' title='bbox 956 4559 998 4609; x_wconf 88' lang='lat' dir='ltr'><strong>per</strong></span> <span class='ocrx_word' id='word_1_740' title='bbox 1012 4548 1092 4598; x_wconf 87' lang='lat' dir='ltr'><strong>iiterae</strong></span> <span class='ocrx_word' id='word_1_741' title='bbox 1102 4549 1216 4599; x_wconf 81' lang='lat' dir='ltr'><strong>certiores</strong></span> <span class='ocrx_word' id='word_1_742' title='bbox 1228 4547 1298 4608; x_wconf 82' lang='lat' dir='ltr'><strong>iecit,</strong></span> <span class='ocrx_word' id='word_1_743' title='bbox 1317 4549 1438 4597; x_wconf 84' lang='lat' dir='ltr'><strong>Romanos</strong></span> <span class='ocrx_word' id='word_1_744' title='bbox 1450 4548 1557 4610; x_wconf 88' lang='lat' dir='ltr'><strong>repetere</strong></span> <span class='ocrx_word' id='word_1_745' title='bbox 1570 4548 1699 4610; x_wconf 84' lang='lat' dir='ltr'><strong>suaniam,</strong></span> <span class='ocrx_word' id='word_1_746' title='bbox 1714 4549 1739 4598; x_wconf 90' lang='lat' dir='ltr'><strong>in</strong></span> 
     </span>
     <span class='ocr_line' id='line_1_51' title="bbox 132 4619 1738 4687; baseline 0.004 -17"><span class='ocrx_word' id='word_1_747' title='bbox 132 4630 205 4678; x_wconf 67' lang='grc' dir='ltr'><strong>μιν</strong></span> <span class='ocrx_word' id='word_1_748' title='bbox 215 4621 319 4672; x_wconf 66' lang='lat' dir='ltr'><strong>hasim</strong></span> <span class='ocrx_word' id='word_1_749' title='bbox 330 4621 452 4685; x_wconf 81' lang='lat' dir='ltr'><strong>araqu,er</strong></span> <span class='ocrx_word' id='word_1_750' title='bbox 462 4626 543 4674; x_wconf 71' lang='lat' dir='ltr'><strong>umen</strong></span> <span class='ocrx_word' id='word_1_751' title='bbox 551 4624 607 4684; x_wconf 87' lang='lat' dir='ltr'><strong>apte</strong></span> <span class='ocrx_word' id='word_1_752' title='bbox 616 4623 642 4672; x_wconf 89' lang='lat' dir='ltr'><strong>et</strong></span> <span class='ocrx_word' id='word_1_753' title='bbox 651 4619 768 4672; x_wconf 89' lang='lat' dir='ltr'><strong>concinne</strong></span> <span class='ocrx_word' id='word_1_754' title='bbox 776 4621 831 4684; x_wconf 84' lang='lat' dir='ltr'><strong>quia</strong></span> <span class='ocrx_word' id='word_1_755' title='bbox 839 4621 912 4684; x_wconf 84' lang='lat' dir='ltr'><strong>dicet,</strong></span> <span class='ocrx_word' id='word_1_756' title='bbox 955 4637 1005 4686; x_wconf 85' lang='lat' dir='ltr'><strong>quo</strong></span> <span class='ocrx_word' id='word_1_757' title='bbox 1016 4625 1067 4674; x_wconf 79' lang='grc' dir='ltr'><strong>ίειυ</strong></span> <span class='ocrx_word' id='word_1_758' title='bbox 1078 4625 1149 4687; x_wconf 74' lang='lat' dir='ltr'><strong>tange</strong></span> <span class='ocrx_word' id='word_1_759' title='bbox 1156 4636 1201 4676; x_wconf 85' lang='lat' dir='ltr'><strong>roe</strong></span> <span class='ocrx_word' id='word_1_760' title='bbox 1210 4623 1243 4674; x_wconf 84' lang='lat' dir='ltr'><strong>ab</strong></span> <span class='ocrx_word' id='word_1_761' title='bbox 1253 4636 1296 4684; x_wconf 86' lang='lat' dir='ltr'><strong>eo,</strong></span> <span class='ocrx_word' id='word_1_762' title='bbox 1305 4623 1369 4685; x_wconf 79' lang='lat' dir='ltr'><strong>quod</strong></span> <span class='ocrx_word' id='word_1_763' title='bbox 1378 4624 1471 4685; x_wconf 82' lang='lat' dir='ltr'><strong>justum</strong></span> <span class='ocrx_word' id='word_1_764' title='bbox 1481 4625 1544 4683; x_wconf 86' lang='lat' dir='ltr'><strong>erat.</strong></span> <span class='ocrx_word' id='word_1_765' title='bbox 1556 4623 1677 4674; x_wconf 86' lang='lat' dir='ltr'><strong>discedere</strong></span> <span class='ocrx_word' id='word_1_766' title='bbox 1685 4624 1738 4676; x_wconf 81' lang='lat' dir='ltr'><strong>cri·</strong></span> 
     </span>
     <span class='ocr_line' id='line_1_52' title="bbox 133 4693 1738 4766; baseline 0.005 -19"><span class='ocrx_word' id='word_1_767' title='bbox 133 4693 233 4747; x_wconf 71' lang='grc' dir='ltr'><strong>ᾰοαιθο</strong></span> <span class='ocrx_word' id='word_1_768' title='bbox 241 4697 341 4749; x_wconf 77' lang='lat' dir='ltr'><strong>minuit.</strong></span> <span class='ocrx_word' id='word_1_769' title='bbox 352 4699 389 4750; x_wconf 82' lang='lat' dir='ltr'><strong>lia</strong></span> <span class='ocrx_word' id='word_1_770' title='bbox 397 4698 429 4750; x_wconf 89' lang='lat' dir='ltr'><strong>de</strong></span> <span class='ocrx_word' id='word_1_771' title='bbox 437 4711 510 4750; x_wconf 83' lang='grc' dir='ltr'><strong>υειιεα</strong></span> <span class='ocrx_word' id='word_1_772' title='bbox 523 4697 640 4762; x_wconf 74' lang='lat' dir='ltr'><strong>sapientia</strong></span> <span class='ocrx_word' id='word_1_773' title='bbox 652 4697 722 4760; x_wconf 81' lang='lat' dir='ltr'><strong>iunge</strong></span> <span class='ocrx_word' id='word_1_774' title='bbox 732 4709 855 4748; x_wconf 84' lang='grc' dir='ltr'><strong>ετιαοιυιιν</strong></span> <span class='ocrx_word' id='word_1_775' title='bbox 863 4697 913 4748; x_wconf 84' lang='lat' dir='ltr'><strong>rina</strong></span> <span class='ocrx_word' id='word_1_776' title='bbox 956 4703 1067 4765; x_wconf 86' lang='lat' dir='ltr'><strong>stimeri,</strong></span> <span class='ocrx_word' id='word_1_777' title='bbox 1079 4703 1198 4766; x_wconf 85' lang='lat' dir='ltr'><strong>quantum</strong></span> <span class='ocrx_word' id='word_1_778' title='bbox 1213 4701 1281 4752; x_wconf 86' lang='lat' dir='ltr'><strong>abiui</strong></span> <span class='ocrx_word' id='word_1_779' title='bbox 1291 4700 1363 4751; x_wconf 85' lang='lat' dir='ltr'><strong>airde</strong></span> <span class='ocrx_word' id='word_1_780' title='bbox 1378 4699 1514 4752; x_wconf 83' lang='lat' dir='ltr'><strong>adiribcnda</strong></span> <span class='ocrx_word' id='word_1_781' title='bbox 1525 4701 1563 4751; x_wconf 82' lang='lat' dir='ltr'><strong>liis</strong></span> <span class='ocrx_word' id='word_1_782' title='bbox 1577 4714 1633 4766; x_wconf 73' lang='lat' dir='ltr'><strong>quse</strong></span> <span class='ocrx_word' id='word_1_783' title='bbox 1646 4701 1678 4754; x_wconf 85' lang='lat' dir='ltr'><strong>ad</strong></span> <span class='ocrx_word' id='word_1_784' title='bbox 1698 4715 1738 4755; x_wconf 84' lang='lat' dir='ltr'><strong>ma</strong></span> 
     </span>
     <span class='ocr_line' id='line_1_53' title="bbox 132 4773 1737 4843; baseline -0.002 -9"><span class='ocrx_word' id='word_1_785' title='bbox 132 4775 242 4836; x_wconf 60' lang='lat' dir='ltr'><strong>stimi·</strong></span> <span class='ocrx_word' id='word_1_786' title='bbox 257 4774 326 4837; x_wconf 53' lang='lat'><strong>⁴⁰⁰⁶</strong></span> <span class='ocrx_word' id='word_1_787' title='bbox 343 4773 430 4826; x_wconf 53' lang='lat' dir='ltr'><strong>bellic·</strong></span> <span class='ocrx_word' id='word_1_788' title='bbox 440 4776 518 4826; x_wconf 62' lang='lat' dir='ltr'><strong>Virtus</strong></span> <span class='ocrx_word' id='word_1_789' title='bbox 535 4789 584 4826; x_wconf 72' lang='lat'><strong>¹¹0⁰</strong></span> <span class='ocrx_word' id='word_1_790' title='bbox 595 4774 669 4838; x_wconf 67' lang='lat' dir='ltr'><strong>potfl&#39;t</strong></span> <span class='ocrx_word' id='word_1_791' title='bbox 680 4773 778 4838; x_wconf 64' lang='lat' dir='ltr'><strong>aliquod</strong></span> <span class='ocrx_word' id='word_1_792' title='bbox 793 4775 913 4837; x_wconf 56' lang='lat' dir='ltr'><strong>metium</strong></span> <span class='ocrx_word' id='word_1_793' title='bbox 955 4781 1039 4832; x_wconf 80' lang='lat' dir='ltr'><strong>contra</strong></span> <span class='ocrx_word' id='word_1_794' title='bbox 1048 4783 1165 4831; x_wconf 86' lang='lat' dir='ltr'><strong>rationem</strong></span> <span class='ocrx_word' id='word_1_795' title='bbox 1174 4779 1684 4842; x_wconf 81' lang='lat' dir='ltr'><strong>deserebantur.sedcedam,quantumieri</strong></span> <span class='ocrx_word' id='word_1_796' title='bbox 1694 4794 1737 4843; x_wconf 93' lang='lat' dir='ltr'><strong>po·</strong></span> 
     </span>
     <span class='ocr_line' id='line_1_54' title="bbox 133 4848 1736 4923; baseline -0.002 -10"><span class='ocrx_word' id='word_1_797' title='bbox 133 4848 224 4901; x_wconf 58' lang='grc' dir='ltr'><strong>ΜΠ</strong></span> <span class='ocrx_word' id='word_1_798' title='bbox 234 4851 322 4912; x_wconf 57' lang='lat'><strong>“¹⁶02</strong></span> <span class='ocrx_word' id='word_1_799' title='bbox 332 4851 379 4902; x_wconf 58' lang='lat' dir='ltr'><strong>liiii</strong></span> <span class='ocrx_word' id='word_1_800' title='bbox 394 4865 421 4902; x_wconf 69' lang='lat'><strong>⁸³</strong></span> <span class='ocrx_word' id='word_1_801' title='bbox 432 4852 510 4914; x_wconf 65' lang='lat' dir='ltr'><strong>lisam</strong></span> <span class='ocrx_word' id='word_1_802' title='bbox 521 4865 618 4916; x_wconf 78' lang='lat' dir='ltr'><strong>qnoqm</strong></span> <span class='ocrx_word' id='word_1_803' title='bbox 629 4853 768 4912; x_wconf 62' lang='lat' dir='ltr'><strong>summit,</strong></span> <span class='ocrx_word' id='word_1_804' title='bbox 787 4850 913 4914; x_wconf 66' lang='lat' dir='ltr'><strong>prudentia</strong></span> <span class='ocrx_word' id='word_1_805' title='bbox 955 4859 1016 4919; x_wconf 81' lang='lat' dir='ltr'><strong>teet,</strong></span> <span class='ocrx_word' id='word_1_806' title='bbox 1029 4871 1110 4909; x_wconf 89' lang='lat' dir='ltr'><strong>rernm</strong></span> <span class='ocrx_word' id='word_1_807' title='bbox 1119 4859 1266 4920; x_wconf 79' lang='lat' dir='ltr'><strong>necessitati,</strong></span> <span class='ocrx_word' id='word_1_808' title='bbox 1279 4871 1419 4923; x_wconf 81' lang='lat' dir='ltr'><strong>qumquam</strong></span> <span class='ocrx_word' id='word_1_809' title='bbox 1434 4871 1475 4910; x_wconf 82' lang='lat' dir='ltr'><strong>nae</strong></span> <span class='ocrx_word' id='word_1_810' title='bbox 1486 4860 1606 4908; x_wconf 86' lang='lat' dir='ltr'><strong>rictumm</strong></span> <span class='ocrx_word' id='word_1_811' title='bbox 1616 4871 1668 4910; x_wconf 83' lang='lat' dir='ltr'><strong>csse</strong></span> <span class='ocrx_word' id='word_1_812' title='bbox 1683 4873 1736 4923; x_wconf 84' lang='lat' dir='ltr'><strong>spe-</strong></span> 
     </span>
     <span class='ocr_line' id='line_1_55' title="bbox 134 4928 1736 4999; baseline 0.006 -21"><span class='ocrx_word' id='word_1_813' title='bbox 134 4931 216 4978; x_wconf 70' lang='lat' dir='ltr'><strong>mtcrn</strong></span> <span class='ocrx_word' id='word_1_814' title='bbox 223 4931 248 4978; x_wconf 91' lang='lat' dir='ltr'><strong>et</strong></span> <span class='ocrx_word' id='word_1_815' title='bbox 257 4941 332 4980; x_wconf 81' lang='lat' dir='ltr'><strong>snum</strong></span> <span class='ocrx_word' id='word_1_816' title='bbox 343 4928 418 4992; x_wconf 76' lang='lat' dir='ltr'><strong>ipsine</strong></span> <span class='ocrx_word' id='word_1_817' title='bbox 429 4929 566 4992; x_wconf 71' lang='lat' dir='ltr'><strong>presidium</strong></span> <span class='ocrx_word' id='word_1_818' title='bbox 575 4931 733 4980; x_wconf 81' lang='lat' dir='ltr'><strong>mnetitutum</strong></span> <span class='ocrx_word' id='word_1_819' title='bbox 743 4930 792 4992; x_wconf 81' lang='lat' dir='ltr'><strong>est,</strong></span> <span class='ocrx_word' id='word_1_820' title='bbox 802 4931 827 4980; x_wconf 84' lang='lat' dir='ltr'><strong>et</strong></span> <span class='ocrx_word' id='word_1_821' title='bbox 842 4942 911 4992; x_wconf 86' lang='lat' dir='ltr'><strong>eum,</strong></span> <span class='ocrx_word' id='word_1_822' title='bbox 956 4946 1079 4994; x_wconf 83' lang='lat' dir='ltr'><strong>neveram,</strong></span> <span class='ocrx_word' id='word_1_823' title='bbox 1092 4935 1221 4998; x_wconf 84' lang='lat' dir='ltr'><strong>quominus</strong></span> <span class='ocrx_word' id='word_1_824' title='bbox 1233 4948 1248 4985; x_wconf 88' lang='lat' dir='ltr'><strong>a</strong></span> <span class='ocrx_word' id='word_1_825' title='bbox 1259 4949 1314 4998; x_wconf 83' lang='lat' dir='ltr'><strong>rege</strong></span> <span class='ocrx_word' id='word_1_826' title='bbox 1328 4939 1408 4986; x_wconf 85' lang='lat' dir='ltr'><strong>restro</strong></span> <span class='ocrx_word' id='word_1_827' title='bbox 1417 4936 1566 4987; x_wconf 84' lang='lat' dir='ltr'><strong>dissentiam.</strong></span> <span class='ocrx_word' id='word_1_828' title='bbox 1579 4955 1592 4980; x_wconf 77' lang='grc' dir='ltr'><strong>ν</strong></span> <span class='ocrx_word' id='word_1_829' title='bbox 1602 4937 1652 4986; x_wconf 77' lang='lat' dir='ltr'><strong>iias</strong></span> <span class='ocrx_word' id='word_1_830' title='bbox 1664 4937 1736 4999; x_wconf 78' lang='lat' dir='ltr'><strong>igitur</strong></span> 
     </span>
     <span class='ocr_line' id='line_1_56' title="bbox 134 5003 1736 5076; baseline -0.001 -12"><span class='ocrx_word' id='word_1_831' title='bbox 134 5003 180 5064; x_wconf 56' lang='grc' dir='ltr'><strong>(Ιώ</strong></span> <span class='ocrx_word' id='word_1_832' title='bbox 189 5004 262 5067; x_wconf 64' lang='lat' dir='ltr'><strong>m</strong></span> <span class='ocrx_word' id='word_1_833' title='bbox 271 5004 392 5068; x_wconf 50' lang='lat' dir='ltr'><strong>infida,</strong></span> <span class='ocrx_word' id='word_1_834' title='bbox 410 5007 506 5055; x_wconf 60' lang='lat' dir='ltr'><strong>”lium</strong></span> <span class='ocrx_word' id='word_1_835' title='bbox 520 5008 545 5056; x_wconf 68' lang='lat'><strong>01</strong></span> <span class='ocrx_word' id='word_1_836' title='bbox 556 5007 699 5057; x_wconf 65' lang='lat' dir='ltr'><strong>ineolumem</strong></span> <span class='ocrx_word' id='word_1_837' title='bbox 710 5009 791 5057; x_wconf 63' lang='lat' dir='ltr'><strong>servat</strong></span> <span class='ocrx_word' id='word_1_838' title='bbox 809 5009 835 5058; x_wconf 81' lang='lat' dir='ltr'><strong>et</strong></span> <span class='ocrx_word' id='word_1_839' title='bbox 851 5021 913 5070; x_wconf 63' lang='grc' dir='ltr'><strong>μου·</strong></span> <span class='ocrx_word' id='word_1_840' title='bbox 955 5011 1110 5074; x_wconf 75' lang='lat' dir='ltr'><strong>cogitatienes</strong></span> <span class='ocrx_word' id='word_1_841' title='bbox 1119 5013 1269 5064; x_wconf 85' lang='lat' dir='ltr'><strong>ementesna</strong></span> <span class='ocrx_word' id='word_1_842' title='bbox 1277 5013 1364 5064; x_wconf 86' lang='lat' dir='ltr'><strong>eiiudit</strong></span> <span class='ocrx_word' id='word_1_843' title='bbox 1373 5026 1416 5063; x_wconf 79' lang='lat' dir='ltr'><strong>rex</strong></span> <span class='ocrx_word' id='word_1_844' title='bbox 1427 5017 1562 5076; x_wconf 82' lang='lat' dir='ltr'><strong>Persarum,</strong></span> <span class='ocrx_word' id='word_1_845' title='bbox 1576 5013 1601 5062; x_wconf 90' lang='lat' dir='ltr'><strong>et</strong></span> <span class='ocrx_word' id='word_1_846' title='bbox 1611 5015 1662 5062; x_wconf 90' lang='lat' dir='ltr'><strong>tum</strong></span> <span class='ocrx_word' id='word_1_847' title='bbox 1670 5014 1736 5075; x_wconf 85' lang='lat' dir='ltr'><strong>paul·</strong></span> 
     </span>
     <span class='ocr_line' id='line_1_57' title="bbox 135 5083 1734 5155; baseline 0.009 -23"><span class='ocrx_word' id='word_1_848' title='bbox 135 5083 192 5132; x_wconf 80' lang='lat' dir='ltr'><strong>ntai.</strong></span> <span class='ocrx_word' id='word_1_849' title='bbox 203 5083 365 5140; x_wconf 74' lang='lat' dir='ltr'><strong>Quamobrem</strong></span> <span class='ocrx_word' id='word_1_850' title='bbox 379 5084 457 5134; x_wconf 82' lang='grc' dir='ltr'><strong>ασθαι</strong></span> <span class='ocrx_word' id='word_1_851' title='bbox 466 5083 513 5135; x_wconf 81' lang='lat' dir='ltr'><strong>iaec</strong></span> <span class='ocrx_word' id='word_1_852' title='bbox 521 5085 578 5136; x_wconf 74' lang='lat' dir='ltr'><strong>nestri</strong></span> <span class='ocrx_word' id='word_1_853' title='bbox 590 5085 709 5150; x_wconf 79' lang='lat' dir='ltr'><strong>vituperio</strong></span> <span class='ocrx_word' id='word_1_854' title='bbox 722 5085 811 5148; x_wconf 87' lang='lat' dir='ltr'><strong>dari,o</strong></span> <span class='ocrx_word' id='word_1_855' title='bbox 827 5089 912 5138; x_wconf 72' lang='lat' dir='ltr'><strong>Roma</strong></span> <span class='ocrx_word' id='word_1_856' title='bbox 956 5089 1006 5140; x_wconf 81' lang='lat' dir='ltr'><strong>iuna</strong></span> <span class='ocrx_word' id='word_1_857' title='bbox 1018 5090 1112 5152; x_wconf 86' lang='lat' dir='ltr'><strong>quierit</strong></span> <span class='ocrx_word' id='word_1_858' title='bbox 1121 5089 1263 5155; x_wconf 82' lang='lat' dir='ltr'><strong>disceptatio</strong></span> <span class='ocrx_word' id='word_1_859' title='bbox 1272 5090 1408 5142; x_wconf 76' lang='lat' dir='ltr'><strong>cesennia</strong></span> <span class='ocrx_word' id='word_1_860' title='bbox 1419 5093 1477 5142; x_wconf 79' lang='lat' dir='ltr'><strong>idua</strong></span> <span class='ocrx_word' id='word_1_861' title='bbox 1485 5090 1583 5152; x_wconf 86' lang='lat' dir='ltr'><strong>autem,</strong></span> <span class='ocrx_word' id='word_1_862' title='bbox 1597 5089 1674 5141; x_wconf 80' lang='lat' dir='ltr'><strong>vetuti</strong></span> <span class='ocrx_word' id='word_1_863' title='bbox 1682 5103 1734 5146; x_wconf 74' lang='lat' dir='ltr'><strong>mc·</strong></span> 
     </span>
    </p>
   </div>
   <div class='ocr_carea' id='block_1_4' title="bbox 0 0 1920 5720">
    <p class='ocr_par' dir='ltr' id='par_1_4' title="bbox 0 0 1920 5720">
     <span class='ocr_line' id='line_1_58' title="bbox 0 0 1920 5720; baseline 0 0"><span class='ocrx_word' id='word_1_864' title='bbox 0 0 1920 5720; x_wconf 95' lang='lat' dir='ltr'><strong> </strong></span> 
     </span>
    </p>
   </div>
  </div>
 </body>
</html>
