3792 5728
868 338 990 400 Pmscl
1013 338 1167 398 PANlTAE

218 463 337 546 χρόνους,
351 464 396 533 τὰς
408 467 531 544 γυναῖκας
545 467 573 523 οὐ
588 464 710 544 πρότερον
722 467 831 545 διαρῆκε
843 465 903 546 πρὶν
915 463 932 536 ἢ
947 464 992 535 τὴν
1037 469 1186 540 λούντος,ιί
1197 467 1273 544 μήγε
1284 469 1380 548 αύτῷὴ
1393 471 1436 526 τόῦ
1450 468 1646 528 Βαλεντινιανοῗν
1658 471 1701 530 καί
1709 472 1794 532 Ἀετίου

218 552 396 632 πρεσόυτέραν
405 557 456 610 τῶν
475 554 672 611 Βαλεντινιανοῶ
693 555 839 634 θυγατέρων
859 552 991 628 (Εύδοκία
1037 554 1171 632 περιουσία
1195 556 1267 634 δοθῇ.
1294 555 1349 614 Καὶ
1363 553 1413 634 γθιρ
1435 555 1480 613 καί
1498 555 1570 634 παρὰ
1583 560 1633 614 τῶν
1648 557 1716 638 ἑῴων
1729 560 1794 621 Ῥοι-

219 639 245 696 δέ
259 631 289 711 ἦν
308 641 389 716 ὄνομα
405 641 488 720 αὐτῇ)
504 638 634 718 Ὁνορίχῳ
648 642 685 719 τῷ
699 643 790 699 ἑαυτοῦ
802 639 877 698 παιδί
889 663 992 698 κατενε·
1038 642 1122 718 μαίων
1134 641 1286 718 ἐκεκόμιστο
1298 643 1390 720 μοῖραν
1399 646 1445 713 τῆς
1456 644 1653 703 Βαλεντινιανοῶ
1663 649 1796 725 περιουσίας

219 727 310 804 γύησε.
326 727 393 787 Τότε
408 727 457 804 γθιρ
471 727 516 784 καί
528 726 575 796 τὴν
591 727 714 794 Εύδοξίαν
726 727 772 798 τὴν
789 725 929 788 Θεοδοσίου
947 733 993 786 θυ-
1038 729 1146 806 ὀνόματι
1169 727 1297 794 Εὖδοκίας
1319 734 1366 800 τῆς
1394 733 1432 810 τῷ
1453 729 1592 810 Ὀνωρίχορ
1615 735 1794 809 γεγαμημένης.

218 813 317 892 γατέρα
331 813 471 890 ἀπέπεμπε
484 813 530 871 σύν
542 815 675 893 Πλακιδίογ
690 819 722 892 τῇ
737 813 812 893 ἑτέρα
824 817 904 884 αὐτῆς
915 819 993 892 θυγα·
1039 814 1085 872 Διό
1107 817 1139 872 δι’
1154 813 1225 881 ἔτους
1245 815 1355 873 ἑκάστου
1369 817 1466 887 ταύτην
1480 820 1525 873 τοῦ
1547 816 1662 893 πολέμου
1681 821 1797 900 πρόρασιν

220 900 322 978 τρί,ἣν
337 901 496 978 ἐγεγαμήκει
509 900 654 980 Ὀλύόριος.
666 905 719 961 Τοῦ
732 900 758 958 δέ
770 900 939 966 τέιςἸταλίας
951 899 995 958 καί
1039 900 1204 978 ποιούμενος,
1228 901 1300 968 siche
1323 893 1383 978 ἦρος
1409 902 1555 980 οἰρχομίνου
1581 902 1627 960 σύν
1654 905 1736 984 στόλῳ
1758 906 1798 975 τὴν

221 989 344 1048 Σικελίαν
360 991 434 1066 δῃοῦν
451 993 464 1046 δ
481 990 502 1048 Γ
503 989 615 1067 εζέριχος
627 991 673 1048 cix
685 988 800 1060 ἀπέστη,
812 987 879 1046 ἀλλὰ
896 991 995 1064 μᾶλλον
1040 989 1207 1068 ἐκστρατείαν
1217 991 1328 1047 ἐποιεῖτο
1343 989 1385 1046 ἐπί
1395 1013 1423 1046 τε
1439 989 1560 1050 Σικελίαν
1572 991 1616 1047 καί
1626 990 1669 1056 τδις
1681 993 1797 1058 Ἰταλίας·

221 1073 302 1142 αύτδς
315 1075 459 1156 ἐξεπόρθει,
470 1075 536 1151 μετὰ
546 1078 588 1132 τὸν
603 1076 764 1154 Μαϊοριανὸν
777 1075 908 1154 βουληθείς
920 1080 995 1154 βασι·
1041 1076 1085 1132 καί
1097 1077 1153 1141 ταῖς
1165 1074 1211 1150 μὲν
1220 1077 1335 1148 πόλεσιν,
1345 1077 1370 1134 ἐν
1384 1067 1424 1142 αἷς
1436 1078 1552 1156 μάχιμον
1566 1077 1673 1153 δύναμιν
1684 1083 1732 1136 τῶν
1742 1081 1800 1138 Ἰτα·

224 347 275 396 tol

220 1163 302 1220 λεύειν
312 1167 362 1219 τῶν
376 1166 402 1220 ἐν
418 1162 563 1242 τῇὲσπέριρ
579 1161 720 1238 Ῥωμαίων
732 1161 871 1241 Ὀλύόριον
888 1163 931 1220 διὰ
949 1161 996 1234 τὴν

221 1247 247 1316 ἐξ
259 1250 400 1328 ἐπιγαμίας
411 1249 571 1328 συγγένειαν.
587 1257 620 1310 V.
637 1255 863 1322 tillemontii,
878 1272 908 1328 p.
924 1247 994 1308 331}

389 1381 436 1436 30.
460 1379 505 1460 [c.
523 1383 590 1448 463.
609 1385 700 1441 Leon.
717 1401 763 1438 an.
781 1383 830 1458 7.)

261 1515 329 1568 Exc.
345 1516 388 1568 De
402 1514 457 1587 leg.
480 1525 556 1588 gent.
573 1533 601 1588 p.
620 1523 667 1582 la.
683 1515 719 1580 hi
737 1533 744 1573 ε
761 1511 826 1571 Ὅτι
839 1514 862 1571 οἰ
879 1511 997 1591 ἑσπέριοι

221 1595 354 1672 Ῥωμαῖοι
368 1601 392 1664 ἐς
412 1597 466 1663 δέος
484 1598 597 1665 ἐλθόντες
612 1598 672 1677 περί
687 1599 884 1678 Μαρκελλίνου,
897 1599 998 1674 μήποτε

224 1683 399 1758 αὐξανομένης
411 1687 481 1764 αὐτῷ
492 1689 537 1755 τῆς
549 1686 681 1760 δυνάμεως
692 1686 737 1744 καί
749 1685 793 1742 ἐπ’
805 1685 894 1751 αύτούς
905 1685 998 1763 ἀγάγοι

222 1769 266 1827 τθν
290 1772 416 1846 πόλεμον,
446 1772 575 1852 διαφόρως
605 1774 803 1852 ταραττομένων
833 1774 919 1838 αὐτοῖς
946 1777 998 1832 τῶν

223 1857 397 1936 πραγμάτων,
408 1862 483 1916 τοῦτο
498 1859 545 1934 μέν
557 1863 587 1917 ἐκ
600 1860 751 1932 Βανδίλων,
762 1863 838 1917 τοῦτο
850 1857 877 1916 δέ
891 1859 936 1916 καί
952 1862 999 1919 Αἰ-

223 1943 319 2018 γιδίου,
335 1944 425 2022 ἐνδρθς
441 1949 470 2002 ἐκ
488 1948 615 2005 Γαλατῶν
636 1945 683 2021 μὲν
703 1951 754 2004 τῶν
772 1944 881 2026 πρδςτῇ
902 1947 999 2025 ἑσπέρα

224 2030 393 2110 ὁρμωμένου,
407 2034 444 2110 τῷ
459 2031 485 2088 δέ
502 2034 656 2110 Μαϊοριανῷ
675 2031 934 2110 συστρατευσαμένων
954 2033 999 2090 καί

224 2116 1000 2195 πλείστηνοἰμράύτδνἔχοντοςδύναμιν,καὶχαλεπαίνοντος

226 2205 268 2262 διθι
280 2203 327 2274 πλν
339 2209 382 2262 τοῦ
397 2204 524 2282 βασιλέως
535 2205 675 2283 οἰναίρεσιν·
683 2205 711 2263 θν
722 2210 766 2262 τοῦ
778 2206 840 2284 πρὸς
850 2201 1000 2271 Ἰταλιώτας

225 2293 288 2357 τέως
298 2291 419 2370 ἐπήγαγε
429 2291 544 2366 πολέμου
559 2297 572 2362 i,
584 2293 646 2370 πρὸς
657 2292 767 2357 Γότθους
776 2291 833 2358 τούς
844 2293 869 2348 ἐν
882 2291 1000 2371 Γαλατία

227 2379 345 2458 διαρορτί.
359 2377 426 2456 Περί
437 2377 487 2456 γάρ
499 2383 543 2448 τῆς
555 2379 649 2458 ὁμόρου
669 2379 732 2455 πρὸς
750 2377 860 2444 ἐκείνους
878 2379 998 2457 διαριλο-

226 2469 316 2523 νεικῶν
326 2469 373 2540 γῆς
383 2469 512 2544 καρτερῶς
524 2466 651 2544 ἐμάχετο,
659 2464 705 2523 καί
716 2465 804 2542 ἀνδρὸς
816 2465 878 2543 ἔργα
891 2465 1001 2542 μέγιστα

227 2556 253 2611 ἐν
265 2551 354 2631 ἐκείνῳ
370 2552 516 2619 ἐπεδείξατο
535 2557 571 2631 τῷ
593 2551 710 2632 πολέμῳ.
723 2553 829 2612 Τούτων
844 2552 875 2620 δὴ
890 2551 965 2610 ἕνεκα
978 2555 1001 2610 οἰ

227 2641 342 2719 ἑσπέριοι
353 2639 482 2716 Ῥωμαῖοι
494 2639 567 2716 παρὰ
578 2639 637 2705 τούς
648 2639 725 2720 ἑῴους
738 2637 860 2718 πρέσόεις
872 2639 1001 2715 ἔστειλαν,

227 2727 294 2786 ῶστε
306 2728 391 2791 αὐτοῖς
404 2727 449 2784 καὶ
466 2726 509 2784 τόν
525 2729 704 2806 Μαρκελλῖνον
725 2727 771 2785 καί
782 2725 840 2792 τούς
854 2728 1002 2796 Βανδήλυυς

228 2813 374 2882 διαλλάξαι.
389 2816 458 2891 Μρὸς
470 2813 517 2890 μέν
528 2815 572 2872 τόν
589 2815 767 2893 Μαρκελλῖνον
783 2813 926 2891 Φύλαρχος
938 2836 1002 2870 στα-

226 2902 280 2968 λείς
304 2902 390 2959 ἔπεισε
412 2901 480 2959 sard
504 2901 645 2978 ‘Pauperiore
665 2899 734 2958 ἑίιτλα
754 2900 791 2976 μὴ
807 2909 895 2958 κινεῖν.
922 2899 955 2959 Ὁ
975 2899 1002 2958 δέ

227 2985 300 3067 παρθι
316 2987 373 3053 τοὺς
386 2987 533 3056 Busiridos(
545 2987 637 3053 διαύλς
651 2987 782 3066 ἄπρακτος
798 2985 942 3064 ἀνεχώρει,
956 2992 1002 3044 τοῦ

229 3075 367 3154 Γεζερίχου
384 3075 422 3151 μὴ
438 3075 523 3140 άλλως
544 3076 587 3132 τὸν
611 3073 725 3149 πολεμον
743 3073 900 3143 καταθήσειν
924 3075 1002 3130 αἰπει-

227 3242 407 3303 nrajnrernnatu
414 3242 515 3290 tiliarum
526 3240 695 3299 valentiniani,
702 3240 831 3288 liudociam
840 3241 944 3298 nomine,
955 3241 1003 3287 ilo·

228 3323 328 3370 uoncho
341 3321 389 3368 lilio
399 3319 565 3382 desponderet.
577 3322 646 3369 Tunc
660 3318 723 3366 enisu
737 3317 883 3378 Eudoxiam,
894 3316 1004 3366 Theodo-

229 3399 257 3448 sii
272 3397 360 3460 liliam,
372 3397 462 3446 remisit
479 3410 535 3444 cram
549 3395 665 3454 Placidia,
678 3394 730 3455 ejus
740 3407 835 3453 sorore,
850 3406 924 3454 quam
935 3392 1005 3442 duait

229 3475 349 3536 Olybrius.
363 3476 445 3534 neque
461 3486 490 3521 eo
506 3473 583 3520 serim
600 3471 692 3519 ltaliam
704 3473 728 3518 ei
742 3469 847 3518 Siciliain
863 3469 1005 3517 Geusericus

228 3559 323 3601 vastare
342 3550 449 3610 destitit,
468 3549 508 3597 sed
528 3549 605 3596 multo
624 3547 699 3606 magis
713 3545 840 3606 saeviebat,
862 3558 937 3606 qinons
952 3549 1005 3608 post

229 3635 330 3680 rnortern
343 3627 466 3688 Maioriani
476 3631 527 3686 (tet
541 3640 564 3688 p.
575 3627 614 3684 c.)
626 3625 752 3685 olybrium
762 3624 791 3672 ad
800 3624 926 3685 imperium
938 3625 1006 3673 Occi·

229 3710 308 3760 dentis
317 3706 448 3770 prouehere
458 3705 554 3766 propter
563 3701 704 3750 allinitatem
713 3715 744 3750 ex
754 3701 843 3762 nuptiis
850 3701 973 3762 cogitaret.

260 3870 374 3921 Romanis
384 3866 577 3918 occidentalibus
588 3865 613 3912 in
631 3862 789 3924 suspicionem
805 3861 871 3911 senii
887 3862 1005 3912 hlarcclli·

230 3963 290 4009 nias,
301 3962 344 4007 ne,
363 3948 384 3995 si
400 3943 475 4006 copiis
492 3945 628 4003 angeretur,
648 3940 672 3988 in
692 3953 732 3988 eos
750 3939 840 3988 bellum
858 3941 1004 3988 transferret.

1040 1164 1141 1220 λιωτῶν
1161 1154 1227 1221 εἶναι
1241 1163 1400 1237 συνέθαινεν,
1414 1166 1443 1221 ού
1459 1164 1552 1242 ῥηιδίως
1565 1165 1745 1278 προσερέριτο·
1758 1191 1799 1222 κα·

1041 1249 1218 1325 ταλαμόάνων
1233 1249 1260 1308 δέ
1272 1251 1371 1330 χωρία,
1386 1253 1411 1308 ἐν
1424 1243 1460 1316 οἷς
1475 1250 1511 1326 μὴ
1524 1250 1615 1330 ἔτυχεν
1629 1276 1691 1311 oasa
1704 1255 1800 1310 ἀντίπα·

1041 1339 1084 1402 λος
1097 1334 1219 1412 δύναμις,
1235 1337 1309 1414 ἐδῄου
1322 1360 1349 1394 τε
1362 1337 1407 1395 καλ
1416 1339 1627 1416 ἠνδραποδίζετο.
1639 1342 1679 1398 ot
1690 1339 1737 1419 γθρ
1747 1339 1801 1418 πρθς

1042 1423 1128 1481 πάντα
1148 1424 1181 1481 ad
1203 1423 1374 1508 προσύάσιμα
1388 1425 1441 1491 τοῖς
1463 1427 1606 1496 Βανδήλοις
1620 1426 1685 1505 μέρη
1701 1431 1723 1485 οἱ
1740 1428 1800 1487 Ἰτα-

1041 1512 1134 1570 λιῶται
1148 1514 1235 1590 α’ρκεῑν
1248 1511 1385 1583 ἐδύναντο,
1398 1512 1491 1582 πλήθει
1505 1516 1557 1570 τῶν
1574 1513 1703 1588 πολεμίοιν
1723 1513 1800 1592 βιαζό-

1043 1621 1116 1674 μενοι
1129 1597 1173 1656 καί
1186 1602 1224 1677 τῷ
1242 1597 1279 1674 μὴ
1295 1599 1415 1674 παρεῖναί
1429 1621 1501 1679 σρισι
1512 1599 1635 1670 ναυτικὴν
1648 1600 1760 1675 δύναμιν,
1773 1601 1800 1670 ἣν

1043 1684 1116 1764 παρέι
1127 1689 1178 1743 τῶν
1193 1684 1264 1762 ἑῴων
1281 1688 1410 1751 αἰτοῦντες
1422 1689 1468 1744 ούκ
1482 1684 1625 1765 ἐτύγχανον
1638 1687 1679 1745 διθι
1691 1687 1732 1754 τθς
1748 1687 1803 1764 πρὸς

1043 1771 1178 1849 ἰέζέριχον
1191 1773 1295 1838 ἐκείνοις
1309 1771 1424 1837 τεθείσας
1436 1771 1558 1838 σπονδάς
1571 1772 1634 1853 όπερ
1648 1774 1685 1832 ἔτι
1701 1772 1802 1849 μαλιστα

1044 1859 1159 1916 ἐκάκωσε
1172 1857 1205 1914 τό
1218 1861 1244 1916 ἐν
1258 1863 1291 1938 τῇ
1305 1858 1402 1939 ἐσπέρορ
1415 1859 1557 1936 Ῥωμαίων
1573 1862 1715 1941 πράγματα
1729 1861 1767 1918 διδ
1778 1859 1804 1916 τό

1044 1947 1182 2023 διῃρῆσθαι
1193 1943 1239 2014 τὴν
1254 1947 1399 2024 βασιλείαν.

1084 2031 1310 2109 Ἐπρεσόεύσαντο
1334 2032 1360 2091 δὲ
1383 2037 1441 2090 κατ’
1455 2036 1550 2092 ἐκεῖνον
1572 2033 1615 2093 τόν
1638 2033 1725 2113 χρόνον
1745 2032 1803 2090 κατέ

1044 2119 1102 2184 τούς
1118 2117 1194 2199 ἑῴους
1209 2119 1358 2196 Ῥωμαίους
1382 2123 1547 2201 Σαράγουροι
1569 2121 1614 2182 καί
1634 2123 1748 2200 θύρωγοι
1766 2122 1803 2177 καὶ

1044 2205 1212 2284 Ὀνύγυυροι,
1227 2207 1287 2278 ἔθνη
1303 2207 1477 2274 ἐξαναστάντα
1491 2215 1542 2267 τῶν
1557 2209 1657 2267 οἰκείων
1669 2214 1743 2280 ἠθῶν,
1756 2211 1804 2266 Er·

1045 2293 1125 2371 όίρων
1142 2293 1321 2372 (Σαὸινάνρων
1337 2298 1434 2372 Snid.)
1449 2298 1474 2361 ἐς
1488 2295 1579 2374 μάχην
1594 2297 1678 2376 σρισίν
1692 2295 1804 2365 ἐληλυθό-

1046 2403 1108 2456 των,
1133 2379 1176 2446 οθς
1198 2381 1325 2450 ἐξήλασαν
1348 2381 1480 2460 Ἄθάρεις,
1501 2383 1662 2458 μετανάσται
1688 2383 1805 2457 γενόμενοι

1046 2463 1098 2522 ὑπὸ
1118 2468 1196 2524 ἐθνῶν
1219 2467 1355 2525 οἰκούντων
1379 2466 1425 2542 μέν
1446 2468 1492 2539 τὴν
1509 2472 1699 2548 παρωκεανῖτιν
1723 2469 1804 2541 οἰκτλν,

1048 2551 1105 2631 [rip
1119 2552 1146 2610 δί
1158 2554 1247 2632 χώραν
1264 2554 1443 2612 ἀπολιπόντων
1464 2554 1549 2613 διὰτὸ
1574 2557 1599 2624 ἐξ
1613 2557 1755 2636 οἰναχύσεωτ
1769 2562 1806 2612 τοῦ

1048 2641 1162 2697 ὠκεανοῦ
1183 2642 1326 2719 όμιχλῶδες
1339 2641 1479 2718 γινόμενον,
1498 2643 1542 2700 καί
1556 2647 1663 2722 γρυπῶν
1678 2642 1703 2701 δέ
1722 2645 1807 2710 πλῆθος

1048 2725 1185 2804 οἰναρανέν·
1198 2727 1260 2804 ὅπερ
1273 2719 1304 2796 ἦν
1317 2728 1390 2803 λόγος
1402 2729 1438 2803 μὴ
1451 2729 1576 2808 πρότερον
1587 2731 1746 2802 παύσασθαι,
1755 2730 1807 2806 πρὶν

1047 2811 1064 2882 ἢ
1081 2812 1159 2891 βορόν
1173 2813 1331 2882 ποιήσασθαι
1347 2813 1377 2872 τὸ
1397 2819 1447 2872 τῶν
1473 2816 1616 2896 ἀνθρώπων
1630 2817 1710 2894 γένος·
1729 2819 1762 2874 διὸ
1779 2813 1806 2884 δὴ

1048 2900 1097 2956 ύπό
1113 2903 1193 2959 τῶνδε
1209 2899 1374 2978 ἐλαυνόμενοι
1393 2905 1443 2959 τῶν
1459 2903 1546 2961 δεινῶν
1562 2906 1616 2970 τοῖς
1634 2903 1808 2982 πλησιοχιίιροις

1047 2986 1178 3059 ἐνέθαλον,
1193 2988 1298 3047 καὶτῶν
1314 2987 1436 3048 ἐπιόντων
1447 2991 1630 3072 δυνατωτέρων
1645 2992 1720 3052 όντων
1733 2995 1754 3048 οἱ
1768 2990 1807 3060 τὴν

1047 3071 1136 3152 ἐροδον
1152 3075 1224 3154 [οὐχ]
1244 3075 1410 3155 ὑφιστάμενοι
1433 3078 1650 3156 μετανίσταντο·]
1666 3079 1749 3156 ὥσπερ
1769 3075 1807 3132 καί

1048 3241 1072 3288 et
1082 3239 1143 3288 actii
1162 3239 1224 3288 bona
1235 3241 1393 3291 traderentur.
1407 3244 1500 3291 Etenim
1517 3243 1548 3292 ab
1558 3243 1715 3292 Orientalibus
1724 3253 1809 3304 ηιιοηιιο

1048 3318 1139 3377 panem
1150 3316 1269 3365 bonorum
1277 3319 1434 3368 Valentiniani
1444 3319 1582 3369 obtinuerat
1594 3320 1702 3368 ΙῐιιθοοῐιοΙ
1711 3319 1807 3374 nonnae,

1048 3405 1103 3454 quas
1119 3395 1269 3454 lionorlcho,
1285 3395 1336 3456 ejus
1347 3399 1410 3455 hlio,
1422 3401 1542 3458 nupserat.
1559 3401 1638 3460 Atque
1648 3399 1707 3446 banc
1719 3397 1768 3446 belli
1779 3409 1808 3442 re·

1048 3473 1154 3521 novandi
1166 3475 1314 3522 occasionem
1330 3475 1429 3536 singulis
1439 3477 1507 3524 annis
1520 3477 1659 3538 usurpabat.
1672 3481 1750 3536 itaque
1765 3476 1808 3520 sta·

1047 3551 1094 3599 tim
1107 3551 1171 3600 veris
1181 3551 1248 3601 initio
1260 3552 1344 3600 infesto
1353 3554 1459 3602 exercitu
1472 3554 1577 3602 siciliam
1592 3556 1617 3603 et
1632 3555 1708 3603 ltalias
1719 3552 1808 3606 invasit,

1048 3631 1073 3678 ct
1082 3629 1255 3690 urhesuuidem
1263 3631 1377 3679 italorum
1386 3631 1667 3692 praesidiishrmatusnou
1675 3633 1809 3688 lucilerrpn·

1048 3706 1142 3766 guravit,
1163 3707 1203 3754 sed
1223 3706 1309 3768 oppida
1329 3707 1460 3765 militibus,
1478 3709 1519 3769 qui
1538 3711 1688 3769 resisterent,
1708 3706 1808 3755 deutrus

1048 3781 1118 3830 tacite
1129 3785 1199 3843 carita
1210 3783 1296 3831 euertit
1305 3787 1330 3831 et
1342 3783 1449 3845 diripuit.
1468 3786 1518 3832 h'ec
1533 3785 1598 3833 enim
1614 3785 1746 3841 adomnia,
1763 3794 1810 3842 ηιιοε

1048 3858 1212 3907 vandalorum
1226 3860 1341 3908 invasioni
1356 3861 1482 3921 patebant,
1494 3861 1585 3910 tuenda
1596 3863 1704 3911 suilicere
1713 3859 1811 3922 poterant

1049 3936 1117 3993 itali,
1128 3939 1252 3998 propterea
1264 3937 1327 3998 quod
1338 3937 1440 3985 hostium
1453 3937 1610 3986 multitudine
1621 3939 1810 4000 opprimebantur.

231 4030 304 4078 Erant
322 4027 385 4074 enirn
401 4027 461 4071 trane
480 4020 594 4081 temporis
611 4021 773 4068 Romanorum
788 4030 825 4066 res
842 4018 914 4066 uariis
929 4017 1006 4066 modis
1050 4013 1156 4074 Denique
1168 4014 1242 4074 copiis
1253 4014 1376 4061 navalibus
1386 4013 1512 4072 carebant,
1528 4025 1590 4074 quas
1601 4027 1699 4075 quirina
1712 4013 1811 4062 liorrrauis

230 4105 325 4156 alilictm
336 4105 361 4150 et
372 4099 531 4164 perturbatas,
542 4097 598 4145 hinc
608 4094 735 4152 Vandalis,
746 4095 811 4142 illinc
822 4094 914 4155 AEgidio
926 4094 1005 4142 immi·
1048 4091 1209 4140 Orientalibus
1218 4091 1352 4152 petiissent,
1363 4103 1410 4138 non
1421 4090 1592 4151 impetrarunt,
1606 4093 1661 4152 qrria
1677 4091 1749 4139 lustras
1762 4099 1810 4135 curu

230 4185 311 4233 neate.
324 4181 369 4228 llic
380 4179 416 4226 air
428 4181 457 4224 eir
471 4175 549 4224 Gallia
567 4172 707 4221 occidentali
723 4171 853 4231 oriundus,
870 4173 911 4234 qui
925 4172 949 4220 in
961 4172 1005 4220 fli-
1048 4168 1193 4216 Gensericho
1213 4169 1324 4215 fecerant.
1342 4169 1374 4216 Ea
1393 4181 1443 4226 res,
1461 4167 1635 4215 divisuscilicet
1646 4163 1811 4229 imperiiadmi·

229 4259 311 4322 spania
324 4269 380 4305 curn
392 4252 523 4314 Maioriano
536 4251 691 4309 militaverat,
705 4251 728 4296 et
744 4261 857 4310 magnum
873 4249 1004 4297 exereitum
1049 4243 1164 4292 nistranrli
1178 4244 1251 4302 ratio,
1269 4255 1355 4305 magno
1369 4244 1513 4293 detrimento
1528 4245 1691 4294 Romanorum
1703 4242 1811 4292 Occidffl‘

230 4337 349 4395 hahebat,
368 4333 400 4382 oh
412 4332 502 4380 crudem
516 4329 664 4390 imperatoris
675 4329 726 4375 erat
743 4326 789 4374 illis
802 4327 914 4376 intensus.
930 4327 977 4376 Sed
991 4339 1005 4375 a
1048 4319 1131 4375 lolium
1146 4321 1217 4369 rebus
1229 4322 1280 4369 suii-

230 4416 292 4466 richo
304 4409 443 4474 spinetensis
460 4407 525 4456 uaris
536 4405 647 4453 ονοωνιι
658 4417 713 4451 eum
724 4407 803 4451 οιιιιιο
819 4417 875 4452 cum
886 4405 1004 4454 ecstasin
1079 4397 1148 4446 eirca
1160 4397 1185 4446 id
1196 4400 1290 4458 ternpus
1300 4397 1389 4458 legatos
1398 4397 1427 4445 sd
1438 4397 1572 4446 orientales
1581 4401 1699 4446 namanes
1707 4395 1812 4444 miseran

231 4493 307 4544 Gallia
325 4488 457 4538 dissidium.
478 4489 511 4534 De
530 4481 678 4532 contermina
695 4481 759 4530 enim
778 4484 871 4542 regione
885 4495 941 4531 cum
960 4484 1005 4532 illis
1048 4477 1173 4537 Saraguri,
1193 4475 1264 4536 Urogi
1278 4479 1302 4524 et
1315 4477 1429 4536 Onogurl.
1449 4479 1492 4524 lire
1502 4479 1598 4537 gentes,
1618 4474 1813 4538 propriis-sedibus

231 4573 338 4627 certans,
350 4559 661 4619 torrircrncuumgereuat‚
672 4557 696 4604 ia
712 4571 761 4618 quo
776 4559 1005 4609 murmanisueaui
1048 4555 1144 4616 eiecta,
1163 4554 1290 4602 commissa
1308 4567 1387 4615 pugna
1405 4567 1461 4602 cum
1481 4555 1582 4613 schiris,
1602 4567 1662 4615 oros
1682 4553 1812 4615 expulerant

231 4649 255 4696 et
267 4640 409 4704 rnaguauimi
421 4651 493 4700 opera
504 4636 586 4686 edidit.
603 4638 660 4684 uaec
676 4634 700 4680 in
712 4645 783 4682 causa
793 4635 901 4694 luerunt,
918 4639 946 4684 ut
957 4639 1005 4686 llo·
1049 4633 1146 4692 abares,
1154 4635 1178 4682 ct
1185 4632 1228 4694 ipsi
1235 4645 1331 4694 quoque
1339 4637 1447 4680 extorres
1457 4633 1512 4680 lacti
1527 4632 1658 4692 agentibus
1668 4645 1722 4692 quae
1731 4629 1812 4678 Oceani

231 4721 297 4775 usarii
309 4715 474 4770 occidentales
487 4715 574 4775 legatos
585 4711 615 4761 ad
625 4709 755 4760 Orientales
765 4712 899 4771 mitterent,
910 4714 1005 4762 ethian-
1049 4713 1117 4760 littus
1125 4713 1276 4769 accolebant,
1285 4711 1327 4759 scri
1337 4710 1404 4759 serlus
1415 4725 1470 4759 snas
1480 4711 1624 4771 reliquerant
1636 4714 1731 4772 pmpter
1740 4711 1810 4768 ingra-

231 4801 344 4852 cellinum
354 4800 380 4845 et
390 4793 510 4843 vandalos
523 4805 603 4840 secum
617 4788 754 4850 ingratiam
766 4788 913 4838 reducerent.
932 4793 962 4838 Et
975 4783 1006 4840 ad
1049 4791 1085 4837 tes
1098 4789 1198 4837 nebulas
1208 4801 1239 4837 cx
1256 4789 1327 4836 maris
1337 4788 1466 4848 saporibus
1481 4790 1546 4835 ortas
1562 4789 1586 4834 et
1603 4790 1698 4848 propter
1714 4795 1812 4845 magnam

231 4875 396 4929 Marcellinum
414 4868 510 4932 quidem
528 4867 674 4928 Phylarchus
693 4865 779 4912 missus
797 4868 817 4914 ei
839 4868 956 4927 persuasit
976 4881 1006 4916 ne
1049 4867 1208 4927 ingruentium
1227 4867 1372 4928 gryphorum
1396 4865 1588 4925 multitudinem,
1610 4879 1670 4926 quos
1688 4878 1734 4915 nou
1755 4862 1814 4924 prius

231 4955 256 5003 in
270 4957 390 5003 hornanos
407 4949 514 4996 moueret
527 4957 601 4992 arana.
617 4944 678 4992 ilinc
689 4942 719 4991 ad
734 4941 854 4990 Vandalus
864 4941 1005 5006 delicetcus,
1050 4956 1182 4992 recessuros
1199 4957 1250 4992 esse
1268 4943 1331 4991 tama
1346 4947 1410 5002 erat,
1426 4954 1498 5004 qrram
1514 4955 1588 5002 genias
1603 4942 1731 4990 tranianum
1749 4940 1813 4986 cluso·

230 5032 289 5082 nilail
301 5029 431 5092 quicquam
441 5023 553 5087 proiecit,
562 5026 586 5071 et
595 5021 673 5071 rediit.
685 5022 843 5071 Genserichus
851 5022 915 5070 enim
925 5035 951 5071 se
959 5036 1006 5071 non
1049 5023 1140 5068 rasseut
1150 5039 1156 5067 ι
1165 5019 1252 5080 quihrrs
1262 5019 1438 5068 calamitatibus
1445 5019 1551 5080 excitati,
1559 5019 1584 5066 iu
1593 5019 1746 5066 linitirunrum
1753 5015 1813 5063 srdrs

232 5107 290 5158 alias
301 5106 391 5156 belluna
405 5104 539 5165 positurum
551 5099 656 5148 minatus
670 5101 721 5161 est,
737 5099 780 5150 nisi
791 5099 835 5149 sibi
850 5099 1007 5148 Valentiniani
1051 5099 1195 5160 irruperunt.
1214 5101 1242 5147 Ei
1251 5111 1335 5148 omnes
1344 5099 1454 5160 quidem,
1465 5099 1507 5160 qui
1518 5098 1648 5148 violentum
1658 5109 1738 5146 eorum
1747 5093 1814 5157 impie·
