3842 5726
192 335 230 386 48
821 315 977 376 ΕθΝΑΡΙΙ
1000 311 1178 374 satutant

233 476 257 515 7.
280 451 344 514 Ὀτι
364 447 460 518 ibive<
480 449 525 508 καί
541 448 687 530 Ἀργίύολος
708 446 741 522 (l.
762 447 973 526 Τριὸίγιλθος)...

194 545 208 598 δ
223 539 269 619 μέν
283 539 438 618 ἡγούμενος,
453 537 506 596 ddi
520 535 713 616 ἐφεπόμενος...

235 628 305 690 Οὐδέ
323 626 399 693 αὐτὸς
411 625 497 704 ἕτερον
512 624 626 684 ἐπένθει·
640 622 746 702 σφαγεὶς
762 620 788 680 δέ
799 621 894 695 ἔκειτο,
908 620 974 698 μηδὲ

194 718 238 776 τὸν
255 716 370 796 θάψοντα
383 715 451 795 ἔχων
464 713 509 771 καὶ
520 711 706 791 κατορύξοντα.

235 807 253 881 §
272 827 294 861 ι.
309 807 408 862 Sermo
427 817 467 860 est
481 805 517 859 de
529 805 598 860 Asiae
613 803 766 878 provinciis
786 800 974 874 aTribigiido

197 895 332 968 direptis,
346 913 431 968 quem
445 894 564 960 Gainns,
584 892 713 964 Eutropii
728 889 795 944 odio
816 901 924 956 motus,
939 888 976 942 ad

198 982 365 1037 seditionem
375 983 555 1037 excitaverat.
566 982 600 1034 V.
610 979 713 1034 Zosim.
727 979 762 1044 V,
777 975 820 1050 13,
832 994 859 1046 7.
872 1003 910 1018 -
921 975 974 1048 §a

197 1059 281 1133 Οὗτος
298 1066 388 1144 κτλ.].
408 1093 420 1119 ι
435 1071 509 1124 Num
523 1085 614 1122 sermo
626 1076 667 1120 est
679 1065 715 1119 de
726 1064 826 1132 Gaina,
840 1063 889 1135 qui
904 1062 977 1118 Con·

197 1156 381 1228 stantinopoii
394 1153 541 1209 discedens
555 1153 592 1208 ad
607 1153 688 1208 civile
707 1151 813 1206 bellum
831 1150 976 1204 concitan-

199 1244 285 1314 dum,
298 1260 409 1297 causam
420 1241 556 1296 discessus
568 1239 745 1294 obtendebat
757 1238 888 1292 affectam
902 1235 978 1290 vaie-

200 1331 346 1386 tudinem?
358 1353 370 1380 ν
384 1331 450 1388 ilias.
463 1330 592 1384 Fortasse
601 1325 774 1400 Tribigiidus
784 1322 980 1396 intelligendus

200 1431 249 1475 est.
260 1449 293 1460 --
304 1417 356 1492 θλ.
367 1417 408 1473 cf.
422 1418 549 1472 Zosimus
558 1415 593 1482 V,
609 1412 681 1483 15,6
692 1431 698 1466 ι
709 1411 741 1469 lli
752 1407 799 1485 μέν
809 1398 854 1466 οὐν
865 1406 979 1465 ἐπελθὼν

200 1503 244 1562 ἐπί
259 1505 306 1574 τὴν
320 1501 443 1582 Φρυγίαν
457 1505 471 1560 δ
487 1504 512 1560 Τ
515 1499 668 1578 ριύίγιλδος,
681 1494 719 1574 μὴ
732 1499 779 1566 τὴν
792 1495 834 1554 ist
849 1493 979 1566 Πισιδίαν,

201 1591 259 1649 ἀλλ’
272 1589 344 1656 εὐθύς
360 1589 405 1648 ἐπί
422 1588 520 1648 Λυδίαν
541 1585 687 1665 ἐχώρησεν,
709 1583 782 1643 οὐδὲν
799 1581 830 1642 δν
852 1582 981 1654 ἐκώλυσε,

201 1678 299 1748 ταύτης
311 1678 410 1736 ἀκονιτὶ
426 1675 494 1756 κατδι
508 1675 602 1756 κράτος
619 1673 776 1752 αἱρεθείαης,
789 1670 981 1730 συναπολέσθαι

140 1775 143 1780 ’
202 1766 247 1824 καί
268 1763 315 1836 τὴν
336 1764 430 1824 Ἰονίαν
446 1765 522 1842 αὐτῇ.
538 1763 609 1838 -§
633 1762 660 1821 5.
684 1764 779 1818 Prima
792 1763 881 1838 rerba
903 1763 983 1816 uncis

202 1854 517 1912 distinctaNiebubrius
531 1852 644 1908 addidit
659 1869 674 1906 c
688 1851 792 1920 Suida,
812 1856 861 1923 qui
873 1868 900 1907 v.
916 1850 983 1906 Πα-

202 1948 356 2020 ρακινούντα
373 1962 408 1998 ex
420 1943 451 1999 h.
463 1943 529 1996 ioco
547 1940 687 1994 nonnulla
698 1939 849 2012 excerpsit.
871 1969 908 1980 --
921 1937 937 2012 §
952 1936 981 1991 6.

202 2027 379 2108 Ἀργίὸολον.]
396 2028 483 2103 Apud
495 2030 638 2084 zosimum
656 2027 783 2100 aliosque
802 2027 890 2082 horno
904 2025 985 2080 audit

201 2115 378 2196 Τριύίγιλδος.
390 2119 490 2188 Neque
498 2116 580 2170 aliter
591 2116 751 2188 Euoapius,
763 2133 848 2188 quem
858 2115 986 2186 sequitur

203 2207 347 2272 Zosimus,
366 2204 478 2259 dixerit.
498 2234 538 2244 -
556 2201 573 2276 §
591 2221 617 2272 7.
642 2199 776 2278 Σραγείς]
800 2201 888 2272 Quis?
911 2203 986 2254 Num

204 2295 371 2367 Eutropius,
395 2292 432 2347 de
447 2289 527 2362 cujus
553 2290 629 2344 caede
649 2308 677 2344 ν.
695 2290 800 2346 Zosim.
816 2291 850 2356 V,
882 2287 927 2356 18,
951 2294 984 2356 ης

204 2382 364 2436 Tillemont.
389 2381 429 2448 V,
452 2397 482 2452 p.
510 2377 584 2448 4573
614 2396 650 2433 an
672 2378 862 2451 Tribigildus,
886 2377 935 2449 qui
957 2377 985 2430 in

204 2466 325 2524 Thracia
339 2470 439 2543 periit,
458 2477 527 2522 teste
546 2466 735 2540 philostorgio
749 2467 785 2523 H.
807 2466 884 2522 Eecl.
908 2467 951 2533 11,
968 2463 985 2520 8

204 2576 233 2631 p.
248 2556 322 2632 531,
336 2558 357 2611 B
372 2555 417 2612 ed.
431 2555 540 2624 Vales.;
560 2573 596 2610 an
609 2555 687 2610 Leo?

571 2667 618 2738 76.

249 2785 350 2840 Suidas
367 2803 374 2838 ε
389 2781 497 2840 Λέων.
512 2770 595 2847 Obsce
616 2779 761 2858 στρατηγὸς
775 2779 894 2861 ἐπέμρθη
915 2779 987 2860 παρὰ

206 2871 354 2948 Εὐτροπίου
368 2874 413 2927 τοῦ
428 2869 551 2946 εὐνούχου
566 2865 634 2926 κατδι
648 2870 700 2925 τῶν
717 2867 805 2946 papii
822 2891 867 2938 ων,
886 2868 989 2934 εὔκολος

206 2957 242 3017 ῶν
257 2959 301 3016 καί
314 2955 356 3015 διά
373 2955 485 3033 μελέτην
496 2954 575 3032 μέθης
592 2953 793 3035 εὐπαράγωγος·
806 2979 837 3027 ην
852 2953 902 3036 γάρ
918 2958 989 3036 αὐτῷ

206 3047 236 3103 τὸ
247 3047 362 3123 ἀνδρεῖον
379 3045 421 3103 ἐπὶ
433 3043 516 3123 τούτῳ
527 3042 784 3120 συνηναγκασμένον,
801 3043 904 3110 πλείους
919 3043 988 3122 ἔχειν

207 3133 374 3199 παλλακίδας
388 3135 439 3190 τῶν
454 3134 630 3212 στρατιωτῶν,
641 3129 686 3188 καί
700 3131 807 3190 πλείονα
818 3131 901 3189 πίνειν
912 3130 929 3202 ἢ
940 3132 989 3190 ὅσα

207 3222 302 3287 πάντες
319 3224 342 3278 oi
360 3219 490 3300 ἄνθρωποι
514 3218 626 3280 πίνουσι.
647 3221 690 3278 ci.
715 3222 795 3280 Suid.
812 3241 840 3280 ν.
862 3219 989 3302 Εὐπαρά-

208 3331 299 3387 γωγος.

249 3397 328 3453 idem
342 3417 349 3452 :
366 3393 570 3468 Ἀπεστείτει,
585 3395 703 3472 ἀπεῖχεν,
712 3393 896 3472 ὐπεχωρίζετο.
911 3393 991 3454 Εὐνά·

209 3505 280 3549 πιος·
296 3509 308 3532 «
323 3483 378 3541 Kri
390 3480 440 3560 γδιρ
454 3483 501 3539 οὐκ
514 3480 655 3538 ἀπεστάτει
665 3485 712 3550 τῆς
726 3485 771 3538 τοῦ
794 3481 904 3548 Λέοντος
920 3483 990 3539 ἐπω-

209 3569 315 3645 νυμίας·
330 3567 398 3626 οὕτω
412 3568 463 3648 γὰρ
476 3567 520 3626 καί
532 3567 561 3625 τδ
574 3571 638 3646 ζῶον
650 3577 732 3625 ποιεῖν
743 3567 842 3628 εἴωθεν.
860 3596 872 3622 ν

249 3659 329 3714 Idem
344 3678 350 3712 :
367 3655 624 3734 Διηυχενίζετο,
641 3654 684 3712 τὸν
700 3655 798 3733 αὐχένα
811 3655 895 3735 ὄρθιον
908 3647 988 3734 εἶχεν,

211 3743 357 3808 Εὐνόπιος·
374 3769 386 3794 τι
404 3741 438 3804 '0
449 3741 476 3800 δὲ
491 3742 534 3800 ἐπὶ
554 3741 586 3799 τὰ
598 3741 740 3818 λειπόμενα
762 3747 813 3800 τῶν
827 3745 990 3822 πραγμάτων

210 3829 450 3906 διείανιστάμενος,
463 3832 609 3909 ἀνωρθοδτο
623 3829 669 3887 καὶ
686 3830 858 3909 διηυχενίζετο
874 3831 937 3911 πρὸς
948 3831 991 3890 τὸν

209 3919 348 3995 λεγόμενον
361 3917 476 3988 Λέοντα,
493 3916 563 3983 ὅπως
573 3915 649 3975 αὐτὸν
660 3917 817 3996 φονεύσειεν.
832 3945 844 3970 ν

249 4011 292 4064 De
303 4010 420 4078 Leonte,
431 4027 514 4080 quem
526 4018 627 4063 contra
636 4008 825 4082 Tribigiidum
836 4009 991 4082 Eutropius

210 4171 316 4221 assecla.
331 4206 338 4219 .
352 4173 450 4230 aeque
467 4171 517 4231 ipse
530 4171 632 4220 aiterum
643 4171 735 4232 eluxit,
748 4184 825 4221 cresus
834 4171 898 4221 enim
905 4172 990 4234 jacuit,

211 4250 307 4299 nemine
317 4250 355 4298 vel
366 4251 498 4312 sepulture
507 4250 637 4299 mandante
646 4251 683 4300 rel
695 4251 820 4302 obruente.

243 4415 291 4462 leo
309 4413 340 4461 ab
358 4415 475 4476 Eutropio
484 4413 594 4463 eunucho
614 4413 670 4462 belii
686 4415 737 4462 dux
755 4415 842 4464 missus
861 4416 897 4465 est
909 4418 992 4465 contra

213 4489 337 4539 barbaros.
351 4491 408 4538 Fuit
418 4493 498 4540 αιιίειπ
510 4492 582 4540 Ιιοπιο
596 4491 654 4540 ieris
671 4496 696 4540 et
711 4492 743 4540 ob
755 4493 860 4540 studium
872 4494 993 4544 ebrietatis

213 4569 406 4632 iacilisdeceptu.
423 4575 497 4620 Suam
507 4570 571 4620 enim
584 4570 747 4620 tortitudinem
757 4571 780 4620 in
792 4572 992 4636 iroccontulerat,

212 4648 643 4711 utpibreslraberetpellices‚quam
660 4649 761 4713 milites,
773 4653 798 4700 et
816 4652 869 4714 pius
887 4652 992 4714 biberet,

212 4739 287 4789 otram
301 4725 384 4774 bibant
395 4739 478 4775 omnes
489 4726 606 4775 homines.

244 4802 338 4852 Etenim
348 4814 363 4849 a
373 4802 459 4851 Leonis
468 4807 625 4864 cognomento
635 4817 683 4852 nou
692 4803 841 4866 abstinebat,
851 4807 885 4855 sic
894 4806 958 4856 enim
969 4808 994 4858 et

213 4880 258 4928 Ιιοσ
269 4877 359 4927 animai
370 4879 447 4928 lacere
457 4880 525 4931 solet.

245 4956 287 5005 ille
296 4957 377 5004 nutem
386 4954 417 5003 ad
425 4956 517 5018 reliqua
526 4955 619 5018 negotia
628 4969 654 5006 se
664 4969 801 5020 preparans
808 4971 907 5021 corpore
914 4962 993 5010 erecto

1020 449 1050 502 in
1063 447 1157 504 Asiam
1171 448 1260 514 misit,
1273 465 1299 500 ν.
1312 445 1417 504 Zosim.
1432 447 1467 516 V,
1485 449 1516 509 ri.
1527 443 1562 514 ,3
1578 440 1670 502 εΑέων
1686 439 1733 520 μέν
1749 432 1805 514 οὐν,

1021 537 1097 599 ὐτοῖς
1114 531 1182 591 κατὰ
1193 531 1240 602 ritu
1250 531 1338 592 Ἀσίαν
1349 529 1531 607 συμόεθηκόσι
1542 533 1675 609 βοηθῆσαι
1683 529 1813 608 aspicie,

1022 623 1114 698 ἀρετῆς
1138 619 1186 696 μὲν
1203 619 1255 678 οὐδ’
1275 622 1428 688 ἡστινοσοῦν
1447 618 1599 697 μετειλήφει
1613 621 1807 696 στρατηγικῆς,

1022 708 1075 766 οὐδ’
1085 709 1164 767 ἄλλου
1175 707 1244 773 τινδς
1255 705 1325 774 ἀξίου
1339 706 1402 783 πρὸς
1413 711 1492 764 τοῦτο
1503 705 1585 784 τύχης
1595 705 1672 763 αὐτὸν
1685 707 1807 782 ἀγαγεῖν,

1024 797 1092 866 πλὴν
1104 796 1144 854 δτι
1157 795 1221 875 πρδς
1241 796 1385 873 Εὐτρόπιον
1397 783 1466 873 εἶχεν
1480 795 1589 859 οἰκείως.
1606 825 1646 838 --
1656 798 1699 852 De
1713 797 1808 850 altero

1025 887 1118 942 Suidaa
1133 888 1197 941 loco
1212 884 1411 940 Bnissonadius
1430 903 1436 938 :
1466 884 1605 951 «Credo,
1625 885 1734 968 ipqnit,
1760 885 1808 954 agi

1025 973 1061 1028 de
1081 974 1198 1028 Leontis
1210 973 1325 1026 immani
1343 971 1500 1040 edacitate,
1516 989 1601 1044 quem
1621 970 1676 1026 hoc
1689 971 1809 1024 nomine

1025 1061 1141 1134 dignum
1164 1060 1247 1114 fuisse
1267 1061 1306 1114 ait
1325 1059 1487 1132 Eunapius,
1509 1058 1589 1130 quod
1603 1059 1692 1114 leonis
1713 1076 1810 1112 mores

1024 1149 1150 1204 referret.
1162 1146 1372 1203 adscribendus
1387 1147 1503 1202 omnino
1520 1146 1692 1202 Claudianus
1703 1147 1733 1200 in
1751 1147 1811 1201 Eu-

1027 1246 1103 1310 trop.
1121 1237 1167 1304 ΙΙ,
1185 1235 1265 1306 376:

1059 1373 1165 1420 litationi
1177 1370 1321 1432 extempio,
1335 1372 1436 1420 canetis
1450 1367 1659 1430 trepidantibus,
1668 1369 1764 1420 audax

1058 1455 1148 1491 crasso
1161 1442 1226 1490 troie
1239 1445 1299 1501 Leo,
1309 1453 1385 1504 quem
1394 1444 1437 1490 vie
1448 1440 1569 1502 cecropia
1582 1440 1665 1490 sotum

1058 1511 1305 1575 equaturasomes,
1316 1523 1392 1574 quern
1402 1523 1451 1559 ποπ
1460 1511 1552 1570 jejuno
1568 1510 1667 1560 Celaeno

1059 1585 1189 1632 uinceret:
1202 1582 1261 1631 iiiuc
1273 1593 1363 1630 nomen
1372 1581 1467 1642 sertur
1479 1583 1604 1630 ιπεπαίεεο
1613 1583 1732 1632 Leonis...

1063 1655 1133 1704 Tunc
1143 1653 1277 1714 tinxerat
1287 1653 1422 1712 Eutropii,
1430 1651 1685 1714 iatequesrerneint,

1059 1736 1109 1772 non
1122 1726 1217 1784 septem
1226 1724 1299 1771 vasio
1308 1724 1428 1783 quatiens
1441 1719 1693 1781 nmiooejuuencos,

1058 1791 1116 1850 sed,
1129 1803 1209 1855 qnam
1220 1793 1352 1853 perpetuis
1365 1790 1476 1853 dapibus
1486 1825 1493 1849 ,
1502 1793 1628 1854 ρι’ρεορκο
1638 1789 1730 1851 sediti,

1059 1865 1130 1911 inter
1140 1874 1206 1910 onus
1217 1864 1337 1922 interque
1347 1861 1414 1910 cotos
1424 1864 1591 1920 oneraverat,
1601 1861 1700 1912 airum.

1029 1986 1096 2056 Qun
1119 1985 1142 2039 si
1162 2003 1227 2038 cum
1247 1985 1349 2058 fragm.
1372 2003 1407 2054 77
1430 1995 1644 2058 comparentur,
1668 1984 1742 2040 forte
1768 1989 1816 2040 vi-

1032 2073 1146 2128 debitur
1159 2073 1393 2128 Subarmachiurn
1408 2083 1436 2126 et
1454 2075 1578 2128 Leonem
1593 2091 1681 2127 unum
1696 2084 1725 2128 et
1742 2092 1817 2130 eun-

1031 2159 1096 2214 dem
1105 2177 1162 2214 esse
1170 2159 1816 2232 hominem.Subarmachiopropterleouinam

1031 2245 1135 2301 samem
1149 2265 1309 2321 cognomen
1330 2248 1433 2302 Leonis
1448 2247 1533 2302 fuerit
1552 2247 1661 2306 datum.
1683 2249 1738 2304 Sed
1758 2250 1817 2304 hoc

1032 2346 1073 2388 est
1081 2334 1226 2390 hariolari.
1246 2359 1302 2385 ν-
1322 2337 1364 2390 De
1373 2333 1430 2389 fine
1440 2336 1571 2404 Leontis,
1586 2355 1671 2408 quem
1682 2337 1818 2412 Tribigil·

1032 2422 1084 2476 dus
1106 2424 1236 2479 simulata
1251 2425 1318 2498 iuga
1332 2423 1445 2493 fefellit,
1457 2423 1562 2479 deinde
1581 2425 1698 2480 adortus
1716 2427 1746 2480 in
1764 2446 1819 2500 pa-

1032 2510 1112 2566 ludes
1134 2522 1162 2566 ct
1176 2531 1275 2566 necem
1296 2511 1407 2586 adegit,
1429 2530 1458 2568 v.
1475 2511 1624 2570 claudian.
1650 2515 1671 2570 l.
1691 2513 1722 2582 l.‚
1747 2515 1818 2573 coil.

1032 2601 1220 2672 Reitemeyer.
1237 2600 1274 2655 ad
1288 2601 1392 2658 Zosim.
1410 2601 1445 2668 V,
1465 2619 1516 2670 17,
1537 2619 1562 2658 1.

1402 2757 1449 2807 77·

1074 2872 1175 2927 Suidas
1190 2891 1196 2926 :
1214 2868 1489 2949 Σουύαρμάχιος.
1503 2860 1589 2936 Οὐτος
1600 2873 1652 2927 τῶν
1667 2871 1816 2952 δορυφόρων

1035 2945 1066 3026 ἦν
1080 2954 1196 3033 ἡγεμὼν,
1211 2957 1366 3022 πιστότατος
1386 2960 1424 3034 τῷ
1440 2955 1553 3035 εὐνούχῳ
1569 2956 1723 3038 Εὐτροπίιρ,
1743 2957 1820 3038 είπερ

1035 3066 1072 3110 τις
1101 3043 1191 3109 ἄλλος·
1214 3042 1285 3102 ἔπινε
1307 3041 1334 3102 δὲ
1358 3033 1425 3102 οἶνον
1450 3043 1558 3101 πλείονα
1580 3042 1597 3115 ἢ
1624 3043 1683 3103 δσον
1703 3044 1820 3116 ἠδύνατο

1035 3140 1144 3210 χωρεῖν·
1162 3133 1220 3190 ἀλλ’
1246 3130 1316 3208 ὅμως
1337 3129 1371 3190 rit
1393 3131 1453 3210 περὶ
1477 3131 1592 3210 γαστέρα
1616 3131 1659 3190 διὰ
1680 3135 1819 3204 συνήθειαν

1037 3219 1106 3276 otro
1117 3218 1162 3278 καί
1172 3219 1320 3296 γυμνασίαν
1329 3216 1439 3298 ἰσχυράν
1447 3217 1493 3276 καὶ
1503 3218 1623 3290 νεανικὴν
1633 3219 1720 3278 πάντα
1731 3220 1820 3300 φέρειν

1036 3305 1080 3365 ἐπὶ
1101 3307 1147 3378 τὴν
1164 3307 1275 3387 φυσικὴν
1294 3311 1346 3365 τῶν
1365 3310 1449 3385 ὑγρῶν
1471 3305 1596 3385 ἔκκρισιν.
1617 3307 1668 3368 ‘tet
1686 3314 1748 3386 γοῦν
1771 3301 1817 3386 ἦν,

1036 3393 1165 3461 πεπωκώς
1179 3418 1206 3452 τε
1222 3394 1266 3452 καί
1289 3396 1318 3453 οὐ
1333 3393 1478 3470 πεπωκὼς,
1492 3394 1602 3470 μεθύων·
1620 3395 1667 3466 τὴν
1687 3396 1713 3454 δὲ
1734 3397 1818 3473 μέθην

1037 3482 1221 3560 παρεκάλυπτε
1238 3483 1298 3560 [οὗ]
1311 3481 1439 3562 σφαλερὸν
1450 3481 1590 3540 διαδοίνων
1605 3490 1659 3550 τοῖς
1677 3483 1754 3553 ποσί,
1771 3485 1820 3542 καὶ

1037 3569 1102 3647 πρὸς
1112 3569 1159 3639 τὴν
1168 3573 1268 3628 πτῶσιν
1281 3571 1404 3646 πολεμῶν
1419 3570 1460 3650 ὑφ’
1475 3569 1577 3640 ἡλικίας
1587 3569 1819 3648 ίκαίδιὰνεότητα)

1038 3656 1233 3733 συνιστάμενος.
1252 3647 1307 3716 Ἦν
1322 3655 1349 3714 δὲ
1372 3658 1509 3734 βασιλικοῦ
1525 3656 1573 3733 μὲν
1590 3656 1692 3734 γένους,
1713 3660 1820 3736 Κολχος

1037 3743 1145 3822 ἀκρεύὴς
1161 3749 1213 3803 τῶν
1232 3744 1298 3824 ὑπὲρ
1318 3745 1408 3803 Φᾶσιν
1430 3744 1475 3802 καὶ
1496 3744 1689 3823 Θερμώδοντα,
1712 3745 1820 3816 τοξότης

1038 3831 1096 3911 [δὲ]
1115 3831 1235 3912 ἄριστος,
1251 3833 1275 3891 εί
1288 3855 1316 3911 γε
1332 3833 1368 3910 μὴ
1383 3831 1547 3901 κατετόξευεν
1563 3834 1640 3891 αὐτὸν
1654 3831 1683 3891 τὸ
1695 3835 1818 3914 περιττὸν

1037 3924 1201 4000 τῆςτρυρῆς.

1077 4013 1120 4066 De
1135 4011 1337 4067 Subermachio
1350 4010 1464 4066 aliunde
1478 4029 1536 4065 non
1550 4021 1668 4066 constat.
1682 4012 1821 4085 Negatio-

1053 4259 1253 4310 .subarmaciiius
1265 4261 1310 4310 luit
1319 4261 1449 4310 satellitum
1461 4259 1524 4320 dur,
1539 4259 1689 4310 fidelissimus
1706 4261 1821 4310 eunucho

1037 4339 1165 4400 Eutropio,
1179 4339 1198 4387 si
1218 4337 1271 4400 quis
1288 4338 1367 4386 alius:
1386 4338 1427 4398 qui
1445 4337 1557 4398 quamvis
1573 4336 1627 4400 plus
1644 4339 1694 4387 vini
1710 4339 1820 4400 biberet,

1036 4430 1109 4478 quam
1123 4429 1208 4478 capere
1219 4419 1310 4478 posset,
1322 4417 1405 4464 renim
1415 4421 1494 4464 taurea
1507 4415 1558 4476 eius
1570 4428 1611 4477 per
1620 4417 1822 4466 consuetudinem

1036 4497 1061 4543 et
1070 4495 1265 4544 exercitationem
1276 4506 1390 4555 pereiram
1400 4492 1566 4542 vehementem
1573 4495 1598 4542 et
1606 4496 1729 4542 strenuam
1737 4496 1822 4544 omnia

1037 4571 1067 4620 ad
1090 4573 1225 4620 naturalem
1250 4571 1380 4618 humorum
1407 4569 1570 4619 excretionem
1594 4569 1764 4632 perroqirebat.
1798 4575 1822 4621 ls

1036 4661 1130 4710 semper
1139 4651 1190 4697 erat
1202 4647 1296 4707 ebrius,
1308 4647 1360 4696 sive
1374 4650 1478 4709 potasset
1490 4646 1541 4696 sire
1551 4659 1598 4695 non
1610 4649 1722 4709 potasset.
1735 4647 1821 4698 Ebrie-

1036 4727 1112 4774 tatem
1126 4737 1183 4773 rero
1202 4723 1295 4785 tegebat
1312 4723 1380 4787 [noo]
1398 4723 1513 4772 instabilis
1531 4723 1582 4784 ejus
1601 4723 1722 4784 incessus,
1740 4736 1820 4785 quum

1038 4804 1135 4864 propter
1143 4802 1240 4850 ertatem
1254 4801 1384 4861 iuvenilem
1397 4799 1463 4848 casui
1474 4800 1593 4849 resisteret
1604 4813 1758 4862 gressumque
1776 4801 1820 4850 itr-

1038 4884 1121 4931 tnaret.
1135 4883 1190 4930 Erat
1199 4882 1279 4929 autem
1288 4893 1374 4942 genere
1382 4880 1446 4943 regio
1457 4879 1586 4942 oriundus,
1595 4879 1699 4928 colchus
1709 4891 1779 4928 serus
1788 4893 1821 4930 ex

1037 4959 1078 5018 lis,
1090 4959 1132 5021 qui
1150 4959 1213 5007 ultra
1227 4958 1351 5008 Pliasidem
1364 4961 1389 5008 et
1403 4957 1605 5008 Thermodontem
1618 4957 1742 5018 habitant;
1755 4957 1819 5007 idem

214 5035 238 5080 et
249 5032 513 5095 oerrioeelatastabat,
525 5034 807 5086 utLeonemitadictum
817 5037 992 5100 aggrederetur,
1037 5035 1172 5098 sagittarius
1188 5037 1308 5097 optimus,
1326 5033 1371 5086 niil
1391 5035 1615 5085 lonisimmodicus
1630 5034 1710 5098 ipsum
1723 5033 1819 5096 sae'ttis

214 5121 318 5171 eumque
327 5109 478 5160 interliceret.

1037 5112 1088 5163 sais
1101 5113 1169 5178 quasi
1180 5112 1317 5164 coniceret.
