3890 5726
824 354 1074 416 FRAGMENTA.
1692 365 1746 416 251

136 483 311 564 δίατρδςιιαί
325 482 384 540 τόδε
400 479 556 557 ίμπεδίισας
570 481 698 559 ὑπῆρχεν.
712 475 834 558 Ἔφασκε
848 478 875 537 δί
890 477 922 536 τά
970 497 1042 551 ματα
1066 474 1234 546 καταθήσειν,
1259 475 1305 534 καὶ
1325 475 1356 545 δὴ
1376 477 1423 535 οὐκ
1444 477 1469 542 ἐς
1491 475 1633 548 οἰναόολήν.
1656 480 1750 538 Ταῦτα

137 572 266 652 χρήματα
288 569 436 630 ἀποδώσειν
459 566 528 625 κατὰ
549 571 680 638 τοσοῦτον,
697 566 807 624 καθόσον
821 564 922 624 ἐνέλιπε
969 563 1055 622 τοίνυν
1065 562 1215 641 Ζαχαρίου,
1227 564 1249 620 εί
1263 562 1308 636 καὶ
1319 562 1355 638 μή
1368 562 1524 642 ἀναφανδὸν,
1536 564 1750 641 ὑπαινιττομένου

138 667 172 732 τῆ
191 659 273 738 τριιτί
300 682 306 696 ·
328 649 385 716 εἶτα
410 655 491 720 οὕτως
515 653 632 730 πολέμου
657 652 818 732 άπάρξεσθαι
841 641 921 719 αὖθις.
970 651 997 709 δέ
1016 650 1086 727 ὅμως
1105 653 1142 730 τῷ
1157 649 1291 728 Μεόιίιδῃ,
1307 649 1379 707 οὐδέν
1403 649 1447 728 όγε
1469 649 1566 728 ἔφασκε
1584 651 1643 732 περὶ
1659 653 1750 711 τούτου

138 727 246 818 Ταύτην
269 769 315 804 ουν
341 741 474 804 Μεόώδου
497 731 538 800 οἷα
558 739 589 812 δή
615 743 644 800 ix
663 740 790 817 βασιλέως
812 743 921 818 Περσῶν
970 736 1155 818 ἐπιτετράφθαι
1173 737 1237 816 πρὸς
1257 742 1301 796 τοῦ
1320 739 1447 815 βασιλέως
1471 739 1591 816 Περσῶν,
1615 739 1674 798 οὐδέ
1698 740 1751 814 μὴν

139 833 346 912 ἀπαγγείλαντος
357 831 405 900 τήν
417 829 532 908 γνώμην,
544 831 568 887 οἱ
582 831 635 886 τῶν
650 827 790 900 Ῥωμαίων
801 827 922 905 ἄρχοντες
971 824 1104 892 ἀνέξεσθαι
1127 823 1193 890 ὅλως
1213 823 1255 882 ἐπί
1278 825 1398 904 χρήμασι
1422 827 1571 900 μεταθεῖναι
1591 826 1621 884 τὸ
1649 827 1749 905 Δάρας.

139 921 342 1000 παραόήσεσθαι
364 917 412 996 μὲν
434 917 487 976 οἵδε
508 915 553 982 τὰς
571 915 698 986 ξυνθήκας
712 915 807 986 ἥκιστα
823 915 919 993 ἔλεγον·
968 912 1154 974 Διεόεὸαιοῦτο
1170 911 1222 990 [δὲ]
1235 910 1334 988 ἔμπης,
1347 913 1392 971 καί
1406 913 1491 992 ὅρκοις
1508 915 1576 972 τισίν
1593 916 1704 974 ἐπετίθει
1720 915 1749 974 τὸ

140 1007 201 1068 ούδί
210 1007 260 1088 γάρ
271 1005 442 1084 ξυντετάγθαε
452 1008 478 1062 ἐν
488 1012 543 1072 ταῖς
555 1004 648 1071 ἐξεῖναι
660 1002 760 1083 θατέρῳ
774 1002 921 1079 βουλομένῳ
969 1001 1070 1072 πιστὸν,
1093 1005 1128 1068 ὡς
1149 1007 1195 1058 νῦν
1218 1002 1240 1058 εί
1256 1000 1403 1079 προέλθοιεν
1426 1005 1452 1059 ni
1477 1001 1616 1074 ξυνθῆκαι,
1642 1002 1750 1081 ὕστερον

141 1101 194 1156 τῶν
212 1099 297 1176 μερῶν
311 1093 328 1166 ἢ
343 1073 398 1152 τοῦ·
410 1091 518 1172 χρυσίου
539 1091 636 1158 παντὸς
651 1091 731 1170 ήγουν
750 1091 842 1170 μοίρας
856 1089 923 1155 τινδς
972 1091 1087 1148 αἰτοῦντι
1098 1093 1136 1168 τῷ
1150 1087 1268 1165 Καίσαρι
1281 1087 1373 1147 δώσειν
1385 1087 1473 1168 ὥσπερ
1490 1087 1618 1168 ἐξαίρετόν
1633 1114 1658 1148 τι
1671 1094 1753 1169 δῶρον

141 1188 177 1250 ὣς
192 1183 239 1253 τήν
254 1179 457 1258 παρασχόμενον
472 1177 672 1256 ἀναδραμούσης
682 1176 866 1257 διαρρηγνύναι
878 1175 923 1242 τὰς
970 1175 1014 1234 τὸν
1033 1175 1141 1254 βασιλέα
1156 1178 1268 1254 Περσῶν
1279 1173 1325 1246 τήν
1340 1177 1425 1235 πόλιν.
1443 1177 1577 1254 Πρόδηλος
1596 1169 1640 1236 σύν
1660 1169 1693 1248 ήν
1712 1181 1752 1236 έν-

142 1269 268 1336 croatie.
283 1268 379 1341 Ὅμως
392 1267 414 1324 δ’
426 1258 471 1324 σύν
481 1267 542 1346 περὶ
555 1267 654 1325 τούτων
666 1259 737 1332 αὖθις
746 1269 773 1324 έν
784 1265 923 1346 ἀπορρήτῳ
970 1270 1058 1323 τεῦθεν
1072 1263 1109 1340 μή
1121 1263 1256 1343 ίρρωμένα
1271 1267 1372 1344 φρονῶν
1384 1269 1416 1342 τῇ
1430 1263 1572 1338 Ῥωμαίων
1587 1267 1672 1344 ἀρχῇ,
1686 1264 1754 1324 ἀλλὰ

143 1361 269 1428 ἀλλήλοις
281 1355 411 1426 moabie<
422 1377 450 1412 τε
462 1353 507 1411 καί
517 1353 652 1432 Ζαχαρίας
665 1357 691 1412 έν
703 1357 741 1434 τῷ
752 1356 822 1431 αύτῷ
837 1353 925 1430 ξυνερ-
971 1352 1062 1431 πόρρω
1096 1356 1143 1422 τῆς
1176 1349 1299 1421 ἀληθείας
1330 1351 1516 1432 φθεγγόμενος,
1545 1353 1699 1430 βουλόμενός
1726 1375 1754 1411 τε

141 1446 252 1526 γομίνω
272 1443 450 1520 διελεγέσθην,
465 1442 671 1517 ἐκοινολογοῦντό
686 1465 732 1518 τε,
754 1441 799 1500 καί
818 1439 926 1516 προύτί-
971 1438 1121 1516 Ῥωμαίους
1141 1438 1188 1514 μὲν
1207 1439 1326 1516 ἀμαχητὶ
1341 1443 1552 1518 ὑπαναχωρῆσαι
1566 1445 1612 1511 τῆς
1630 1444 1753 1520 Ιίερσαρ-

144 1513 225 1593 θεσαν
241 1531 274 1591 τὰ
289 1531 340 1590 ὅσα
354 1531 435 1608 ἄμφω
445 1527 483 1588 τὼ
497 1528 572 1606 άνδρε
587 1527 669 1610 ᾤοντο
683 1534 779 1608 χρῆναι
790 1531 925 1607 εἰρῆσθαι·
972 1526 1062 1602 μανίας
1084 1525 1129 1584 καί
1144 1525 1278 1604 Ἰόηρίας,
1299 1528 1446 1585 τελευταῖον
1467 1525 1492 1584 δὲ
1509 1527 1577 1607 ἀμφὶ
1602 1532 1646 1586 τοῦ
1667 1527 1756 1606 Δάμας

142 1619 287 1699 ίπειρῦντό
299 1640 327 1677 τε
342 1616 428 1694 ἕτερος
438 1614 542 1693 έτέρου,
553 1615 623 1682 ὅπως
636 1614 774 1683 ξυνέλθοιεν
790 1618 815 1682 ές
827 1616 927 1672 καταλ-
973 1617 1055 1674 αἰτεῖν
1068 1613 1113 1672 καί
1133 1616 1184 1672 τῶν
1199 1613 1400 1689 ἐπηγγελμένων
1422 1613 1517 1684 ήκιστα
1538 1616 1685 1694 τυγχάνειν,
1700 1607 1755 1674 εἶτα

143 1707 229 1784 λαγίις
249 1709 276 1764 αἱ
299 1705 439 1764 πολιτεῖαι.
469 1699 521 1760 Καὶ
544 1701 676 1772 Μεόιύδης
701 1700 748 1778 μέν
766 1702 927 1781 ίσχυρότατά
973 1700 1022 1772 τὴν
1035 1705 1061 1760 ἐν
1077 1699 1178 1780 ὑστέρῳ
1191 1700 1299 1780 βουλήν,
1312 1701 1381 1760 καθὰ
1402 1701 1485 1770 δήπου
1505 1701 1536 1760 τδ
1555 1703 1757 1782 περιφερόμενον

143 1819 202 1860 πως
216 1791 398 1868 ἀπομνύμενος
411 1781 456 1865 ήν,
469 1792 504 1854 ὡς
526 1788 648 1866 βούλεται
669 1793 707 1868 τῷ
725 1791 840 1870 Καίσαρι
857 1812 927 1867 χρη·
974 1787 1058 1848 ἐκεῖνό
1072 1811 1151 1868 φησι,
1164 1789 1202 1864 μή
1216 1787 1286 1866 ἔχειν
1301 1787 1385 1866 ἰσχὺν,
1397 1787 1486 1867 ὥσπερ
1498 1789 1543 1847 καλ
1556 1791 1686 1856 Σουανίας
1697 1790 1757 1869 πέρι

143 1881 286 1956 σιμώτατα
302 1878 411 1946 ίξειττεῖν
420 1879 436 1906 ⁴
446 1875 617 1949 αἰτήσασθαι,
627 1877 671 1935 καί
682 1877 729 1952 μὲν
742 1877 774 1948 δὴ
785 1876 927 1948 έπετηδειό·
974 1879 1001 1934 ίν
1015 1878 1053 1955 τῷ
1068 1875 1164 1954 πρώτῳ
1179 1874 1303 1946 ἠπατήθη
1319 1875 1418 1954 Πέτρος
1431 1875 1480 1934 ὑπὸ
1496 1882 1540 1936 τοῦ
1561 1877 1623 1956 Ζίχ.
1641 1877 1757 1954 Ὁμοίως

144 1993 225 2034 τατος
238 1958 305 2026 εἶναί
319 1969 357 2025 οί·
369 1963 507 2043 Ζαχαρίας
521 1963 547 2020 δὲ
562 1962 676 2046 [iipasch
692 1967 715 2023 εἰ
729 1956 811 2024 οἷόντε
825 1963 865 2034 εἴη
878 1966 927 2022 λα·
974 1954 1018 2022 σύν
1035 1963 1109 2022 καλό
1126 1962 1255 2033 Μεόώδης
1271 1961 1398 2033 ἠβούλετο
1413 1963 1527 2043 δράσειν.
1546 1964 1623 2024 Ἐπεί
1643 1967 1669 2023 δέ
1686 1965 1755 2046 ἑώρα

141 2056 290 2136 θραιόεατα
315 2052 361 2112 καί
383 2051 480 2124 ἥκιστα
499 2050 700 2128 ίξεπισταμένου
718 2051 785 2118 τινὸς
802 2049 867 2130 ὑπὲρ
882 2055 929 2122 τῆς
973 2049 1110 2132 Ζαχαρίαν
1123 2049 1193 2110 ίσότι
1206 2048 1414 2129 έμφρονέστατον
1426 2051 1472 2108 καί
1487 2053 1536 2129 οὐχ
1548 2043 1629 2111 οἷόντε
1647 2052 1674 2111 δν
1688 2055 1759 2132 αὐτῷ

145 2143 250 2210 πολιως
261 2148 305 2200 τοῦ
318 2141 406 2219 Δείμας
419 2138 497 2218 ῥητόν
508 2162 532 2196 τι
546 2139 731 2218 παρασχέσθαι
741 2137 858 2218 χρυσίον.
871 2141 929 2198 Ζα·
974 2136 1210 2217 παρακρούσασθαι
1224 2139 1268 2196 τὸν
1280 2137 1375 2218 Ιι’ένδριι,
1389 2143 1403 2196 δ
1417 2137 1444 2196 δέ
1454 2139 1500 2208 τὴν
1515 2139 1605 2219 ἑτέραν
1617 2140 1755 2219 ε’τράπετο,

145 2232 243 2310 χαρίεις
253 2230 279 2288 δέ
290 2227 389 2308 ἔφασκε
397 2227 430 2284 ri
439 2225 540 2298 τοιάδε,
551 2227 772 2306 ἐπιτετραμμένον
783 2229 855 2306 αὐτῷ
865 2226 930 2306 πρὸς
974 2230 1009 2294 ὡς
1025 2225 1057 2284 δν
1071 2225 1161 2305 τρόπῳ
1171 2230 1204 2304 τῇ
1221 2227 1230 2303 (
1236 2249 1275 2305 τῳ
1290 2227 1323 2286 Β.
1333 2225 1341 2304 )
1354 2227 1443 2304 ἀπάτῃ
1459 2225 1590 2305 περιέλθοι
1608 2226 1667 2292 τοὺς
1684 2227 1757 2286 Ῥω-

146 2325 193 2376 τοῦ
219 2317 368 2395 Καίσαρος,
382 2317 430 2374 οὒκ
452 2318 477 2380 ές
499 2314 529 2372 τδ
549 2313 675 2391 ίμφανίς,
690 2313 749 2372 οὐδὲ
769 2315 821 2388 μήν
841 2314 928 2394 ἐτέρου
975 2314 1081 2391 μαίους.
1102 2313 1165 2374 Ἐπὶ
1187 2312 1280 2392 χρόνον
1298 2313 1350 2392 γάρ
1371 2336 1429 2372 τινα
1452 2313 1537 2392 ξυνήει
1561 2318 1587 2381 ές
1606 2315 1686 2374 ταύτὸ
1706 2319 1760 2381 τοῖς

145 2404 350 2481 ίξεττισταμένου
371 2402 454 2474 τινὸς,
474 2401 491 2471 ἢ
513 2401 660 2479 Μαυρικίου
680 2406 727 2460 τοῦ
750 2400 874 2477 Παύλου,
895 2401 929 2461 τίι
974 2403 1042 2481 ἀμφὶ
1054 2400 1199 2479 Ζαχαρίαν,
1214 2399 1302 2460 ἐλπίσι
1319 2401 1428 2480 (ἐλπίδα
1441 2402 1490 2480 B.)
1508 2402 1704 2481 θποστρωννίνς,
1725 2407 1760 2468 ὡς

146 2495 267 2568 μάλιστα
280 2488 441 2550 εὐνούστατα
453 2491 488 2555 ὥς
501 2487 543 2547 τδν
556 2489 680 2568 Καίσαρα
691 2487 844 2567 ἔχοντος,θς
854 2492 880 2548 ἐν
892 2493 930 2568 τῷ
975 2488 1060 2547 ἔσοιτο
1080 2487 1170 2566 εἰρήνη
1194 2487 1239 2547 καί
1262 2493 1297 2555 ὡς
1320 2489 1450 2547 ἐπινεύσοι
1469 2494 1482 2546 θ
1504 2491 1613 2566 Περσῶν
1638 2490 1759 2569 βασιλεὺς

146 2581 208 2640 τότε
229 2581 273 2638 τὸν
300 2579 432 2658 βασίλειον
458 2575 551 2636 ίθύνειν
570 2575 739 2656 ίκληριύσατο
760 2574 846 2653 λόγον·
860 2574 929 2635 ὥστε
974 2577 1094 2634 ἐνδοῦναι
1104 2575 1501 2654 ῬωμαίοιςτὸΔάρας,ταύτῃ
1512 2577 1628 2651 οἰόμενος
1641 2578 1759 2638 ἐκλύσειν

147 2667 243 2742 ἀμέλει
262 2664 331 2742 μηδὲ
356 2663 420 2743 πρὸς
444 2668 496 2722 τῶν
521 2663 659 2742 βασιλείων
680 2661 800 2742 γραφέων
818 2661 852 2720 τά
870 2662 930 2743 περὶ
975 2663 1023 2732 τήν
1045 2667 1081 2731 είς
1103 2664 1147 2721 τὸν
1168 2663 1282 2738 πόλεμον
1297 2663 1443 2741 προθυμίαν
1467 2669 1512 2722 τοῦ
1536 2666 1679 2744 Καίσαρος.
1704 2665 1759 2726 Καὶ

148 2759 195 2812 τοῦ
216 2755 316 2812 τοιοῦδε
329 2754 489 2832 γεγράφθαι,
504 2755 541 2829 τῷ
556 2752 628 2828 μάλα
643 2753 669 2808 έν
683 2749 846 2830 παραβύστῳ)
863 2741 931 2808 εἶναι
976 2742 1020 2810 οὖν
1041 2753 1067 2809 ίν
1082 2752 1193 2810 τοιοῖσδε
1213 2750 1368 2828 τριέομίνου
1391 2755 1436 2810 τοῦ
1459 2751 1570 2830 χρόνον,
1592 2753 1637 2811 καί
1660 2756 1711 2811 τῶν
1735 2753 1761 2821 ἐξ

146 2841 183 2900 τό
201 2839 396 2920 βεόουλιυμένα
411 2843 448 2918 τῷ
462 2837 590 2917 Καίσαρι.
612 2837 710 2917 Γράφει
731 2839 753 2896 δ’
773 2829 816 2896 σύν
838 2841 931 2915 Ζαχα·
977 2839 1103 2916 ίκατέρας
1116 2838 1248 2904 πολιτείας
1260 2835 1395 2918 πρέσόεων
1409 2838 1470 2918 περὶ
1485 2843 1568 2896 ταῦτα
1583 2841 1761 2920 ἐνησχολημέ·

62 2985 69 2994 ,
148 2928 223 3007 ρίας,
238 2931 274 2993 ὡς
287 2927 369 2992 είποις
380 2925 412 2984 σὺ
426 2925 576 3006 (Ζαχαρία,
590 2927 638 2997 ὡς,
650 2926 672 2983 εί
686 2924 756 3002 λέγοι
771 2947 812 2984 σοι
827 2928 929 3001 Nieb.)
977 2947 1037 2996 νων,
1050 2924 1119 2983 οὕτω
1130 2948 1159 2982 τε
1171 2923 1313 3004 φερομένου
1327 2930 1374 2984 τοῦ
1386 2923 1453 3006 ἑῴου
1462 2925 1578 3002 πολέμου
1592 2929 1633 2984 ἐπ’
1646 2927 1761 3000 ἀδήλοις,

149 3015 282 3084 Μεόώδης
301 3014 384 3094 λύτρα
399 3015 476 3080 δῆθεν
493 3018 538 3072 τοῦ
552 3013 640 3092 Δείμας
662 3011 705 3070 τδυ
723 3011 834 3090 βασιλέα
854 3012 932 3090 κομί·
976 3012 1046 3070 κατά
1058 3011 1085 3070 δέ
1100 3012 1130 3071 τὸ
1139 3011 1263 3092 τέταρτον
1278 3009 1333 3078 έτος
1340 3015 1365 3072 Τ
1368 3010 1465 3090 ιόερίου
1483 3013 1681 3072 Κωνσταντίνου
1698 3012 1759 3072 Καί·

148 3109 247 3162 σασθαι
263 3105 383 3179 Περσῶν,
398 3103 470 3180 αὐτῷ
485 3103 655 3172 πεισθήσεται
671 3103 686 3159 ὁ
700 3103 806 3179 Καῖσαρ
819 3099 853 3160 τά
867 3099 932 3180 χρή·
952 3109 956 3166 t
977 3123 1055 3180 σαρος
1068 3099 1202 3178 βασιλείας
1211 3102 1278 3178 ἐντῇ
1293 3095 1388 3180 Θρᾴκῃ
1402 3097 1544 3177 ξυνηνέχθη
1557 3099 1587 3158 τὸ
1598 3100 1760 3172 Σκλαόηνῶν

149 3266 251 3315 interret
260 3280 267 3316 :
276 3265 319 3315 sed
331 3266 395 3328 prins
406 3278 508 3326 aunrm,
520 3265 584 3327 quod
600 3264 701 3314 Romani
713 3277 757 3326 pro
766 3263 867 3314 induciis
885 3265 933 3314 im·
985 3267 1106 3326 liceretur,
1117 3279 1197 3328 regem
1206 3271 1329 3316 Persarum
1338 3271 1494 3330 accepturum
1503 3271 1665 3330 pecuniaspm
1674 3270 1765 3318 nedem·

150 3343 289 3406 peucodis,
299 3355 360 3406 quas
369 3343 495 3394 techeries
502 3343 631 3405 pepigerat,
641 3341 854 3404 pependerant‚ad
862 3343 933 3392 ratio·
983 3345 1065 3407 ptione
1077 3345 1144 3394 urbis
1156 3350 1244 3406 Dares,
1255 3349 1375 3396 cesarem
1385 3347 1452 3395 notia
1461 3359 1529 3396 mora
1540 3347 1679 3409 interposita
1691 3361 1766 3410 pecu·

150 3421 933 3484 rsemeiuetenrporie,quoddetrienniosuperesset,restituturnm,

149 3501 220 3550 etita
231 3513 259 3550 se
269 3498 361 3548 betium
370 3501 551 3549 renovaturum.
570 3501 639 3548 itanc
647 3510 723 3560 quum
735 3499 796 3560 regis
807 3501 934 3548 Persarum

150 3579 296 3629 seientiam
306 3591 358 3628 esse
368 3579 483 3629 ttebodes
501 3577 661 3638 renuntiaret,
672 3579 836 3626 Romanorum
848 3577 934 3639 princi·

151 3671 209 3720 pes,
224 3671 251 3708 se
262 3657 360 3720 quidem
377 3657 477 3708 minime
488 3656 596 3708 inducias
614 3658 639 3706 et
649 3655 739 3706 tradere
746 3658 935 3718 transgressuros

151 3749 205 3786 ease
217 3735 333 3786 dixerunt
345 3750 351 3784 ι
368 3748 413 3785 nec
425 3737 522 3798 motum
533 3749 599 3796 csse,
611 3736 638 3784 ut
648 3733 731 3784 liceret
741 3735 810 3784 atteri
820 3734 934 3797 partium,

151 3814 341 3864 restitutoomoi
350 3813 547 3876 aurosutaliqoa
556 3813 608 3875 ejus
617 3815 699 3876 parte,
713 3813 803 3862 ioedera
812 3825 933 3875 rumpere.

151 3895 189 3942 tie
198 3891 244 3941 bec
256 3905 283 3940 re
292 3893 374 3940 tamea
385 3893 478 3940 secreto
485 3891 597 3942 tiebodes
606 3895 631 3942 et
644 3890 772 3942 zacoariae
783 3889 872 3940 ibidem
880 3903 935 3939 oon·

152 3969 281 4018 νεοὶεοιοε
289 3967 404 4016 rottocnti
412 3967 584 4018 disseruerunt.
598 3969 687 4018 Derda
699 3967 724 4016 tri
737 3966 854 4029 ducvtri,
868 3979 936 4016 corn·

983 3422 1047 3473 niem
1057 3427 1241 3474 numeraturum
1253 3439 1312 3475 esse.
1333 3428 1392 3475 Haec
1405 3439 1481 3488 quum
1493 3441 1542 3476 non
1556 3431 1637 3490 aperte
1653 3428 1766 3489 quidem,

982 3500 1024 3548 scd
1045 3501 1223 3552 obscurioribus
1234 3503 1315 3551 rerbie
1325 3504 1451 3552 Zachariae
1471 3505 1566 3554 btebodi
1587 3505 1717 3566 indiceret,
1729 3519 1766 3555 re-

982 3576 1079 3637 spoudit
1087 3577 1208 3638 treboses,
1218 3578 1277 3627 nihil
1287 3579 1330 3628 sibi
1340 3594 1355 3629 a
1364 3593 1419 3642 rege
1437 3584 1566 3630 Persarum
1580 3581 1610 3631 de
1619 3597 1647 3632 ea
1659 3597 1684 3632 rc
1696 3597 1766 3632 man·

982 3653 1081 3716 datum,
1093 3668 1171 3717 neque
1189 3659 1287 3706 omnino
1300 3671 1379 3720 regem
1399 3663 1476 3709 Daras
1486 3672 1530 3722 pro
1547 3662 1654 3723 pecuniis
1672 3662 1765 3712 restitui

983 3743 1110 3792 passurum
1124 3745 1182 3782 csse.
1192 3733 1352 3784 Nihilominus
1360 3739 1443 3786 nmen
1452 3741 1571 3786 conventa
1582 3741 1666 3787 resest
1676 3741 1701 3788 et
1713 3739 1766 3801 qui·

983 3808 1085 3859 busdam
1095 3811 1238 3870 juramentis
1248 3814 1305 3862 ides
1315 3817 1422 3876 praestita
1432 3831 1439 3864 ι
1450 3816 1470 3864 si
1480 3817 1658 3876 conventiones,
1670 3819 1697 3869 ut
1707 3821 1766 3867 tunc

983 3897 1009 3935 se
1023 3886 1155 3948 hebebant,
1175 3894 1314 3951 monerent,
1334 3905 1415 3953 regem
1436 3891 1547 3954 deinceps
1562 3895 1652 3943 caseri
1675 3895 1765 3957 petenti

984 3964 1059 4012 Daras
1074 3966 1189 4027 tanquam
1211 3968 1330 4028 peculiare
1350 3968 1441 4017 donum
1457 3969 1679 4028 creditorumque
1697 3973 1721 4020 in
1738 3987 1764 4021 re

152 4045 279 4094 municato
289 4043 705 4106 consiiio,interseproposuerunt,
718 4043 934 4106 quaeadeemrem
983 4041 1040 4091 retis
1053 4044 1196 4106 apparebat.
1218 4059 1273 4096 eum
1293 4047 1392 4096 minime
1409 4047 1523 4097 salutaria
1536 4051 1644 4097 itomano
1663 4049 1765 4112 imperio

153 4122 275 4184 pertinere
284 4120 490 4170 exbdmarerunt.
502 4124 562 4170 Tum
572 4121 644 4170 etiam
655 4122 716 4170 atter
724 4121 826 4171 aiterum
838 4133 936 4183 percun-
982 4121 1085 4183 sentire,
1098 4125 1123 4172 et
1133 4137 1188 4187 qnae
1196 4138 1211 4174 a
1220 4125 1459 4186 veroabtrorrebant,
1473 4127 1560 4176 dicere.
1574 4129 1634 4176 Nam
1643 4141 1672 4178 eo
1685 4129 1765 4178 tende·

153 4201 235 4246 eteius
244 4199 291 4259 est,
301 4196 389 4259 quibus
395 4197 570 4246 conditionibus
580 4198 642 4248 inter
651 4200 778 4259 utramque
784 4201 879 4260 gentem
887 4211 934 4260 pan
984 4189 1042 4260 bat',
1056 4202 1082 4250 ut
1092 4203 1251 4252 Ronaanisina
1262 4205 1310 4252 utta
1321 4218 1398 4266 pugna
1406 4207 1599 4256 Persormeniaet
1611 4207 1688 4256 iberia
1698 4221 1765 4257 exce·

153 4276 319 4326 etwncordia
332 4278 403 4326 esset.
425 4277 456 4324 nt
478 4276 590 4326 tiebodes
612 4279 775 4326 asseveranter
792 4275 936 4337 affirmarit,
983 4277 1068 4328 dment
1081 4279 1183 4329 :deinde
1195 4282 1239 4329 sibi
1250 4285 1323 4331 Daras
1333 4283 1395 4330 tradi
1405 4285 1603 4347 peterent,quod
1611 4287 1709 4335 minime
1720 4286 1764 4335 ob·

153 4353 199 4404 sibi
212 4351 401 4413 inanimocsee,
411 4364 466 4414 quar
474 4352 578 4401 maxime
588 4351 676 4402 cesari
694 4351 834 4414 expedirent
849 4366 936 4415 propo·
984 4355 1765 4424 tinerent‚nimirumquiaqutninposterioricottoqnicccnstitutu

153 4443 225 4490 nera,
234 4433 261 4480 et
270 4429 304 4478 iiii
316 4441 390 4492 qnam
402 4430 508 4478 maxime
518 4441 608 4478 morem
618 4443 708 4492 gerere.
718 4431 845 4480 zacharias
854 4434 937 4480 autem
984 4435 1076 4493 essent,
1086 4433 1209 4483 tritissima
1229 4435 1270 4484 itta
1281 4435 1412 4484 enctrsendi
1425 4437 1543 4497 formuta,
1555 4441 1646 4488 nntium
1659 4441 1708 4488 vim
1722 4441 1765 4488 tra-

155 4508 301 4570 mpriimn
309 4506 360 4555 tisri
370 4507 460 4569 posset,
469 4507 497 4554 nt
505 4517 606 4567 eurum,
616 4505 636 4556 si
646 4507 710 4569 quod
718 4510 780 4556 esset
790 4509 938 4557 conventum
985 4509 1068 4558 herent
1079 4522 1086 4558 ι
1097 4510 1159 4560 sicut
1169 4514 1194 4560 et
1203 4511 1268 4572 prius
1279 4511 1309 4561 de
1323 4514 1410 4562 suanis
1427 4515 1513 4564 Petrus
1522 4513 1638 4577 deceptus
1658 4517 1736 4566 iuerat
1750 4529 1765 4566 s

155 4597 201 4648 pro
209 4585 308 4634 ciritate
327 4586 418 4642 Dares,
429 4582 491 4632 ctam
509 4583 620 4633 omnibus
631 4586 655 4634 et
672 4583 767 4634 nemine
782 4581 812 4632 id
822 4585 938 4634 nesciente
984 4586 1064 4635 Zicbo.
1077 4586 1142 4636 tatem
1154 4599 1251 4649 quoque
1261 4589 1475 4640 tiebodeevotebat
1484 4591 1570 4642 tacere.
1582 4594 1627 4643 Ubi
1638 4607 1696 4642 raro
1705 4593 1766 4642 vidit

154 4661 297 4712 sotreretur.
310 4659 442 4710 zacheriae
458 4659 518 4709 dixit
533 4661 587 4719 boc,
598 4662 656 4723 quta
671 4675 685 4710 e
698 4663 792 4710 timeare
811 4662 857 4710 boc
868 4674 938 4710 roan·
984 4663 1124 4712 zachariam
1142 4665 1273 4715 cautiorem
1287 4679 1352 4728 esse,
1365 4681 1444 4730 neque
1454 4681 1479 4718 sa
1494 4682 1562 4730 posse
1584 4670 1705 4719 bominem
1715 4683 1765 4732 quo

154 4741 238 4791 &turn
255 4740 419 4792 munitissime
440 4736 485 4788 sibi
505 4738 622 4788 creditum
636 4743 703 4800 erat,
724 4751 803 4802 neque
823 4739 875 4789 ulio
891 4740 938 4790 elio
986 4739 1242 4803 voiebatpertrsbere,
1252 4743 1298 4792 etia
1309 4749 1477 4805 aggressusest
1492 4748 1544 4808 via,
1555 4749 1584 4795 ut
1601 4745 1765 4808 aliquomodo

154 4821 262 4882 concio,
277 4833 353 4884 quam
369 4817 503 4876 Mauricio,
520 4819 587 4868 t’eutt
604 4817 893 4880 ποτινίσσεταιηομ
908 4831 939 4868 en
985 4819 1070 4870 trande
1079 4821 1200 4870 Romanos
1213 4820 1409 4870 circumveniret.
1423 4825 1508 4885 ltaque
1520 4823 1601 4884 pantio
1612 4825 1664 4884 post
1677 4824 1765 4872 zaeba-

153 4899 232 4950 anima
240 4898 373 4962 cupiebat,
386 4898 413 4946 et
429 4898 491 4944 tunc
503 4895 617 4956 temporis
629 4895 742 4958 principis
753 4896 857 4946 rationes
867 4909 938 4946 cura·
986 4897 1045 4946 riam
1055 4896 1168 4946 convenit
1185 4898 1209 4945 et
1220 4909 1286 4958 spent
1295 4897 1317 4947 ei
1327 4897 1447 4960 subdidit,
1460 4911 1544 4960 pacem
1559 4899 1678 4958 intorem,
1689 4902 1713 4948 et
1725 4913 1764 4949 re·

153 4979 206 5042 bat,
216 4981 243 5030 ut
255 4993 287 5030 rte
296 4978 365 5028 nitus
376 4973 478 5038 quidem
498 4973 648 5035 imperatorie
663 4973 797 5024 scribarum
808 4974 939 5038 quiequam
985 4989 1039 5037 gem
1049 4980 1173 5026 Persarum
1186 4989 1358 5025 consensurum
1370 4977 1564 5038 Dercsreddere,
1579 4989 1607 5026 eo
1617 4977 1724 5039 consilto,
1738 4981 1765 5027 ut

152 5056 215 5110 dees
225 5055 384 5119 rescriptum
394 5050 511 5111 baberet,
520 5063 567 5112 quo
583 5051 686 5100 cesaris
700 5051 800 5100 consitio
811 5052 940 5102 secretiora
986 5051 1230 5102 emsarbaiacritaeet
1240 5051 1295 5100 beiti
1304 5051 1422 5114 cupiditas
1432 5051 1601 5115 languesceret.
1611 5053 1765 5104 Dominisiie

151 5140 234 5188 aaut,
248 5139 338 5198 tuque
349 5127 453 5194 scripsit
466 5126 497 5178 ed
508 5127 659 5192 zecbanam,
677 5127 697 5178 si
711 5127 755 5192 ipsi
768 5129 878 5180 tiebodes
888 5129 940 5191 pot·
986 5129 1136 5182 sermonibus
1145 5130 1216 5192 iegati
1227 5129 1352 5193 attriosqoe
1361 5131 1437 5193 pente
1446 5131 1556 5193 occrrpeti
1564 5133 1658 5193 tempus
1667 5134 1762 5194 terunt,
