3930 5754
231 345 286 398 55³

269 576 335 630 Exc.
351 575 385 630 de
395 575 446 633 ins.
457 593 487 649 p.
496 569 604 649 ρεὍτι
614 575 778 651 Πτολεμαίου
792 575 1006 657 (Ἀγαθόκλειαν)

228 659 274 728 τήν
290 663 380 718 ἑαυτοῦ
395 667 504 736 γυναῖκα
519 660 684 736 ίκὺαλόντος,
695 664 739 720 καί
754 674 802 744 μιᾷ
813 663 862 721 τινί
873 668 923 722 τῶν
936 668 1005 723 ἔται·

229 747 304 822 ρίδων
324 746 506 828 συναφθέντος,
527 738 583 806 εἶτα
599 749 798 818 τελευτήσαντος
824 751 1003 826 Πτολεμαίου,

227 833 418 910 ήἈγοιθόκλεια
426 835 558 914 Ἀρσινόην
569 836 708 915 διαφθείρει
719 838 794 917 δόλῳ·
803 841 847 896 καί
856 837 951 912 ταύτης
959 839 1005 897 σὺν

227 921 1004 1004 τοῑςβασιλείοιςδιαφθαρείσης,πολλῆςτεταραχῆςίντεῦθιν

227 1008 378 1086 Αἰγυπτίοις
397 1009 565 1089 ἀναφθείσης,
579 1009 633 1068 ὅτε
648 1015 694 1080 τῆς
709 1014 803 1092 Συρίας
818 1011 938 1090 βασιλεὺς
952 1013 1003 1074 Σέ-

227 1097 330 1166 λευκος,
343 1099 442 1167 καὶτῆς
455 1097 618 1164 Μακεδονίας
631 1098 776 1170 Φίλιππος,
791 1099 877 1157 ἐλπίδι
889 1106 933 1159 τοῦ
943 1125 1004 1182 κρα-

225 1183 312 1253 τήσειν
327 1189 372 1254 τῆς
388 1183 474 1264 χώρας
489 1185 535 1242 σὺν
556 1185 686 1264 προθυμία
706 1187 901 1264 στρατεύουσιν·
915 1187 956 1255 οὑς
972 1189 1003 1260 δι)

226 1269 355 1346 Ῥωμαῖοι
370 1273 511 1349 φθάσαντες
530 1276 577 1342 τῆς
594 1274 775 1351 ίγχειρήσεως,
795 1273 841 1344 τήν
856 1278 907 1332 τῶν
923 1279 1002 1354 Αίγυ·

225 1358 309 1416 πτίων
324 1359 448 1438 ἐμφύλιον
470 1358 618 1418 αἰπέσθεσαν
635 1361 822 1438 ἐπανάστασιν,
841 1364 1003 1438 Πτολεμαῖον

224 1445 267 1502 τὸν
282 1445 414 1524 ’ίίπιφανῆ
432 1445 610 1525 αὑτοκροίτορα
631 1453 675 1504 τοῦ
700 1447 786 1513 ἔθνους
808 1448 1002 1522 ἀποδείξαντες,

225 1533 356 1612 Προυσίου
369 1532 427 1592 τότε
440 1536 492 1591 τῶν
505 1535 619 1592 Βιθυνῶν
633 1534 842 1614 βασιλεύσαντος.

591 1647 637 1706 55.

264 1754 338 1810 ibid.
351 1773 381 1828 p.
398 1771 432 1808 10
446 1746 529 1812 :⁰011
544 1749 691 1829 Ἀντιόχου,
705 1741 733 1808 οὑ
744 1747 883 1828 ίπόινυμόςΙ
891 1753 945 1810 ίστι
955 1753 1001 1811 πό-

223 1841 261 1901 λις
271 1837 344 1918 παρὰ
356 1837 512 1916 Ἀσσυρίοις,
526 1837 578 1902 υίὸς
592 1837 718 1904 Σέλευκος
729 1839 774 1896 καί
787 1838 915 1916 Ἀντίοχος
924 1844 938 1897 θ
948 1841 1002 1896 ἐστι·

224 1925 326 1996 κληθείς
350 1925 430 1990 Θεός·
456 1923 513 1983 ἀλλ’
538 1928 551 1981 θ
581 1924 628 2001 μίν
655 1923 800 2000 Σέλευκος,
826 1925 1001 1984 ίπιὺουλεὺειν

224 2011 390 2078 ὑποπτευθεὶς
401 2014 438 2090 τῷ
449 2011 546 2091 πατρί,
557 2010 762 2072 κατακτείνεται.

589 2135 637 2190 56.

263 2239 338 2298 lbid.
351 2257 381 2313 p.
395 2255 448 2295 10:
463 2233 528 2294 Ὅτι
538 2233 687 2313 Δημήτριος
700 2233 752 2301 υίὸς
764 2225 795 2306 ἦν
809 2235 945 2294 Φιλίππου
957 2240 1001 2294 τοῦ

224 2325 381 2385 Μακεδόνων
402 2323 542 2402 βασιλέως,
556 2322 584 2380 δν
603 2325 626 2380 oi
639 2321 768 2398 Ῥωμαῖοι
787 2321 885 2401 ὅμηρον
907 2323 999 2400 ἔσχον·

223 2409 445 2488 συμμαχήσαντος
463 2409 491 2468 δέ
510 2409 649 2469 Φιλίππου
663 2413 717 2476 τοῖς
738 2409 896 2484 Ῥωμαίοις,
911 2415 1001 2468 τοῦτον

225 2497 395 2574 οίμειὺόμενοι
406 2501 452 2566 τῆς
466 2497 561 2562 ἐννοίας
574 2498 682 2574 (εὐαί),
696 2501 787 2576 θφιθσι
798 2493 840 2553 τδν
856 2498 938 2554 παῖδα
957 2501 1002 2566 τῆς

222 2585 355 2660 ὁμηρείας.
377 2583 571 2644 Ἐπανελθόντα
594 2583 622 2642 δί
646 2583 690 2641 τὸν
709 2583 860 2662 Δημήτριον
883 2582 1001 2641 ἐκποδὼν

222 2674 236 2727 δ
250 2671 384 2736 Φιλιππος
396 2671 549 2742 ἐποιήσατο,
565 2675 665 2749 πρῶτος
679 2674 730 2728 τῶν
743 2669 795 2728 tui
808 2675 882 2730 τοῖνδε
895 2676 941 2728 τοῦ
957 2670 1000 2747 γέ·

222 2781 277 2824 νους
292 2759 464 2840 μιαιφονήσας
477 2762 502 2826 ἐς
512 2759 571 2826 τοὺς
582 2758 699 2826 οἰκείους.

587 2874 634 2946 57.

261 2983 331 3036 Πκο.
348 2983 390 3036 De
410 2983 474 3038 virt.
488 3000 520 3055 p.
538 3000 593 3054 79⁰
614 2997 620 3036 :
642 2974 706 3038 Ὅτι
722 2977 842 3053 ᾼίμίλιος
859 2981 873 3035 θ
888 2975 999 3047 ὑπατος,

221 3064 292 3123 θτὺν
308 3064 412 3144 Περσέα
430 3064 474 3122 τδν
495 3069 546 3124 τῶν
568 3065 726 3125 Μακεδόνων
741 3064 850 3144 βασιλέα
871 3065 1001 3144 χειρωσοί·

222 3173 312 3228 μενος,
327 3145 392 3231 ἀνὴρ
414 3147 444 3224 ἦν
460 3151 568 3232 σώφρων
590 3153 634 3211 καί
648 3152 733 3233 φέρειν
753 3151 893 3232 εὐπραγίας
914 3151 999 3224 εἰδὼς,

818 341 980 404 JOANNIS
1002 341 1240 406 ANTiocflEn't

1052 483 1097 536 κυὺ
1118 479 1207 558 θρόνου
1228 481 1355 560 πάρεδρον
1371 483 1456 562 ἐαυτῷ
1470 483 1661 554 κατεστήσατο.
1679 489 1835 556 Μακεδόνας
1935 489 1936 512 ¹

1051 565 1077 622 δὲ
1089 567 1132 623 καί
1143 567 1294 647 Ἰλλυριοὺς,
1304 573 1349 638 τῆς
1357 569 1466 648 πρόσθεν
1478 571 1593 638 δουλείας
1605 576 1834 652 ἀπηλλαγμένως,

1051 651 1197 732 ἐλευθέρους
1218 645 1285 712 είναι
1299 655 1344 712 καί
1359 655 1515 732 αὑτονόμους
1531 659 1689 735 προσκόπτει
1707 663 1736 720 τὸ
1757 667 1835 724 συνέ-

1051 739 1130 818 δριον,
1146 742 1245 816 δασμόν
1258 765 1284 800 τε
1300 741 1385 823 φέρειν
1402 743 1511 822 βραχὺν,
1526 745 1571 803 καί
1590 749 1680 828 πολλῷ
1695 749 1769 830 [τινι]
1789 758 1836 812 τοῦ

1051 827 1133 885 πάλαι
1141 830 1309 905 κομιζομένου
1320 837 1376 896 τοῖς
1383 831 1512 910 ἑκατέρων
1522 834 1658 910 βασιλεῦσι
1666 839 1836 898 καταδεέστε-

1051 938 1110 992 ρον·
1130 921 1164 984 ὡς
1183 917 1214 976 διν
1228 920 1379 994 θμολογοῑτο
1396 917 1458 996 πρὸς
1480 919 1600 980 ἁπάντων
1613 922 1763 1000 Ῥωμαίους
1783 931 1836 985 τῶν

1051 1003 1220 1082 ὑπαρξόντων
1242 1007 1277 1072 είς
1292 1005 1385 1072 αὐτοὺς
1398 1007 1568 1084 δδικημοίτων
1581 1009 1670 1090 [ἤπερ
1684 1013 1770 1090 ίφέσει
1785 1019 1833 1084 τῆς

1052 1093 1234 1164 Μακεδονικῆς
1244 1093 1385 1170 ἡγεμονίας
1400 1093 1577 1174 ἐξενηνοχέναι
1595 1098 1638 1155 τὸν
1653 1099 1780 1175 πόλεμον.
1798 1101 1836 1162 ‘0

1049 1177 1099 1257 γὺρ
1124 1180 1242 1254 Αἰμίλιος
1264 1182 1288 1246 ές
1301 1179 1348 1252 τήν
1363 1181 1506 1260 ἁπάντων)
1526 1186 1577 1241 τῶν
1592 1185 1727 1264 παρόντων
1749 1187 1833 1260 ἀκοήν
1935 1229 1936 1232 =

1051 1257 1134 1336 (ἦσαν
1147 1267 1173 1324 δὲ
1188 1267 1279 1326 πολλοί
1291 1271 1320 1326 ἐκ
1331 1270 1436 1327 πολλῶν
1446 1273 1523 1328 ἐθνῶν
1535 1273 1777 1352 συνειλεγμένοι)τίι
1787 1283 1834 1349 τῆς

1051 1355 1143 1431 βουλῆς
1157 1353 1295 1432 ἐξενεγκὼν
1315 1357 1399 1434 δόγμα
1418 1357 1563 1436 ἐλευθέρους
1584 1351 1649 1418 είναι
1666 1363 1725 1428 τοὺς
1739 1363 1834 1442 ἄνδρας

1049 1441 1212 1520 ἀπεφήνατο·
1224 1443 1281 1511 τούς
1292 1467 1319 1500 τε
1330 1443 1392 1522 παρ’
1406 1443 1482 1503 attio
1494 1447 1664 1526 ἀφικομένους
1675 1453 1727 1506 τῶν
1737 1453 1832 1532 Εὐρω-

1048 1529 1132 1586 παίων
1152 1529 1306 1608 [πρίσὺεις]
1335 1529 1417 1588 εἱστία
1442 1533 1604 1604 πολυτελῶς,
1618 1538 1651 1613 τῇ
1665 1537 1833 1614 λαμπρότητι

1048 1619 1093 1672 τοῦ
1119 1617 1268 1690 συμποσίου
1293 1615 1517 1696 φιλοτιμούμενος.
1540 1617 1636 1699 Ἔλεγε
1652 1619 1703 1702 γδρ
1728 1623 1759 1693 δι)
1780 1629 1832 1682 τιῖιν

1048 1705 1132 1760 αὐτῶν
1142 1705 1240 1782 ἀνδρῶν
1249 1696 1326 1778 ιίναι,
1334 1707 1372 1783 τῷ
1379 1728 1407 1762 τι
1419 1705 1525 1786 πολέμῳ
1534 1715 1648 1786 κρατεῖν,
1658 1710 1703 1766 καί
1711 1713 1767 1776 ταῖς
1781 1733 1834 1768 πα·

1049 1797 1187 1868 ρασκευσῑς
1201 1795 1252 1849 τῶν
1265 1791 1417 1868 συμποσίων
1433 1793 1564 1870 ἐπιμελεῖς
1576 1817 1605 1852 τε
1619 1794 1664 1854 καὶ
1679 1796 1830 1876 φιλοτίμους

1047 1877 1192 1955 φαίνεσθαι.

1413 1975 1462 2034 58.

1087 2113 1154 2166 Exc.
1165 2114 1206 2168 De
1216 2113 1268 2166 ins.
1280 2131 1308 2184 p.
1324 2131 1358 2167 εο
1368 2130 1410 2185 sq.
1422 2131 1428 2167 :
1440 2109 1504 2170 'On
1514 2109 1643 2190 Ἀντίοχος
1656 2115 1714 2189 (sc.
1726 2118 1741 2172 θ
1753 2114 1831 2174 Ἐπι-

1047 2193 1144 2274 φανὴς)
1154 2238 1162 2265 ,
1173 2200 1187 2253 θ
1199 2201 1245 2266 τῆς
1256 2197 1353 2276 Συρίας
1367 2197 1500 2275 βασιλεὺς,
1513 2205 1557 2256 τοῦ
1571 2199 1703 2258 Σελεύκου
1716 2204 1773 2278 (sc.
1785 2209 1831 2260 τοῦ
1935 2251 1936 2274 ,

1047 2282 1246 2360 Φιλοπάτορος)
1260 2291 1304 2342 τοὺ
1318 2285 1429 2364 ἀδελφοῦ
1441 2286 1523 2342 παῖδα
1537 2287 1704 2356 ὑποτοπήσας
1719 2287 1829 2370 διέφθει·

1048 2390 1107 2448 ρεν·
1122 2369 1217 2449 ἑτέροις
1231 2369 1273 2428 τόν
1287 2369 1378 2428 τούτου
1392 2369 1467 2450 φόνον
1482 2372 1642 2449 ἐπανεγκὼν,
1664 2372 1708 2441 σὺς
1728 2374 1760 2446 δι)
1784 2377 1831 2434 καί

1048 2456 1090 2514 δεδι
1103 2456 1182 2538 φόόον
1200 2457 1367 2536 διεχρήσατο·
1383 2450 1455 2525 aiut<
1468 2481 1495 2516 τε
1511 2459 1573 2540 πρὸς
1589 2463 1757 2536 Πτολεμαῖον
1772 2463 1829 2542 (sc.

1047 2542 1089 2600 τδν
1103 2543 1296 2624 Φιλομήτορα)
1311 2543 1459 2622 στρατεύει,
1477 2547 1652 2604 ἀναπαλαίειν
1661 2549 1718 2613 ταῖς
1733 2551 1830 2619 συνθή·

1048 2653 1105 2696 καις
1119 2633 1309 2710 ἐπιχειροῦντα.
1325 2631 1378 2692 Καὶ
1395 2633 1548 2708 πολεμήσας
1566 2637 1635 2714 αὑτῷ
1647 2635 1716 2692 κατίι
1728 2635 1758 2694 τδ
1773 2641 1829 2708 Πη·

1047 2716 1160 2792 λούσιον,
1174 2719 1308 2796 κρατήσας
1318 2742 1346 2776 τε
1359 2721 1492 2786 παντελῶς
1501 2727 1555 2788 τοῖς
1568 2719 1672 2797 ὅπλοις,
1684 2731 1773 2802 φυγεῖν
1785 2725 1830 2782 ἐπί

1047 2803 1094 2873 τήν
1110 2803 1301 2884 Ἀλεξάνδρειαν
1312 2806 1472 2881 ἠνάγκασεν.

1088 2892 1142 2951 Καὶ
1156 2897 1170 2950 θ
1183 2892 1229 2969 μὲι
1246 2895 1409 2970 Πτολεμαῖος
1419 2897 1448 2952 οὑ
1460 2895 1626 2974 προσδεχθεὶς
1639 2895 1690 2954 ὑπὸ
1712 2899 1764 2954 τῶν
1778 2901 1830 2958 Αί-

1046 2979 1171 3055 γυπτίων,
1187 2979 1343 3059 προσφεύγει
1359 2983 1396 3060 τῷ
1410 2980 1521 3060 γαμόρῷ
1538 2981 1677 3060 Ἀντιόχῳ·
1693 2986 1708 3040 ὁ
1726 2981 1753 3040 δέ
1768 2990 1830 3042 τοῖν-

1047 3089 1089 3124 τον
1104 3066 1182 3123 πόλιν
1197 3068 1231 3132 είς
1243 3065 1289 3136 τὴν
1307 3069 1440 3144 βασιλείαν
1452 3069 1675 3139 ἀποκαθίστησιν·
1690 3071 1787 3128 ε’κεῒθέν
1800 3094 1828 3129 τε

1046 3153 1114 3212 κατθ
1128 3153 1260 3214 Ἰουδαίων
1273 3153 1403 3232 ὁρμήσας,
1414 3159 1481 3233 αἱρεῖ
1497 3156 1543 3232 μὲν
1555 3159 1638 3214 αὐτῶν
1653 3155 1682 3213 τδ
1694 3155 1770 3228 ἄστυ,
1783 3159 1828 3214 καί

221 3239 266 3296 καί
291 3237 378 3306 ἱκανὸς
400 3239 445 3301 ὤν.
477 3237 548 3316 ’Ἀμα
569 3239 655 3320 [γὰρ]
672 3241 794 3318 βασιλικῇ
816 3237 939 3318 θεραπείορ
954 3238 997 3294 τὸν
1045 3239 1102 3306 τοὺς
1117 3239 1260 3319 θησαυροὺς
1274 3233 1391 3308 ἅπαντας
1404 3243 1448 3300 καὶ
1463 3242 1496 3300 τὰ
1516 3242 1573 3322 ίιρίι
1587 3241 1679 3318 σκεύη,
1700 3243 1746 3302 καὶ
1769 3242 1828 3311 τοὺς

221 3327 302 3406 ἄνδρα
316 3326 474 3401 ὑπεδέξατο,
490 3329 578 3386 πεσεῖν
591 3351 618 3386 τε
637 3326 793 3406 βουληθέντα
811 3328 874 3406 πρὸς
885 3327 938 3388 τοῖς
950 3329 997 3404 γό-
1045 3327 1120 3393 ναοὺς
1134 3328 1247 3398 συλήσας
1262 3328 1367 3407 συνέχεε
1385 3328 1478 3387 αὑτοῦ
1493 3329 1578 3395 ἔθνους
1593 3329 1710 3404 νόμιμα,
1734 3333 1829 3398 δειναῖς

220 3438 294 3472 νασιν
310 3417 388 3473 αὑτοῦ
409 3416 557 3487 ἀναστήσας
572 3416 616 3474 καὶ
633 3414 761 3486 ‘tentatie
779 3442 790 3468 ι
805 3412 951 3494 Ἀνθρωπε,
971 3415 996 3472 τί
1044 3438 1071 3472 τε
1090 3415 1226 3495 τιμωρίαις
1240 3415 1406 3494 τοὺςοίνδροις
1420 3416 1571 3488 ὑποόαλὼν,
1589 3417 1729 3485 ἑλληνίζειν
1748 3417 1828 3496 ἦνόγ·

221 3525 270 3576 μου
290 3501 462 3568 καταόοίλλεις
476 3502 506 3561 τὸ
520 3503 692 3582 κατόρθωμα;
717 3531 729 3555 ι
748 3502 792 3560 ἐπί
804 3525 870 3569 τινος
892 3504 997 3582 βασιλι-
1045 3505 1122 3570 καζε·
1137 3502 1180 3560 τόν
1195 3525 1222 3560 τε
1241 3503 1349 3586 πάτριον
1365 3504 1449 3561 αὑτῶν
1469 3503 1624 3582 ἀφελόμενος
1644 3503 1753 3578 κόσμον,
1768 3503 1829 3569 Διὸς

251 3672 290 3717 Fr.
307 3673 344 3718 ti.
358 3668 577 3731 Ἀγαθόκλειαν]
590 3670 662 3718 Uncis
669 3683 772 3718 errorem
784 3669 1038 3730 excerpioiisooeroui.
1053 3669 1160 3719 Debebet
1171 3684 1177 3716 :
1188 3671 1228 3718 καὶ
1241 3669 1389 3732 Ἀγαθοκλεία
1401 3673 1443 3732 μιᾷ
1452 3685 1496 3716 τινι
1505 3669 1555 3717 κτλ.
1571 3696 1600 3708 -
1613 3669 1664 3716 σὺν
1675 3673 1737 3723 τοῖς
1747 3671 1826 3730 βασι-

219 3736 324 3800 λείοις]
334 3742 450 3796 cremore
461 3740 503 3787 σὺν
514 3744 554 3795 τῆς
568 3740 692 3800 βασιλείοις
703 3739 755 3788 oud.
767 3742 828 3787 itinn
839 3739 909 3799 igitur
919 3739 1028 3787 incendio
1039 3741 1122 3801 regite.
1133 3741 1171 3788 vet
1181 3741 1253 3801 pertis
1267 3740 1350 3802 regine,
1362 3739 1504 3800 Agathoclea
1522 3739 1637 3788 Arsinoen
1650 3737 1756 3786 occidit?
1774 3741 1826 3788 uon

219 3812 238 3860 si
249 3814 299 3870 est,
309 3810 447 3867 intetiinitur
457 3823 506 3870 quo
515 3811 623 3870 spectent
630 3810 704 3856 verbo
716 3807 805 3868 polybii
815 3810 906 3868 Fengm,
922 3811 980 3856 Exn.
992 3811 1047 3870 Περὶ
1057 3810 1184 3858 ἐπιθσυλῶν
1205 3812 1229 3858 tn
1246 3813 1341 3870 Fragm.
1359 3809 1446 3858 iiistor.
1462 3811 1520 3857 toni.
1544 3811 1582 3867 u,
1595 3821 1616 3870 μ
1630 3820 1697 3856 nvn
1709 3822 1716 3855 :
1729 3806 1783 3856 Ἐπὶ
1800 3810 1826 3857 et

216 3881 307 3934 τούτοις
316 3881 357 3928 δύο
366 3879 478 3936 κάλπιδας
490 3881 587 3942 ἀργυροῖς
598 3879 744 3938 εἰσήνεγκαν,
754 3880 785 3932 ὡς
796 3882 836 3934 τῆς.
844 3878 884 3938 μὲν
897 3882 949 3940 μιᾶς
961 3878 1059 3939 ἐχούσης
1068 3880 1098 3926 τὰ
1107 3884 1148 3927 τοὺ
1160 3879 1272 3940 βασιλέως
1283 3879 1354 3936 ὀστᾶ,
1364 3884 1405 3936 τῆς
1416 3879 1436 3926 δ’
1447 3879 1524 3940 ἑτέρας
1538 3879 1567 3926 τὰ
1578 3883 1618 3936 τῆς
1629 3877 1754 3940 Ἀρσινόης.
1767 3877 1824 3940 Εἶχε

217 3951 243 3998 δὲ
253 3953 267 4007 ἡ
278 3951 318 4010 μὲν
330 3949 372 4010 μία
381 3949 433 3997 κατ’
446 3950 551 4006 ἀλήθειαν
563 3949 592 3996 τὰ
603 3953 644 3996 τοῦ
655 3949 782 4010 βασιλέως,
792 3950 807 4004 ἡ
817 3948 838 3995 δ’
856 3949 944 4010 ἑτέρα
959 3949 1069 4008 πλήμης
1079 3949 1289 4011 ἦνάριυμοῖτων.
1306 3951 1366 3998 Sunt
1381 3953 1461 3998 tumen
1477 3963 1533 4010 φινκε
1542 3949 1637 3998 obsura
1652 3948 1711 3996 huic
1728 3951 1823 3998 sentun-

218 4021 259 4069 tine
270 4019 407 4081 videantur;
419 4024 574 4081 nostrumque
586 4019 665 4068 Ιοουιιε
678 4022 711 4067 ite
721 4019 776 4068 iicet
787 4017 917 4079 inteiligere
926 4020 953 4067 ut
964 4032 1042 4068 σοτωο
1054 4021 1085 4068 sit
1096 4020 1126 4068 de
1137 4019 1234 4080 direptis
1243 4019 1313 4080 regine
1323 4019 1448 4068 thesaurii.

251 4093 291 4138 Fr.
310 4096 347 4138 ⁵5.
364 4089 507 4138 Antiochum
519 4093 627 4138 Soterem
636 4088 697 4138 duos
711 4088 771 4138 titios
785 4087 910 4147 habuisse,
926 4088 1071 4136 Antiochum
1083 4092 1107 4137 et
1118 4089 1257 4146 seleucum,
1269 4089 1340 4137 etiam
1353 4091 1423 4137 tuen.
1435 4089 1532 4138 Meletos
1546 4088 1619 4138 tradit
1634 4101 1657 4149 ρ.
1668 4096 1714 4138 205
1725 4111 1732 4138 ι
1743 4088 1783 4150 ἀφ’
1794 4089 1821 4148 ης

218 4161 228 4220 (
238 4159 388 4221 Στρατονίκης
397 4158 406 4220 )
415 4160 477 4222 εἶχεν
488 4161 551 4214 υἱοὺς
562 4161 618 4220 δύο,
628 4159 787 4218 Σέλευκον,
800 4159 862 4214 ὅστις
876 4158 954 4219 μικρὸς
970 4158 1114 4217 ἐτελεύτησε,
1123 4161 1162 4206 καὶ
1172 4158 1286 4220 Ἀντίοχον
1295 4160 1334 4206 τὸν
1348 4159 1499 4214 ἐπικληθέντα
1513 4160 1610 4218 θεοειδῆ.
1621 4158 1705 4210 Nescio
1719 4171 1752 4208 nn
1765 4159 1824 4208 aiibi

218 4227 309 4276 Seleuci
320 4228 391 4288 liujus
400 4231 489 4277 mentio
499 4231 548 4277 tint.
559 4233 668 4279 Aiortuue
680 4229 750 4290 igitur
759 4231 794 4276 eet
804 4231 858 4276 ente
872 4240 911 4277 un.
925 4234 978 4286 iot,
987 4241 1035 4289 quo
1046 4231 1103 4276 Ant.
1116 4231 1185 4278 Soter
1195 4228 1258 4276 diem
1268 4228 1338 4276 obiit.

249 4300 288 4346 Fr.
311 4301 349 4346 ⁵7.
365 4297 453 4346 Eadem
470 4299 555 4348 suidas
572 4313 595 4348 ν.
606 4300 749 4361 Αἰμίλιος.
763 4299 846 4347 Codex
857 4301 937 4346 noster
953 4298 1024 4346 hebet
1035 4298 1152 4359 Αῖμύλιος.
1163 4327 1193 4338 -
1205 4297 1254 4358 ἅμα
1263 4295 1323 4360 γὰρ]
1339 4297 1383 4360 γὰρ
1399 4295 1479 4346 addidi
1491 4311 1505 4346 e
1517 4296 1596 4346 Suiie.
1606 4323 1637 4332 —
1648 4295 1723 4360 τινι)
1741 4296 1796 4345 add.
1805 4311 1824 4358 ,e

188 4405 191 4412 .
219 4363 1460 4432 διεῖδε.-ὑποίντωνῬωμαίους]ἁπ.θτιῬ.δώδεκα-ἦαεθι·ὑπάντων]ευρμί.αδυῖθε.-θκ
1473 4365 1821 4430 πολλῶν]καὶέκπ.ουιί..ί.

188 4463 193 4492 ,»
218 4449 256 4498 ep.
269 4435 374 4484 suidam.
386 4439 489 4500 -nup'
505 4437 608 4500 αὐτὸν]
621 4440 676 4500 πρὸς
689 4440 759 4486 αὐτὸν
772 4437 841 4487 Suid.
851 4463 883 4474 -
892 4439 929 4487 ci.
941 4439 1039 4499 Eutrop.
1049 4441 1105 4486 lttox
1115 4450 1128 4486 e
1140 4435 1205 4485 Suid.
1215 4436 1271 4484 eud.
1286 4439 1399 4499 πρέαθεις.
1417 4440 1457 4496 tv,
1468 4440 1481 4484 t
1494 4457 1499 4484 :
1517 4440 1577 4498 Ipse
1588 4449 1645 4490 rex,
1657 4448 1737 4498 ςαιιιιι
1751 4437 1823 4484 σεσε-

217 4509 321 4554 reretur
330 4506 363 4555 αθ
374 4509 479 4562 amuis,
494 4511 563 4558 venti
572 4512 598 4556 ι’νι
612 4509 699 4557 Paulli
710 4511 868 4570 potestatem.
884 4507 933 4557 Sed
946 4509 1065 4557 honorem
1074 4511 1097 4556 ei
1108 4507 1229 4557 AEmtiiue
1240 4520 1289 4556 που
1299 4512 1376 4571 φασιν·
1387 4513 1452 4558 victo
1461 4508 1562 4559 λοθιιῖθ.
1575 4511 1644 4558 Nam
1657 4506 1820 4556 eludentem

217 4577 333 4637 adflectes
343 4576 391 4624 siit
400 4576 501 4636 cadere,
509 4591 558 4626 ιιοιι
568 4581 692 4639 permisit,
702 4578 831 4638 eenjuxto
840 4591 865 4627 οε
872 4581 900 4627 tn
911 4579 976 4628 uella
984 4580 1124 4628 collocavit.
1132 4577 1314 4627 Macedonibus
1321 4582 1347 4627 et
1355 4579 1454 4640 illyriis
1461 4579 1501 4628 12ae
1510 4579 1575 4640 tenes
1582 4592 1599 4627 α
1609 4580 1730 4628 Romanis
1740 4577 1821 4637 uotae,

217 4651 248 4696 ut
260 4647 335 4696 tiberi
345 4649 439 4702 essent,
452 4650 478 4695 et
490 4647 627 4697 dimidium
642 4661 729 4698 eorum
744 4649 902 4698 tributorum
912 4653 1078 4710 prostarent,
1091 4661 1148 4712 φυια
1157 4648 1258 4708 renibus
1268 4651 1469 4709 prostituunt.-
1487 4651 1682 4710 aleonoram,
1693 4649 1822 4709 poputum

218 4722 362 4767 Romanum
371 4730 419 4779 pro
427 4721 550 4780 oeqottote
558 4721 642 4780 αισριέ
652 4731 731 4780 quam
743 4722 858 4768 avaritia
870 4720 1002 4770 dimicare.
1017 4724 1098 4784 Atque
1111 4722 1138 4767 in
1148 4722 1273 4768 σοιιυσιιιυ
1282 4718 1454 4778 finitimorum
1465 4720 1621 4781 populorum
1639 4719 1753 4768 Pontius
1766 4717 1820 4768 θεοσ

218 4788 412 4850 pronuntiavit,
423 4789 450 4835 et
460 4787 598 4848 leontiones
607 4788 752 4836 multorum
761 4791 888 4847 oenitum.
899 4802 955 4850 μου
964 4789 1000 4838 ad
1009 4801 1067 4837 eum
1077 4792 1214 4842 venerunt,
1228 4790 1479 4850 moonifieeniissimo
1489 4791 1604 4840 conuiuio
1614 4790 1701 4849 pouit,
1713 4786 1819 4836 dicens:

218 4855 331 4918 ejusdem
343 4857 451 4906 hominio
462 4871 513 4906 εεεσ
525 4857 613 4906 dooere
623 4860 650 4906 et
659 4858 724 4908 betto
736 4861 836 4907 uincere
846 4862 870 4907 et
878 4861 984 4908 conuiuii
998 4863 1132 4919 apparatu
1141 4859 1284 4918 elevantem
1294 4871 1356 4908 εσσε.

248 4929 287 4975 Fr.
301 4932 338 4977 58.
354 4927 504 4977 Σελεύκου
519 4926 710 4990 παῑθαΠίοίοε
720 4933 756 4978 est
766 4930 900 4978 Demetrius
908 4933 985 4988 Soter,
996 4929 1087 4978 Seleuci
1105 4928 1260 4990 Phiiopntorio
1275 4930 1301 4987 i..
1312 4931 1353 4990 qui
1364 4930 1445 4991 postea
1454 4941 1525 4990 regno
1537 4927 1626 4989 potitus
1637 4927 1688 4985 est,
1698 4939 1822 4988 quemque

219 4997 349 5056 incoeptor
363 4997 391 5045 in.
408 5001 437 5046 αθ
453 5010 578 5058 perieram
595 4997 703 5046 Antiochi
720 4998 848 5060 epiphanis
864 4999 939 5048 tilium
952 4998 1018 5048 dicii.
1034 4998 1099 5047 Alter
1111 5009 1168 5044 vero
1179 4996 1271 5046 Seleuci
1283 4998 1376 5059 Philon.
1393 4998 1553 5058 titius,queu1
1569 4997 1703 5044 Antiochus
1714 4996 1819 5056 oceidit,

217 5065 453 5126 niiunde,quentun1
472 5066 593 5126 ocio‚non
605 5070 677 5115 notun
690 5070 734 5115 est.
746 5067 860 5114 -κατὰ
871 5068 901 5117 τό
915 5066 1093 5130 Πηλούσιον)
1114 5068 1141 5114 V.
1151 5066 1247 5128 ioseph.
1262 5071 1288 5115 A.
1299 5069 1321 5116 i.
1339 5069 1397 5127 ΧΙΙ,
1409 5073 1436 5128 5,
1455 5073 1477 5116 2.
1490 5065 1732 5128 -προσφεὺγει..
1747 5065 1817 5114 tnu-

219 5131 413 5196 καθίστησιν]
430 5135 508 5185 uinus
525 5138 636 5185 accurate
650 5135 702 5185 Ιιπα
720 5138 852 5184 uertentur.
941 5153 943 5160 >
