3830 5720
205 349 263 401 254

204 463 266 522 νίων
279 487 307 522 τι
325 462 370 522 καί
390 461 499 542 Ἰόήρων
517 461 726 542 προσχωρήσεως
748 463 906 541 ἡγούμενον·
923 463 980 540 ἀμα

205 549 231 609 δὲ
247 551 290 610 κοιλ
309 550 441 610 ἐπίπυστο
457 549 576 629 Χοσρόης
588 550 798 628 παρασκευάζειν
814 550 939 630 στρατιὰν
955 553 980 618 ἐς

203 638 236 695 τίι
254 639 370 716 μάλιστα
390 637 490 708 πολλὴν
508 638 552 698 τὸν
572 637 709 719 Καίσαρα,
731 639 775 696 καί
795 639 846 710 ἤδη
867 638 982 697 στέλλειν

204 725 272 783 κατὰ
287 725 333 795 τλν
352 725 418 804 ἑῴαν
436 723 608 802 ἱππαγωγούς
621 725 748 791 ὁλκάδας·
762 725 842 804 ὀλίγῳ
858 726 981 806 πρότερον

202 811 259 882 ἢαί
272 814 428 892 τριετηρίδες
446 811 558 872 σπονδαί
578 812 778 883 τελευτήσεσθαι
793 813 913 888 ἔμελλον,
931 815 982 892 πρὸ

203 903 307 977 ἡμερῶν
320 901 403 969 δήπου
417 899 612 978 τεσσαράκοντα
626 899 753 979 ἐπαρίησι
769 901 837 958 κατδι
852 905 898 970 τῆς
912 900 981 961 Ῥω-

203 987 288 1062 μαίιυν
301 991 348 1064 γῆς
365 992 411 1058 τῆς
425 991 454 1046 ἐκ
467 990 518 1046 τῶν
533 987 609 1066 ὁρίων
627 992 672 1045 τοῦ
690 988 778 1065 Δάρας
793 989 818 1053 ἐς
838 985 885 1058 τὴν
899 988 982 1063 με’σην

202 1078 254 1131 τῶν
262 1078 387 1150 ποταμῶν
399 1077 523 1154 στρατιάν
535 1075 657 1145 ίππικήν,
672 1076 738 1154 ἀμφὶ
749 1076 793 1140 τὰς
802 1075 885 1133 είκοσι
894 1076 981 1153 χιλιά-

203 1165 261 1233 δας,
272 1154 303 1232 ἧς
314 1163 373 1240 περὶ
386 1163 432 1228 τάς
445 1160 544 1220 δώδεκα
558 1161 605 1238 μὲν
617 1153 684 1232 ἦσαν
703 1162 819 1241 Πέρσαι,
833 1165 982 1242 θυρεορόροι

202 1251 293 1306 τεκαὶ
312 1248 496 1322 ἱπποτοξόται,
519 1248 670 1328 Σαρακηνοί
690 1249 717 1306 δὲ
738 1249 783 1306 καί
805 1248 980 1329 Σαθεῖροι....

204 1328 251 1414 [ὧν
268 1336 421 1412 ξυμπάντων
433 1330 513 1416 ἦρχον
527 1340 550 1395 οί
563 1340 657 1414 suppl.
676 1337 772 1413 Nicia]
793 1336 838 1395 σὺν
850 1347 902 1404 τοῖς
915 1338 981 1398 Ῥω-

203 1425 287 1498 μαίων
303 1425 413 1504 ἀρχουσι
425 1425 485 1504 περὶ
495 1429 541 1483 τοῦ
551 1429 606 1489 πῶς
618 1425 658 1481 δεῖ
665 1427 798 1502 προελθεῖν
810 1423 857 1494 τὴν
875 1427 902 1484 ἐν
911 1426 979 1502 γένει

203 1511 301 1589 ὀρεινὴν
313 1513 450 1590 [είρήνηνί
459 1517 481 1570 Ν
486 1513 553 1590 teo]
563 1511 787 1587 διασκεπτόμενοι.
797 1511 835 1571 Ὃ
842 1511 872 1580 δὴ
881 1513 925 1570 καὶ
933 1515 982 1589 μοί·

201 1601 279 1657 λιστα
293 1601 443 1669 ἀλαζονείας
454 1625 481 1658 τε
493 1600 538 1659 καὶ
553 1599 736 1677 ἀναισχυντίας
750 1602 778 1658 οὐ
793 1601 887 1678 μικράν
900 1623 982 1679 προα-

201 1691 252 1768 ἧψε
264 1691 300 1767 τῷ
313 1689 417 1768 Χοσρόη
429 1688 513 1764 δόξαν,
528 1689 573 1754 τάς
585 1710 612 1746 τε
626 1687 749 1757 ξυνθήκας
764 1687 831 1746 οὕτω
841 1711 895 1754 ποις
905 1689 982 1746 ἀναί-

202 1777 249 1846 δην
261 1779 307 1835 οὐκ
326 1777 466 1846 ὁκνιόσαντι
481 1775 602 1854 ίυγχίαι,
619 1775 663 1833 καί
677 1781 761 1833 ταῦτα
776 1775 863 1852 ὀλίγης
876 1775 939 1854 πρὸς
954 1776 982 1833 τὸ

202 1862 284 1942 πέρας
298 1865 367 1945 αὐτῷ
379 1862 609 1944 ἐνδαθιλευομίνης
621 1865 793 1941 παραδρομῆς
804 1865 924 1942 ἡμερῶν·
938 1863 982 1920 καί

201 1948 239 2006 δτι
256 1973 285 2028 γε
295 1951 338 2008 τδν
353 1952 441 2024 αὐτὸν,
457 1950 502 2008 άτε
516 1953 546 2020 δὴ
561 1953 707 2027 ἐπεγγελῶν
720 1950 872 2026 Ῥωμαίοις,
888 1949 943 2026 άμα
955 1974 982 2009 τε

201 2036 245 2094 καί
258 2037 317 2116 περί
333 2039 434 2116 είριίνης
447 2037 680 2116 διαλεχθησόμενον
693 2040 719 2095 ἐν
733 2045 784 2103 τοῖς
795 2038 871 2116 ὁρίοις
882 2041 981 2118 ἐχειρο-

200 2123 308 2194 τόνησεν
323 2127 368 2182 καί
384 2124 440 2198 dp«
459 2127 484 2181 ἀν
502 2133 555 2191 τοῖς
571 2127 658 2190 αὐτοῖς
672 2123 791 2202 Ιχωρίοις,
808 2125 834 2181 ἐν
846 2127 936 2192 αὐταῖς
947 2129 982 2192 ὼς

203 2215 283 2270 εἰπεῖν
290 2213 345 2277 ταῖς
352 2214 462 2292 ἡμέραις
469 2212 585 2288 πολέμου
594 2235 621 2270 τε
630 2211 675 2270 καί
684 2216 801 2290 ταραχῆς
809 2211 853 2269 καί
864 2215 980 2270 σπονδῶν

203 2299 352 2378 συγχύσεως
366 2298 458 2360 αίτιον.
473 2303 573 2360 Τοῦτον
587 2297 619 2369 ti,
634 2289 678 2356 οὐν
688 2299 731 2358 τὸν
743 2299 858 2370 Μεθώδη
872 2302 981 2378 βουλευ-

201 2387 290 2459 μάτων
300 2411 328 2446 τε
341 2388 483 2464 ἡγούμενον
496 2387 541 2445 καί
554 2393 600 2445 τοῦ
612 2385 708 2451 παντὸς
718 2385 812 2464 ἔχοντα
822 2392 897 2466 κῦρος
906 2386 981 2445 ὁπλί-

201 2473 466 2554 σαςέξόπεμψε·πρός
474 2475 553 2551 γεκαὶ
560 2473 724 2544 Σαπόιηντὸν
732 2473 881 2551 Μεαιροίνου
896 2477 981 2550 (Μαι-

202 2563 279 2640 ράνου
287 2566 321 2620 fr.
334 2565 393 2640 52),
403 2563 547 2644 ἀνδρδςούκ
554 2565 673 2642 ἀγεννοῦς
680 2563 888 2640 ἀπενεγκάμενον
896 2561 980 2629 δόξαν.

518 2729 564 2786 τι.
581 2728 669 2807 (578.)

239 2891 309 2946 Exc.
329 2891 370 2945 De
384 2889 439 2962 leg.
456 2889 531 2962 geni.
548 2907 577 2962 p.
595 2887 648 2942 125
667 2905 673 2942 :
689 2882 752 2942 ”Oa
765 2885 788 2942 ol
804 2885 890 2954 Μῆδοι
902 2885 983 2943 δεδιό-

200 2999 241 3042 τες
262 2975 310 3046 τὴν
329 2979 380 3032 τῶν
400 2973 542 3051 Ῥωμαίων
563 2972 686 3043 εἷσὸολῆν
710 2971 779 3030 κατὰ
796 2976 843 3044 τῆς
872 2975 981 3050 Περσῶν
1022 3013 1125 3070 simum
1133 3017 1263 3072 Historiae
1274 3018 1370 3072 locum
1382 3017 1440 3071 haee
1450 3019 1628 3091 pertineant,
1642 3021 1755 3078 nescio·

200 3064 260 3124 ὁσον
270 3063 342 3122 οὔπω
351 3061 486 3139 ἐσομένην,
503 3059 547 3119 καί
560 3059 746 3126 ἐπανιόντεςτδ
756 3061 893 3136 λεγόμενον
908 3065 982 3120 Θαυ·

200 3155 285 3231 νάριος
295 3150 423 3230 φρούριον,
436 3155 546 3229 χηρεῦον
557 3149 711 3224 Ῥωμαϊκῆς
724 3147 880 3226 ἐπικουρίας,
891 3150 916 3204 ἐν
930 3171 982 3207 κα-

199 3245 266 3318 τοχῇ
288 3238 459 3308 ἐποιήσαντο·
481 3235 526 3294 καί
544 3238 586 3293 ἀπ’
601 3236 672 3293 οίκου
693 3234 875 3314 ἀνεχώρησαν,
900 3235 979 3311 μηδὲν

200 3401 229 3449 ad
238 3398 522 3463 equitestransveliendos
532 3397 687 3446 inorientem
694 3397 796 3444 mittere.
810 3397 894 3457 ltaque
904 3397 983 3457 paullo

200 3480 329 3538 antequam
344 3476 471 3525 triennales
482 3474 584 3522 induciae
597 3474 700 3522 linitur-'e
711 3475 805 3534 assent,
825 3473 984 3534 qrradraginta

202 3557 250 3602 lere
260 3553 319 3612 dies,
330 3552 446 3600 Cliosroes
460 3565 490 3598 ex
500 3550 607 3598 finitimis
617 3550 675 3598 loris
688 3552 763 3599 Daras
777 3549 886 3596 immittit
896 3549 919 3596 in
932 3561 983 3596 ιιιο-

200 3631 264 3678 diam
274 3630 393 3688 regionem
407 3627 535 3676 iiuriorum
550 3626 632 3687 viginti
651 3625 727 3674 millia
740 3625 866 3686 equitum,
881 3637 983 3686 otiorum

201 3706 328 3756 duodecim
342 3705 417 3754 millia
431 3706 500 3753 erant
515 3707 592 3752 Persae
608 3703 713 3752 scutiferi
728 3707 753 3752 et
769 3703 883 3763 sagittarii
891 3719 899 3764 ;
914 3705 984 3751 Sara·

201 3785 253 3834 ceni
266 3786 384 3833 autemut
398 3781 505 3832 Sabini...
518 3793 574 3829 cum
583 3779 685 3829 ducibus
697 3783 900 3829 aomanorum...
912 3778 984 3840 dispi-

201 3863 299 3910 cientes.
312 3863 363 3910 lloc
372 3863 454 3909 autem
464 3871 512 3908 non
520 3870 618 3921 paruam
628 3857 709 3906 attulit
718 3857 818 3906 cltosroi
825 3869 894 3904 ιιιιιιο
903 3857 984 3916 ginniac

190 3932 226 3990 'et
246 3939 400 4002 impudentiae
421 3938 484 3998 apud
504 3949 587 3985 omnes
606 3935 756 3997 opinionem,
777 3933 842 3994 quod
864 3931 984 3993 inducias,

201 4018 297 4068 mnietsi
314 4017 382 4079 pauci
396 4015 529 4064 admodum
543 4015 593 4062 dies
603 4025 680 4074 usque
698 4012 728 4060 ad
747 4011 838 4060 exitium
854 4010 983 4070 restabant,

202 4095 353 4158 impudenter
366 4093 457 4142 violare
478 4105 526 4140 non
546 4094 582 4140 est
598 4092 733 4139 cunctatus.
753 4087 889 4138 Accedebat
905 4087 983 4148 qarod,

202 4174 270 4236 qirasi
286 4175 406 4220 Romanos
416 4169 526 4230 irridens,
536 4169 638 4218 eundem
651 4166 779 4228 delegerat,
790 4165 832 4226 qui
841 4165 864 4212 in
877 4165 985 4212 eontlniis

202 4263 258 4300 cum
274 4249 301 4297 iis
310 4249 339 4296 de
350 4259 407 4310 pace
419 4250 513 4308 ageret,
526 4247 616 4308 quique
630 4245 654 4292 in
668 4243 749 4292 iisdem
763 4242 821 4290 ioris
830 4241 913 4290 eodem
926 4245 984 4288 tem·

202 4342 259 4392 pore
269 4331 293 4376 ot
305 4325 391 4375 bellici
400 4325 521 4372 tumidius
530 4325 554 4371 et
563 4321 727 4370 violandarum
739 4319 889 4368 induciarum
901 4321 984 4366 auctor

203 4410 271 4458 esset.
283 4410 305 4454 is
314 4407 364 4454 erat
373 4403 486 4452 liebodes
495 4439 502 4462 ,
510 4402 561 4450 dux
569 4403 592 4450 et
604 4405 688 4449 auctor
698 4399 806 4447 omnium
815 4398 984 4446 eorumconsi-

202 4485 297 4534 tiorum.
310 4481 444 4542 Hunc,qui
452 4493 570 4528 summam
583 4479 690 4526 omnium
701 4490 780 4526 rerum
792 4473 893 4524 liaberet
903 4476 983 4522 aucto·

204 4567 316 4622 ritatem,
329 4573 385 4608 cum
397 4557 504 4608 exercitu
526 4555 604 4614 misit,
623 4561 647 4604 et
665 4567 781 4602 unacum
797 4553 848 4614 ipso
868 4554 982 4612 Sapoem,

203 4639 316 4694 ileaerani
328 4639 404 4688 tilium
416 4634 458 4698 qui
471 4646 582 4695 magnam
593 4631 687 4680 virtutis
699 4631 794 4680 laudern
809 4631 982 4692 reportaverat.

235 4809 321 4866 Perse,
327 4799 395 4851 veriti
401 4813 431 4850 ne
438 4796 539 4849 Romani
547 4795 636 4844 intines
642 4791 988 4854 suosirmmperent,'ilmnna·

204 4885 267 4935 rium
273 4868 981 4938 castellum,nudatumpraesidioRomanorum,invadentes,

204 4961 352 5022 occeiparunt
361 4961 385 5006 et
394 4955 493 5004 domiin
503 4951 666 5010 reverterunt,
678 4961 753 5010 quum
761 4946 925 5008 nitriidignum
934 4949 983 4994 tam

204 5039 268 5100 lumi
280 5035 374 5086 lmderis
385 5030 513 5081 violatione
525 5026 648 5086 iecissent,
659 5027 683 5074 et
695 5025 792 5073 minime
803 5027 869 5073 tanta
878 5023 982 5083 damna,

204 5119 294 5180 quanta
306 5111 373 5162 initio
383 5109 425 5160 sibi
437 5106 623 5172 proposuerunt,
633 5103 745 5153 itomauis
753 5101 894 5151 intulissent.

761 341 964 402 usuarium
988 341 1249 402 enatuerotus

1027 463 1057 522 τὸ
1071 465 1197 542 παράπαν
1211 467 1256 534 τῆς
1271 462 1445 540 ἀναισχύντου
1458 465 1511 522 τῶν
1526 465 1644 524 σπονδῶν
1660 465 1802 547 ξυγχιίσεως

1028 550 1097 618 ἀξιόν
1112 573 1137 609 τι
1158 551 1347 630 πορισάμενοι,
1371 550 1438 626 μήτε
1460 550 1512 628 μὴν
1530 551 1598 630 μίγα
1616 577 1642 612 τι
1657 554 1803 632 Ῥωμαίους

1030 638 1192 717 βλάψαντες,
1202 641 1238 705 ὡς
1250 637 1458 710 ὁπωπτεύθησαν
1469 639 1517 710 τὴν
1529 641 1625 719 ἀρχήν.

1340 753 1387 812 52.
1413 755 1490 830 (578.

1067 867 1176 926 ibidem
1187 889 1217 943 p.
1239 865 1292 924 125
1308 862 1393 926 ιὌιι
1408 869 1433 926 Τ
1435 754 1555 946 αχοάδρδι
1572 869 1607 944 (l.
1622 871 1802 952 Τανχοαδρδι]

1028 957 1115 1032 σαρῶς
1131 953 1330 1029 ἐξεπιστάμενος
1347 953 1392 1011 καὶ
1412 955 1488 1020 αὐτὸς
1502 955 1549 1022 τὴν
1563 957 1680 1036 Χοσρόου
1696 959 1802 1036 βουλὴν,

1027 1043 1061 1105 ὡς
1076 1039 1205 1112 λίιύώδης
1217 1042 1404 1120 ἀναπτερώσας
1419 1040 1496 1099 αὐτδν
1510 1043 1549 1112 είη
1562 1044 1599 1118 μὴ
1615 1054 1701 1116 μεῖναι
1714 1047 1744 1104 τὸ
1759 1047 1803 1104 πί-

1029 1150 1074 1206 ρας
1096 1132 1147 1186 τῶν
1168 1130 1334 1208 τριετηρίδων
1358 1131 1486 1202 σπονδῶν,
1511 1131 1540 1187 αί
1559 1154 1588 1206 γε
1613 1132 1681 1206 ἀμρί
1701 1137 1748 1206 τῆς
1773 1133 1804 1190 ἕω

1028 1217 1218 1290 ἐμπεδωθεῖσαι
1241 1217 1394 1294 ε’τόγχανον,
1414 1217 1459 1276 καί
1481 1216 1521 1276 ὁτι
1540 1217 1607 1276 οὕτω
1629 1220 1718 1277 δοκοῦν
1734 1224 1804 1300 αὐτῷ

1028 1303 1212 1380 ἀναμριδόλως
1222 1303 1346 1378 ἐμύαλεῐν
1358 1304 1434 1363 αὐτόν
1445 1328 1470 1362 τε
1485 1304 1615 1378 ίίίεθῶδην
1628 1306 1673 1364 καί
1686 1309 1805 1380 Σαπώην

1027 1389 1071 1446 τδν
1086 1391 1221 1470 Μαιράνου
1246 1391 1314 1449 κατίι
1333 1395 1379 1462 τῆς
1393 1391 1457 1470 πρδς
1477 1397 1523 1463 τὴν
1539 1393 1574 1452 ἐιο
1592 1397 1643 1451 τῶν
1666 1395 1805 1470 Ῥωμαίων

1028 1477 1203 1554 ἐπικρατείας,
1214 1477 1264 1536 εἴτε
1272 1479 1497 1558 προστεταγμένον
1505 1483 1529 1538 οἱ
1540 1481 1627 1538 τοιάδε
1637 1483 1666 1539 ἐκ
1677 1483 1806 1560 Χοαρόου,

1028 1563 1079 1620 εἴτε
1091 1565 1136 1622 καὶ
1151 1567 1304 1639 αὐτομάτοις
1318 1571 1393 1626 τοῦτο
1408 1569 1512 1624 σκοπῶν
1528 1567 1568 1648 ἐρ’
1588 1573 1698 1638 ἑαυτοῦ,
1715 1569 1805 1648 ὥσπερ

1029 1652 1121 1725 ἀμέλει
1143 1653 1263 1732 δευτέραν
1286 1653 1359 1732 ἀρείς
1378 1653 1502 1733 ἄγκυραν,
1523 1655 1662 1734 ἐκτραπείς
1685 1658 1740 1714 ἀπὸ
1762 1665 1807 1716 τοῦ

1031 1739 1175 1818 Κιθαρίζων
1191 1739 1298 1820 ὥρμησε
1319 1741 1364 1798 καί
1385 1739 1460 1808 αὐτὸς
1474 1741 1544 1799 κατίι
1564 1745 1609 1811 τῆς
1623 1741 1769 1816 Ῥωμαίων
1783 1747 1808 1802 ἀν

1029 1827 1143 1905 ἀνατολῇ
1164 1826 1252 1907 χώρας
1273 1825 1325 1884 ἀπὸ
1346 1831 1397 1884 τῶν
1419 1826 1551 1907 Ἀρμενίας
1566 1827 1696 1905 ἐμύολῶν,
1711 1831 1806 1904 διπλῆν

1029 1915 1111 1974 ἐκεῖσε
1126 1913 1173 1984 τὴν
1186 1913 1305 1996 ταραχὴν
1320 1913 1500 1990 ποιησόμενος.

1334 2029 1381 2086 53.
1406 2029 1499 2107 (578.)

1067 2143 1167 2199 Suidas
1183 2164 1210 2202 v.
1235 2141 1398 2218 Ἐμόριθῆ
1412 2147 1489 2199 νοῦν
1507 2163 1513 2199 :
1531 2141 1691 2219 Μένανδρος·
1706 2169 1717 2195 ι
1735 2143 1809 2205 ‘oti

1027 2229 1205 2308 Τανχοσδρὼ,
1219 2233 1232 2287 ὁ
1244 2234 1287 2287 τοῦ
1299 2229 1415 2308 Χοσρόου
1427 2229 1583 2310 στρατηγὸς,
1595 2231 1654 2308 οὐχί
1664 2230 1810 2310 ἐλέφαντάς

1027 2337 1055 2372 τε
1080 2315 1125 2373 καί
1154 2315 1282 2395 ἀγροίκων
1304 2315 1394 2392 ὅμιλον
1417 2315 1462 2373 καί
1487 2315 1563 2395 ἕτερα
1583 2315 1648 2375 ἀττα
1669 2317 1809 2400 ρόθητρα,

1027 2401 1122 2482 κόμπῳ
1135 2403 1182 2478 μέν
1197 2405 1325 2482 ἁρμόδια,
1346 2402 1437 2485 ἐνεργὰ
1451 2403 1477 2462 δὲ
1494 2407 1540 2462 καὶ
1552 2403 1662 2484 ἐμῦριθῆ
1674 2408 1810 2482 οὐδαμῶς,

1028 2491 1096 2548 ἀλλά
1109 2491 1168 2557 τούς
1182 2491 1384 2570 μαχιμωτάτους
1395 2515 1423 2549 τε
1433 2489 1477 2549 καί
1488 2493 1677 2556 εὐοπλοτάτους
1689 2496 1810 2572 ἀγείρας,

1027 2579 1140 2647 πλήθους
1153 2603 1181 2636 τε
1195 2581 1317 2657 ἀγεννοῦς
1332 2579 1505 2658 ἀντάλλαγμα
1515 2583 1578 2646 τοὺς
1589 2579 1621 2637 τὸι
1634 2581 1752 2658 πολέμια
1766 2585 1814 2640 δει-

1027 2665 1083 2732 νοὺς
1103 2665 1252 2746 ἀποκρίνας,
1269 2693 1281 2717 ιι
1299 2666 1351 2726 Καὶ
1371 2657 1454 2730 αὐθις·
1470 2694 1482 2718 ι
1498 2663 1626 2725 Ἱίστάναι
1643 2691 1671 2726 τε
1687 2669 1814 2750 ἐμὸριθό-

1028 2773 1110 2810 στατα
1123 2753 1167 2810 καὶ
1183 2751 1323 2829 ε’ποιμόνειν
1336 2757 1369 2832 τῇ
1381 2751 1464 2810 πόλει.
1478 2780 1488 2802 ι

1068 2841 1174 2897 Εαάειιι
1188 2855 1355 2916 repetuntur
1371 2863 1398 2896 ν.
1419 2839 1598 2919 Τανχοσδρὼ,
1618 2843 1670 2898 ubi
1687 2845 1816 2918 glossam

1029 2925 1133 2983 delevit
1143 2929 1348 3002 Bernhardyus.
1359 2931 1489 2986 Ceterum
1501 2948 1569 2985 nrtm
1584 2931 1707 2986 adhunc
1721 2937 1816 3006 potis·

1220 3125 1267 3192 54.
1292 3125 1375 3200 (579.
1398 3127 1505 3182 Tiberii
1526 3127 1628 3202 ama.)

1071 3241 1139 3298 Eae.
1154 3243 1196 3296 De
1208 3241 1262 3315 leg.
1276 3243 1358 3296 Rom.
1371 3261 1402 3316 p.
1418 3241 1554 3296 166-168
1572 3237 1656 3298 :⁸012
1667 3242 1681 3296 ὁ
1691 3239 1820 3320 Τιόέριος

1391 3423 1435 3473 52.

1060 3515 1142 3568 Qrium
1154 3513 1307 3562 Tanciiosdro
1316 3525 1414 3574 quoque
1426 3511 1539 3564 chosrois
1549 3513 1647 3562 consilia
1661 3513 1822 3572 rescivisset,

1030 3591 1153 3638 Meboclem
1160 3591 1291 3639 cnosroem
1302 3591 1324 3638 in
1333 3603 1385 3638 eam
1394 3595 1499 3638 mentem
1507 3589 1637 3652 impulisse,
1643 3593 1726 3638 sitnon
1737 3603 1824 3652 exspe-

1029 3672 1104 3717 ctaret
1113 3669 1175 3716 diem
1183 3681 1230 3730 qua
1239 3667 1489 3716 liniebauttriennales
1499 3665 1662 3728 indnciaequae
1673 3667 1696 3715 in
1707 3669 1822 3718 Oriente

1028 3747 1367 3807 eonventmluerant,etillum
1377 3747 1504 3808 imperasse
1510 3745 1634 3795 itebodiet
1645 3750 1745 3807 sapone,
1763 3750 1825 3796 Mre-

1029 3827 1079 3874 rani
1092 3825 1274 3886 tilio,ioverlere
1285 3827 1448 3873 Romanorum
1460 3823 1574 3872 ditionem
1588 3824 1610 3871 in
1623 3824 1742 3885 oriente,
1755 3826 1826 3886 ipse,

1028 3905 1078 3952 sive
1085 3905 1130 3952 ime
1138 3903 1278 3951 mandatum
1287 3903 1364 3950 tuerat
1373 3902 1506 3961 actiosroe,
1514 3901 1612 3949 sii-esna
1618 3903 1703 3962 sponte
1716 3901 1791 3963 apud
1799 3915 1827 3950 se

1028 3981 1127 4030 eandem
1136 3993 1186 4029 rem
1194 3979 1274 4028 anirno
1283 3979 1526 4038 volvissei‚tanuam
1538 3978 1830 4028 scilieetsecundaman·

1028 4054 1829 4118 eoramjaciens,aeitharizdncastelloegressus,inltomanornm

1028 4137 1125 4185 ditionis
1132 4137 1245 4196 regiones,
1252 4133 1550 4194 quaeadorieutemerant,
1558 4135 1672 4195 impetum
1679 4133 1751 4191 lecit,
1758 4134 1830 4184 circa

1030 4214 1147 4263 Arnieniae
1157 4212 1236 4262 aditus
1243 4211 1364 4273 duplicem
1373 4209 1508 4259 tumultum
1517 4213 1542 4260 et
1551 4213 1667 4259 terrorem
1677 4209 1830 4262 oblaturus.

1391 4304 1436 4352 5³.

1060 4415 1072 4438 ι
1088 4394 1242 4445 Tanclmsdro
1256 4395 1350 4452 autem,
1361 4392 1473 4442 clrosrois
1484 4393 1605 4454 copiarum
1619 4391 1687 4451 dtas,
1701 4405 1761 4444 non
1776 4397 1833 4446 ele·

1029 4475 1129 4537 pliantas
1144 4473 1289 4533 turbamque
1303 4471 1462 4528 rustlmrum,
1477 4473 1501 4520 et
1517 4471 1587 4532 liujus
1601 4471 1694 4532 generis
1712 4475 1832 4523 terricu-

1028 4553 1143 4609 lamenta,
1153 4551 1183 4598 ad
1191 4549 1373 4598 ostentationem
1387 4548 1484 4610 qrtidem
1495 4551 1563 4610 apta,
1575 4549 1717 4596 rimantem
1734 4554 1765 4600 et
1777 4551 1835 4600 elti-

1027 4625 1485 4687 caciamnullamiiabcntiaeoilegit,sed
1493 4625 1715 4674 virosbetlieososet
1722 4630 1836 4689 egregie

1027 4711 1147 4766 armatos,
1161 4705 1254 4754 selectis
1266 4704 1311 4763 iiis,
1323 4703 1364 4764 qui
1380 4703 1404 4750 in
1416 4717 1442 4750 re
1453 4701 1537 4774 bellica
1549 4702 1694 4750 excellerent
1710 4703 1836 4756 imbellis

1028 4785 1188 4835 multitudinis
1197 4785 1259 4833 loco.
1271 4803 1283 4826 o
1292 4785 1358 4831 -Et
1370 4781 1425 4830 alibi
1438 4801 1443 4830 :
1455 4799 1467 4823 ι
1478 4782 1559 4832 Gradu
1569 4786 1632 4830 stare
1641 4779 1798 4832 firmissimo
1809 4789 1836 4834 et

1028 4864 1111 4913 urbem
1122 4863 1214 4910 tortiles
1222 4858 1358 4910 defendere.
1372 4877 1420 4983 »Μ

1058 5019 1165 5068 'liberius
1173 5017 1263 5066 addidit
1277 5016 1373 5065 decreto
1382 5015 1445 5063 aliud
1457 5013 1502 5062 deo
1512 5012 1617 5062 maxime
1628 5014 1742 5072 gratum.
1758 5016 1837 5065 ilui-

1028 5101 1065 5147 tos
1076 5097 1140 5146 enim
1158 5099 1240 5146 Persas
1257 5095 1422 5144 Romanorum
1441 5091 1562 5154 captivos,
1584 5089 1704 5152 praecipue
1719 5103 1761 5140 ex
1776 5095 1836 5156 pri-
