3886 5726
808 372 1055 434 ausonensi.
1675 393 1730 444 em

128 493 214 564 λάσιοι
230 493 379 566 συνίὸησαν
395 492 441 550 σύν
462 491 605 570 ίπικούροις
628 491 672 549 καὶ
690 499 776 570 τοῖχος
798 493 908 572 πρὸτῆς
954 497 1006 562 τοῖς
1031 497 1093 554 ἀδελ
1114 499 1150 562 οἷς
1169 497 1262 569 αύτῆς,
1286 495 1426 575 ἐτύγχανον
1448 494 1475 554 δέ
1490 493 1540 574 ἀρα
1561 499 1606 566 τῇς
1627 495 1728 564 πόλεως

128 579 227 646 πόλεως
246 577 510 656 ἐνοικοδομησάμενοι
524 578 572 650 τήν
592 601 621 636 τε
638 576 728 657 χώραν
742 578 847 656 έτεμνον
863 580 909 640 καί
955 581 1079 661 ἡγεμόνες
1088 518 1172 656 όύτοι,
1183 581 1252 648 όπως
1264 585 1298 650 εἷς
1310 582 1409 654 ἐκείνην
1416 581 1464 653 τλν
1474 581 1554 640 νύκτα
1562 605 1731 661 ποιρασκιυαἡ

129 666 311 744 κατείρξαντες
327 666 387 733 τοὺς
406 664 518 734 Ναξίους
538 664 689 745 ἐφρούρουν,
707 661 767 724 τότε
785 666 909 746 παρθένος
955 671 1063 746 οάμενοι
1077 670 1191 742 ἥκωσιν·
1208 679 1316 748 σημεῖον
1336 670 1363 728 δὲ
1377 672 1463 736 αὐτοῖς
1477 670 1636 749 ἀνασχήσειν
1654 671 1730 736 αὐτὸς

128 755 317 834 ἀπολειφθεῖσα
328 753 398 813 κατά
408 777 467 812 τινα
479 755 590 830 δαίμονα
602 755 629 812 ίν
636 752 725 831 Δηλίῳ
734 755 808 834 ἱερῷ,
817 753 831 812 δ
839 757 907 826 πλη·
955 755 1004 837 ἔφη
1018 759 1173 836 λαμπτῆρα.
1188 757 1243 818 ilat
1258 762 1274 830 ἡ
1287 757 1437 836 Πολυκρίτη
1452 756 1479 814 δέ
1497 761 1535 836 τῷ
1547 757 1677 832 κομίζοντι
1687 758 1730 814 τόν

130 841 184 901 σίον
196 847 243 914 τῆς
262 843 365 910 πόλεως
380 851 479 914 κεῖται,
493 841 643 921 Πολυκρίτη
665 840 747 916 ὄνομα
762 844 844 920 αὐτῇ,
864 842 907 902 τόν
957 845 1034 924 άρτον
1048 845 1152 926 φράζειν
1164 843 1268 904 ἐκέλευε
1284 852 1336 910 τοῖς
1354 845 1472 922 ἀδελφοῖς
1484 843 1521 919 μὴ
1535 846 1729 914 ἐνδοιασθῇναι,

129 934 181 988 τῶν
194 929 359 1012 Ἐρυθραίων
376 929 494 1007 ἡγεμόνα
510 927 651 1007 Διόγνητον
668 920 746 1005 εἷλεν,
770 927 907 994 όςοίκείαν
955 933 990 998 ὡς
1003 935 1049 1002 τῇς
1063 930 1178 1010 πράξεως
1192 930 1235 988 ἐπὶ
1245 929 1317 998 τέλος
1334 929 1530 1008 ἀχθησομένης,
1545 932 1567 986 εί
1585 929 1621 1006 μὴ
1639 931 1731 988 ἐκεῖνοι

130 1015 241 1092 δύναμιν
257 1017 325 1096 έχων
346 1015 489 1094 συνεμάχει
508 1015 561 1082 τοῖς
580 1015 726 1086 Μιλησίοις.
770 1017 866 1094 Πολλῷ
881 1015 908 1074 sl
957 1019 1138 1078 ε’νδοιασθεῖεν.
1181 1021 1236 1078 Τοῦ
1252 1016 1279 1076 δὲ
1300 1017 1409 1094 ἀγγέλου
1428 1016 1529 1094 ταχέως
1551 1019 1586 1082 εἰς
1599 1014 1646 1086 τὴν
1658 1016 1733 1074 πολιν

129 1104 281 1182 ἀνεχόμενος
292 1103 366 1181 πόθῳ
380 1103 537 1179 διεπέμπετο
548 1101 610 1180 πρὸς
623 1101 718 1174 αὐτόν·
729 1105 758 1159 οὐ
774 1100 825 1178 γδρ
839 1101 908 1178 trip
957 1107 1086 1178 ἐλθόντος,
1101 1107 1255 1180 Πολυκλῆς,
1271 1108 1285 1162 δ
1305 1108 1351 1174 τῆς
1375 1103 1535 1181 Πολυκρίτης
1556 1102 1680 1182 ἀδελφὸς,
1704 1105 1731 1160 ἓν

129 1191 235 1266 θεμιτόν
253 1183 298 1268 ῇν,
320 1190 401 1252 ἱκέτιν
421 1181 500 1250 οὖσαν
514 1192 590 1270 ἀντῷ
606 1191 668 1270 ἱερῷ
689 1189 835 1268 βιάζεσθαι·
849 1195 866 1260 ἡ
880 1190 907 1248 δὲ
956 1194 1040 1271 πολλῇ
1063 1192 1177 1272 φροντίδι
1195 1191 1306 1270 ἐγίνετο,
1326 1190 1377 1249 εἴτε
1400 1189 1516 1260 πεισθείη
1534 1198 1586 1256 τοῖς
1603 1191 1732 1246 ἐπεσταλ-

129 1278 178 1343 έως
195 1277 243 1355 μέν
262 1302 329 1346 τινος
341 1281 371 1338 οὐ
384 1279 506 1358 προσίετο
524 1276 582 1343 τοὺς
601 1277 837 1356 παραγινομένους·
852 1277 909 1336 ἐπεὶ
957 1277 1056 1353 μένοις,
1075 1279 1126 1338 εἴτε
1146 1278 1198 1357 μή·
1213 1278 1285 1345 τέλος
1304 1277 1347 1351 δέ,
1364 1281 1399 1345 ὡς
1419 1277 1502 1337 ἐδόκει
1515 1285 1580 1334 πᾶσι
1599 1275 1731 1334 πείθεσθαι

129 1365 218 1440 μέντοι
235 1366 317 1432 πολὺς
337 1365 459 1439 ἐνέκειτο,
478 1366 526 1424 οὔκ
543 1363 592 1443 ἔφη
615 1363 800 1434 πεισθήσεσθαι
819 1367 909 1444 αὐτῷ,
959 1365 1004 1422 καί
1025 1365 1068 1431 νύξ
1088 1369 1209 1438 ἐπῆλθεν,
1226 1369 1251 1424 ἐν
1267 1359 1487 1444 Ιῇπροσετίτακτο
1507 1374 1573 1422 πᾶσι
1587 1363 1731 1442 stupu-pius.-

128 1454 151 1510 εἰ
172 1453 212 1530 μὴ
237 1454 355 1528 όμόοειεν
376 1451 546 1530 ὑπηρετήσειν
570 1453 636 1530 αὐτῇ
652 1451 667 1508 ὅ
685 1475 710 1508 τι
731 1451 762 1510 ἀν
785 1453 910 1530 βουληθῇ.
956 1457 1025 1527 σθαι,
1036 1453 1121 1512 πολλὰ
1131 1453 1315 1531 κατευξάμενοι
1327 1462 1380 1520 τοῖς
1391 1459 1468 1524 θεοῖς,
1482 1451 1628 1530 δεχομένων
1639 1450 1732 1515 αὐτοὺς

129 1538 163 1598 Ὁ
189 1539 218 1598 δέ
242 1539 397 1616 Διόγνητος,
419 1540 491 1597 οὐδὲν
513 1538 679 1610 ὑποτοπήσας
702 1537 815 1610 τοιόνδε,
839 1538 911 1614 μάλα
957 1543 1008 1598 τῶν
1022 1541 1090 1620 ἀμφὶ
1113 1541 1265 1618 Διόγνητον,
1285 1541 1451 1600 ἐσπίπτουσιν
1472 1542 1508 1604 είς
1528 1539 1558 1596 τό
1577 1539 1662 1616 τεῖχος
1679 1540 1731 1594 τῶν

129 1625 270 1704 προθύμους
285 1627 388 1703 ὤμοσεν
406 1625 535 1707 Ἄρτεμιν,
555 1629 701 1704 χαριεῖσθαι
716 1627 782 1704 αὐτῇ
803 1624 818 1682 ὅ
838 1649 863 1682 τι
880 1623 911 1682 δν
958 1627 1106 1699 Μιλησίων,
1123 1631 1146 1686 oi
1159 1627 1206 1703 μέν
1218 1650 1283 1692 τινες
1295 1625 1363 1684 κατὰ
1379 1623 1425 1694 τλν
1442 1624 1607 1704 ἀνεῳγμένην
1622 1623 1732 1693 πυλίδα,

133 1717 307 1792 προαιρῆται·
321 1711 535 1788 κατομοσαμένου
547 1713 575 1770 δὲ
589 1712 701 1784 ἐκείνου,
715 1711 760 1770 καὶ
776 1709 909 1786 λαόομίνη
957 1717 979 1772 oi
993 1715 1019 1772 δὲ
1032 1714 1118 1772 καὶτὸ
1135 1722 1218 1792 τεῖχος
1234 1711 1426 1792 ὑπεριλθόντες,
1438 1713 1523 1790 ἀθρόοι
1535 1735 1564 1770 τε
1576 1711 1645 1776 ἐντός
1659 1710 1733 1786 γενό-

130 1801 178 1866 τῇς
186 1799 275 1876 χειρὸς
283 1801 361 1857 αὐτοῦ
375 1803 392 1869 ἡ
409 1797 558 1877 Πολυκρίτη
571 1797 747 1875 μιμνήσκεται
764 1796 826 1878 περὶ
843 1819 908 1876 προ·
958 1825 1031 1876 μενοι
1042 1799 1194 1860 κατέκαινον
1206 1800 1264 1866 τοὺς
1272 1799 1427 1870 Μιλησίους·
1440 1798 1501 1857 ἔνθα
1510 1797 1541 1868 δὴ
1554 1797 1611 1856 κατ’
1624 1797 1730 1874 ἄγνοιαν

133 1885 222 1950 δοσίας
232 1890 279 1943 τοῦ
295 1884 413 1965 χωρίου,
433 1884 479 1943 καὶ
497 1887 584 1944 πολλὰ
604 1884 764 1944 καθικετεύει
779 1882 857 1953 αὐτήν
882 1906 910 1941 τε
958 1887 1115 1958 ἀποθνήσκει
1127 1885 1276 1966 Διόγνητος.
1290 1887 1332 1965 Τῇ
1347 1883 1485 1960 δ’ἐπιούσῃ
1498 1887 1522 1942 οἱ
1537 1881 1628 1952 Νάξιοι
1640 1883 1734 1948 πάντες

133 1971 270 2050 amitiit
284 1971 329 2030 καί
342 1970 388 2038 τὰς
401 1970 535 2052 συμφορὰς
547 1971 710 2042 τῆςπύλῑως.
725 1968 760 2030 Ὁ
772 1968 910 2046 Διόγνητος
957 1972 1129 2032 uolturium
1143 1963 1213 2052 εἶχον
1228 1971 1370 2030 θεάσασθαι
1380 1971 1428 2042 τὴν
1439 1971 1530 2049 κόρην·
1542 1969 1587 2028 καὶ
1598 1971 1621 2026 oi
1633 1968 1681 2045 μέν
1693 1993 1733 2027 τι·

133 2059 247 2124 ἀκούσας
257 2063 303 2116 τοῦ
318 2057 396 2137 λόγου
410 2058 482 2125 ἐκτός
493 2082 521 2117 τε
534 2058 634 2136 ἐγένετο
649 2061 726 2118 αὑτοῦ
746 2056 791 2114 καὶ
805 2054 911 2114 σπασά-
959 2082 1000 2117 σιν
1009 2059 1090 2130 αὐτὴν
1103 2059 1205 2138 μίτραις
1215 2057 1333 2132 ἀνέδουν,
1348 2061 1370 2116 οἱ
1384 2056 1411 2115 δέ
1424 2055 1523 2128 ζώναις,
1537 2047 1577 2122 αἶς
1589 2056 1732 2135 βαρηθεῖσα

133 2169 209 2222 μενος
218 2144 268 2217 τὴν
280 2145 413 2225 μάχαιραν
423 2143 544 2225 ὥρμησεν
557 2137 743 2225 διεργάσασθαι
754 2144 802 2214 τλν
819 2141 907 2221 κόρην.
957 2149 973 2215 ἡ
998 2151 1058 2214 παῖς
1073 2145 1115 2204 διδ
1137 2150 1233 2215 πλῇθος
1253 2149 1304 2203 τῶν
1326 2143 1562 2222 ίπιρριπτουμίνων
1587 2142 1729 2219 ἀπεπνίγη.

133 2234 228 2312 Ἐννῷ
241 2232 331 2310 μέντοι
344 2232 433 2291 λαθὼν
448 2233 478 2292 τό
498 2233 631 2312 εὔγνωμον
648 2234 728 2304 αύτῇς
743 2230 787 2290 καί
800 2229 857 2306 άμα
868 2228 911 2286 ὑπ’
958 2225 1012 2284 Καὶ
1031 2223 1111 2296 αὐτόν
1134 2222 1248 2302 δημοσίᾳ
1272 2223 1412 2281 θάπτουσιν
1430 2225 1455 2280 ts
1469 2225 1507 2300 τῷ
1525 2219 1624 2300 πεδίῳ,
1645 2219 1731 2277 πάντα

133 2319 228 2400 ἔρωτος
242 2317 418 2400 κρατούμενος
438 2319 509 2397 (ἔδει
522 2319 583 2398 γάρ,
597 2323 632 2385 ὡς
653 2318 735 2391 ἔοικε,
747 2317 792 2376 καί
808 2313 913 2384 Ναξίοις
957 2311 1048 2370 ἑκατόν
1058 2309 1221 2388 έναγίσαντες
1235 2311 1311 2387 αὐτῇ.
1326 2308 1400 2368 Φασὶ
1415 2307 1443 2366 δέ
1456 2331 1521 2374 τινες
1535 2307 1580 2366 καὶ
1592 2307 1732 2384 Διόγνητον

133 2405 286 2480 prestetur
296 2405 416 2484 γενέσθαι
428 2409 480 2464 τῶν
492 2406 627 2484 παρόντων
645 2407 732 2466 κακῶν
744 2407 770 2482 ),
787 2401 846 2461 τότε
864 2399 912 2478 μὲν
958 2401 984 2456 ἐν
999 2401 1036 2480 τῷ
1052 2400 1122 2478 αὐτῷ
1143 2402 1238 2470 καῇναι
1249 2440 1257 2472 ,
1269 2399 1296 2454 έν
1310 2386 1332 2476 ᾧ
1347 2394 1392 2453 καὶ
1404 2399 1420 2466 ἡ
1434 2403 1510 2470 παῖς,
1523 2393 1726 2453 σπουδασάντων

133 2493 206 2551 οὐδὲν
228 2492 402 2572 ἀπεκρίνατο,
423 2492 605 2570 βουλευόμενος
624 2492 650 2550 τί
668 2489 788 2561 ποιητέον
809 2485 911 2567 εἴηπῇ
958 2485 1072 2554 Ναξίων.
1087 2487 1131 2546 Cf.-
1144 2487 1302 2544 Aristotelis
1314 2485 1347 2544 sn.
1364 2483 1418 2540 168
1431 2485 1456 2542 b.
1470 2495 1537 2540 tom.
1552 2485 1598 2554 11,
1616 2502 1646 2558 p.
1667 2481 1732 2539 156.

135 2581 156 2638 δ’
170 2579 296 2660 ὑστεραίᾳ
310 2577 551 2658 καθωμολογήσατο
563 2575 715 2658 προδώσειν.
732 2575 820 2636 Καλόν
831 2575 910 2654 τῷδὴ

133 2667 187 2734 τοῖς
209 2666 350 2737 Μιλησίοις
365 2665 441 2746 ἑορτὴ
462 2665 529 2742 μετά
539 2667 629 2744 τρίτην
648 2663 750 2744 ἡμέραν
768 2662 909 2742 Θαργήλια
1164 2661 1187 2714 Ε
1206 2657 1320 2715 LIBRO
1341 2657 1519 2716 SECUNDO.

133 2753 225 2831 ἀπῄει,
235 2755 260 2810 ἐν
270 2745 290 2830 ῇ
296 2751 378 2812 πολύν
385 2776 413 2812 τε
424 2753 536 2832 ἄκρατον
549 2755 726 2832 είσφορσῦνται
740 2748 785 2808 καί
795 2747 827 2806 τά
836 2745 910 2806 πλεί·

134 2862 195 2898 στου
204 2837 264 2906 ἀξια
280 2838 516 2897 καταναλίσκουσι·
529 2838 587 2896 τότε
602 2834 809 2917 παρεσκευάζετο
817 2835 910 2912 προδι-

134 2927 206 2984 δόναι
218 2926 249 2984 τὸ
260 2925 367 3005 χωρίον.
384 2927 438 2986 Καὶ
452 2923 545 2991 εὐθέως
557 2922 829 3002 διάτῇςΠολυκρίιης
841 2919 912 2978 svst-
999 2917 1163 2974 Parthenius
1195 2917 1272 2973 Erat.
1303 2933 1337 2988 19
1368 2933 1375 2968 ι
1403 2909 1731 2989 ΠερὶΠαγκρατνῧς-

1333 2829 1361 2868 2.

135 3035 210 3090 μενος
231 3015 266 3078 είς
285 3012 363 3092 ἄρτον
387 3009 545 3088 μολυόδίνην
566 3009 706 3080 ἐπιστολὴν
732 3005 911 3084 [ἐπιστέλλει]
959 3003 1070 3083 Ἱστορεῖ
1089 2999 1235 3080 Ἀνδρίσκος
1249 3001 1275 3056 ἔν
1295 2997 1435 3065 Ναξιακῶν
1458 2997 1494 3076 β’.
1519 2997 1629 3060 Σκέλλις
1648 2998 1734 3054 τεκαὶ

140 3116 1725 3145 —...-..—-----—--—--—--—--—---

134 3172 722 3236 Nauostlilssiicumauxiliaribuseopiisproleeti
730 3170 912 3233 monentisque
958 3167 1088 3229 Polycrites
1097 3166 1231 3228 impositam
1240 3165 1264 3212 in
1272 3177 1357 3226 panem
1367 3162 1503 3224 plumbeum
1517 3161 1642 3222 epistolam
1658 3159 1735 3208 tratri·

135 3255 190 3301 ante
208 3253 332 3301 deitatem
343 3253 480 3312 exstructo,
491 3251 611 3312 regionem
620 3249 775 3310 excidebant,
790 3247 914 3310 prohibitis
956 3247 1002 3296 bus
1012 3245 1098 3308 puelle
1110 3243 1240 3292 transmisit
1255 3243 1340 3303 (eraut
1350 3241 1414 3290 euim
1426 3241 1449 3287 hl
1460 3239 1524 3287 urbis
1536 3239 1641 3300 preelecti
1653 3239 1677 3299 ),
1688 3250 1737 3298 quo

135 3332 215 3380 uasis
224 3331 321 3381 neurbe
327 3329 503 3392 egrederentur.
515 3333 663 3392 Eotempore
673 3327 840 3389 rirgonomine
848 3326 914 3387 Poly·
957 3326 982 3374 in
993 3323 1090 3386 iilaipsa
1098 3324 1169 3372 noete
1179 3321 1306 3384 preparati
1316 3320 1422 3370 veniant.
1436 3317 1533 3379 Signum
1544 3317 1577 3366 eis
1590 3317 1641 3365 iuro
1651 3315 1737 3365 anien·

135 3409 210 3467 enta,
220 3419 277 3456 casu
287 3407 392 3469 quodam
403 3405 427 3455 in
441 3406 508 3456 Delio
517 3406 623 3468 templo,
634 3405 698 3467 quod
711 3416 784 3467 prope
793 3402 914 3452 civitatem
958 3403 1007 3450 tem
1016 3400 1135 3461 taeniam,
1145 3411 1219 3461 quum
1227 3410 1253 3447 se
1261 3396 1338 3458 ipsum
1346 3397 1483 3444 erecturum
1492 3393 1610 3456 promisit.
1619 3393 1738 3453 Polycrita

136 3487 194 3542 eret,
202 3484 293 3542 relicta,
302 3484 482 3544 Erytlrraeorurn
491 3483 577 3532 ducem
584 3483 726 3542 Diognetum
734 3481 869 3528 lnamorem
877 3477 914 3527 sui
958 3480 1039 3526 autern
1050 3490 1105 3526 eum
1119 3475 1158 3524 eui
1174 3472 1422 3537 panomdeierendum
1431 3471 1519 3532 dabat,
1532 3470 1645 3520 iratribus
1657 3469 1737 3518 diuers

136 3561 216 3616 tinnit,
225 3561 266 3622 qui
273 3559 417 3608 domesticas
424 3559 600 3622 eopiasduoens
608 3557 747 3606 auxiliarius
756 3557 807 3605 erat
817 3554 915 3604 Milesio·
956 3555 1038 3617 jussit,
1048 3567 1078 3606 ue
1092 3553 1151 3617 quid
1161 3553 1315 3612 dubitarent,
1327 3553 1435 3601 tuturum
1448 3552 1476 3599 ut
1487 3563 1525 3599 res
1536 3549 1669 3598 aderitum
1681 3561 1735 3610 per·

137 3649 196 3684 nrm.
208 3640 231 3686 ts
239 3635 675 3698 itaquemultoejusdesitlerioeoptus,
683 3635 803 3682 oratorem
811 3631 875 3680 misit
884 3631 914 3680 nd
958 3631 1070 3693 dueatur,
1079 3631 1152 3680 modo
1161 3629 1205 3692 ipsi
1219 3629 1277 3678 nihil
1289 3627 1468 3678 cunctarentur.
1481 3627 1585 3676 Nuntius
1593 3639 1650 3687 ergo
1661 3637 1749 3686 quum.

136 3712 210 3760 illem.
222 3711 348 3762 nonenim
359 3711 450 3760 issent
459 3711 588 3774 supplicem
597 3710 701 3772 puellam
710 3709 911 3757 maximeintem·
958 3710 1081 3761 confestim
1100 3707 1125 3756 in
1141 3707 1263 3756 civitatem
1281 3705 1397 3767 venisset,
1412 3704 1518 3766 Polycles
1529 3703 1653 3764 Polycritae
1665 3703 1738 3750 lister

136 3787 175 3848 plo
184 3788 208 3835 si
216 3799 308 3849 eogere.
320 3787 363 3836 tila
372 3789 453 3835 autem
463 3787 601 3849 aliquandiu
613 3786 703 3848 tegetes
713 3785 913 3834 nonadmitteiut.
959 3786 1035 3834 inulta
1043 3783 1201 3834 sollieitudine
1211 3782 1354 3843 angebatur,
1367 3793 1457 3830 numne
1473 3779 1544 3828 tido-
1554 3781 1676 3840 prestaret
1687 3779 1736 3838 epl-

136 3861 915 3925 Quumreroplurimurniustaret,dixitsibipersuaderinoupusse,
958 3863 1025 3912 stoloe
1039 3873 1131 3911 nenne:
1149 3861 1294 3922 ῃοιίτειιιυω
1309 3869 1365 3906 vero
1376 3869 1453 3919 quum
1463 3867 1546 3904 omues
1556 3852 1737 3915 obsequendum

136 3941 179 3987 nisi
184 3942 324 4000 juramento
332 3940 440 4001 prestito
448 3940 591 3989 anemurum
600 3953 625 3988 se
633 3939 793 4000 polliceretur,
801 3937 916 4000 quiequid
958 3953 1009 3989 esse
1022 3940 1160 3999 censerent,
1172 3939 1196 3987 et
1209 3937 1307 3986 instaret
1318 3948 1382 3994 nox,
1395 3935 1419 3984 iu
1428 3946 1476 3996 qua
1487 3932 1545 3994 iussi
1559 3933 1627 3980 erant
1641 3932 1736 3989 venire,

137 4017 234 4064 tetidem
246 4017 387 4078 ipusrellet.
399 4016 527 4078 Diognetus
536 4019 618 4066 autem
634 4015 693 4065 niuil
704 4015 753 4064 tale
767 4015 915 4076 suspicatus,
958 4015 1078 4077 supplices
1089 4016 1159 4064 anteo
1177 4013 1223 4062 diis
1242 4011 1312 4073 iaeti,
1329 4009 1512 4080 suscipientibus
1529 4019 1571 4058 eos
1587 4007 1624 4056 his
1632 4019 1735 4067 quorum

137 4093 205 4140 ralile
215 4094 326 4154 prompte
335 4092 427 4153 iurarit
436 4105 478 4154 per
488 4093 588 4140 Disnsm
597 4105 623 4142 se
631 4091 789 4154 praebiturum
800 4091 914 4153 priminid
959 4093 1085 4154 preelectus
1092 4094 1144 4142 erat
1153 4091 1290 4152 Diognetus,
1297 4089 1392 4137 irruunt
1401 4089 1424 4136 in
1433 4086 1568 4149 prresidium
1577 4085 1736 4140 Milesiorum,

137 4171 348 4231 tandemeuperet.
358 4173 431 4220 Facto
440 4171 520 4232 itaquo
533 4170 685 4232 juramento,
695 4169 850 4232 apprehendit
861 4182 916 4218 eum
958 4171 997 4219 alii
1009 4183 1051 4232 per
1069 4171 1175 4232 apertam
1189 4171 1295 4230 portum,
1309 4166 1350 4215 elii
1365 4166 1565 4228 transgredientes
1581 4163 1680 4212 vellum.
1697 4163 1737 4212 sto

137 4258 208 4294 nunu
225 4245 358 4307 rollenus,
370 4259 399 4294 sc
409 4245 517 4295 meminit
528 4245 558 4294 de
568 4245 688 4308 prodenda
703 4246 811 4308 regione,
824 4245 914 4306 suppli·
958 4247 1087 4296 aceruatim
1096 4247 1160 4294 intro
1170 4244 1374 4307 propugnaculum
1382 4242 1520 4291 exsistentes
1531 4241 1633 4292 Milesios
1646 4239 1737 4288 oecide·

136 4321 195 4368 citer
214 4321 285 4383 plane
304 4325 414 4383 precatu,
432 4336 480 4384 quo
499 4321 572 4383 ipsius
589 4321 739 4371 misereretur
756 4323 781 4370 et
793 4321 915 4370 salemita-
959 4325 1024 4374 runt.
1044 4321 1079 4372 lbi
1101 4335 1142 4383 per
1157 4320 1313 4382 ignoruntium
1334 4319 1463 4381 Diognetus
1477 4331 1573 4380 quinque
1584 4316 1677 4366 occisus
1691 4318 1737 4364 est.

137 4401 188 4446 turn
202 4399 316 4448 ciuitatis.
328 4401 457 4460 Diognetus
473 4413 529 4449 uero
540 4400 623 4450 audito
636 4412 745 4449 sermone
756 4399 880 4461 obstupuit
889 4413 917 4448 so
960 4405 1033 4451 Porro
1044 4399 1152 4463 sequenti
1169 4398 1208 4448 die
1225 4411 1308 4448 omnes
1324 4397 1392 4448 Nouii
1404 4409 1489 4458 magno
1504 4395 1621 4446 desiderio
1634 4394 1737 4456 puellam

136 4475 203 4536 quasi
216 4479 288 4524 extra
303 4489 329 4524 se
340 4476 431 4537 positus
441 4476 499 4536 luit,
512 4477 666 4538 extractaque
679 4477 797 4524 machaera
813 4475 916 4538 puellam
959 4481 1068 4530 catulini
1082 4480 1198 4528 honorare
1214 4478 1350 4540 cupientes,
1365 4476 1405 4526 ulii
1423 4476 1502 4536 vittis,
1514 4475 1554 4524 alii
1568 4473 1668 4536 cingulis
1683 4485 1737 4522 seur

138 4555 262 4612 penetrare
273 4553 393 4613 parabat:
407 4565 491 4602 serum
501 4552 618 4602 aestimota
633 4551 698 4614 apud
710 4566 736 4601 se
745 4551 796 4614 ejus
813 4553 917 4614 benigni·
959 4555 1182 4616 circumdederunt,
1192 4555 1225 4603 ita
1236 4557 1263 4603 ut
1281 4554 1359 4615 puella
1371 4552 1474 4615 pondere
1483 4564 1567 4602 eorum
1578 4564 1633 4613 quan
1644 4549 1736 4610 injicie-

137 4631 198 4689 tate,
211 4641 288 4690 qurum
305 4628 377 4678 simul
391 4630 527 4678 vinceretur
536 4629 567 4677 ab
585 4641 667 4678 amore
683 4629 827 4690 (oportebat
839 4631 916 4690 enim,
960 4627 1611 4694 banturoppressasuilocsretur..Qusretpsompubtiee
1620 4628 1644 4676 iu
1653 4637 1738 4687 campo

138 4707 165 4753 ut
179 4706 322 4768 verisimile,
340 4706 429 4755 Nauius
446 4707 628 4767 aprusentibus
639 4707 708 4756 malis
720 4707 844 4770 liberari),
859 4711 917 4758 tune
959 4710 1115 4772 sepelierunt,
1127 4707 1351 4758 contenisoiuuibus
1360 4707 1382 4755 ei
1394 4707 1552 4768 parentantes.
1569 4705 1642 4754 siunt
1656 4706 1738 4751 nutem

138 4782 231 4842 quid0m
244 4782 304 4830 ninii
317 4782 453 4844 respondit,
470 4784 608 4833 consultans
616 4783 673 4845 quid
692 4783 827 4833 iaciendum
845 4787 915 4834 esset.
959 4785 1179 4848 aliquiDiognetum
1187 4778 1737 4840 mmbustumesseineodsinloeoeumpuella,

137 4859 248 4920 sequenti
258 4863 343 4910 alitem
352 4859 392 4909 die
400 4859 525 4922 despondit
534 4873 559 4910 so
567 4861 725 4922 proditurum.
737 4863 768 4910 Et
777 4875 851 4923 quum
863 4867 917 4924 post
959 4864 1073 4926 apparatu
1085 4863 1174 4912 seilicet
1186 4861 1324 4912 Nouiorum.

138 4935 241 4985 triduom
252 4935 353 4986 llilssiis
370 4937 444 4984 sestius
462 4937 559 4986 instaret
576 4938 626 4986 diss
638 4937 818 4999 Tlrargelioruru
832 4939 856 4987 iu
868 4953 916 5002 qim
1338 4978 1354 5026 2

138 5015 238 5064 mullum
250 5015 312 5064 meri
332 5015 471 5074 insumunt,
482 5029 510 5063 ae
523 5016 640 5065 maximos
656 5018 765 5078 sumptus
774 5016 877 5078 iaciunt,
888 5032 916 5066 eu
1357 5013 1363 5026 '

137 5101 191 5142 sane
201 5097 313 5156 tempore
325 5091 456 5152 sprursbet
469 5091 567 5153 prodere
579 5093 704 5155 regionem.
719 5093 916 5156 Etstalimopem
996 5099 1030 5144 De
1050 5099 1188 5148 Pancrato.
1204 5097 1290 5146 Narrat
1309 5094 1436 5144 Andriscus
1448 5093 1478 5142 de
1492 5092 1561 5141 rebus
1577 5089 1657 5138 Nautis
1676 5088 1736 5138 libro
