3908 5732
814 311 1060 374 FRAGMENTA.
1683 325 1733 376 611

141 444 272 526 βάρῦαρος
283 437 319 500 ών
335 440 365 500 τὸ
378 439 467 518 γένος,
481 440 526 499 καί
538 439 587 498 ὑπὸ
599 439 740 517 Ῥωμαίων
756 443 814 498 κατ’
829 440 916 517 θλίγου
963 440 1007 499 ἐπί
1026 444 1063 520 τῶ
1076 443 1209 521 ἐμπρῆσαι
1223 441 1255 499 τά
1273 439 1391 520 βασίλειοι
1408 443 1452 502 καί
1464 443 1510 513 τήν
1522 442 1606 502 πόλιν.
1618 444 1685 504 Ὅτε
1706 445 1738 515 δή

140 533 183 592 ἐπὶ
196 532 242 603 τήν
257 527 418 610 στρατηγίδα
427 527 575 605 προελθών,
591 525 682 606 ἀρχειν
692 529 831 604 διενοεῖτο,
846 525 918 592 ὅπως
964 528 1009 587 καί
1021 535 1038 600 ή
1050 535 1096 587 τοῦ
1109 531 1178 589 Θεοῦ
1189 532 1334 609 περιφανῶς
1345 531 1447 610 ἐδείχθη
1463 531 1570 611 πρόνοια
1584 534 1645 612 περί
1654 557 1681 590 τι
1690 533 1738 603 τήν

142 619 175 678 δν
189 618 234 678 καί
246 619 325 688 αὑτῆς
335 620 383 687 τῆς
398 615 531 693 βασιλείας
544 615 681 693 κρατήσοι.
696 613 750 674 Καί
767 623 818 672 πᾶν
832 611 879 691 μίν
889 610 919 670 τὺ
965 615 1107 692 Ῥωμαίων
1121 616 1205 694 ἀρχήν
1219 617 1263 675 καί
1277 615 1323 687 τήν
1338 617 1423 676 πόλιν.
1442 617 1604 696 Ἀπροόπτως
1620 619 1672 699 γάρ
1688 630 1740 688 τοῖς

141 707 245 768 Γότθων
259 703 330 770 έθνος
344 704 374 760 ἐκ
385 706 431 771 τῆς
442 705 535 761 ἐαυτοῦ
546 701 634 781 χώρας
646 700 849 783 μετεπέμψατο,
861 698 919 761 τοθτ
965 706 1113 762 ἐπελθοῦσιν
1134 704 1265 783 ἐφάνησαν
1287 703 1406 781 ἀγγελοι,
1426 708 1451 763 ἐν
1473 705 1590 784 σχήματι
1610 709 1739 785 ὑπλιτῶν,

141 795 171 852 δέ
189 795 262 872 αύτῷ
282 787 441 861 ἐπιτηδείους
460 793 512 848 τῶν
538 791 702 868 στρατιωτῶν
725 787 833 868 ἀριθμὸν
850 787 918 865 ἐχειν
966 789 1305 869 μέγαλαέχοντεςσώματα·
1318 791 1740 873 οὑςὑποτοπήσαντεςοίπολέμιοι

141 879 312 952 κατέστησεν·
334 875 503 957 Τριάιγίλδου
529 875 557 935 δέ
572 877 627 942 ίνθς
645 879 696 936 τῶν
715 874 919 954 ὑποστρατήγων
966 881 1050 950 ἀληθῆ
1061 877 1171 957 στρατὸν
1182 869 1248 936 εἶναι
1260 877 1341 937 πολὺν
1352 879 1397 936 καί
1412 884 1545 957 γενναῖον,
1559 882 1741 962 καταπλαγέν·

142 969 231 1046 αὐτῷ,
242 967 438 1046 χιλιαρχοῦντος
447 965 499 1021 τῶν
507 962 716 1044 ἐνιδρυμένωντῇ
725 961 832 1043 Φρυγίη
842 985 921 1041 στρα·
965 988 1006 1032 τες
1021 963 1205 1045 ὑπεχώρησαν.
1226 964 1275 1032 Ὦς
1286 964 1312 1024 δέ
1325 967 1530 1043 ἀπαγγελθέντος
1543 967 1633 1028 τούτου
1649 971 1740 1052 Γαῑνᾷ,

141 1056 256 1124 τιωτῶν,
275 1051 321 1112 καί
336 1050 428 1130 γνώμη
441 1052 519 1109 αὑτοῦ
538 1053 622 1110 Γαῖνά
636 1050 849 1131 νεωτερίσαντος,
875 1047 920 1108 καί
966 1053 1075 1112 ἄπιστον
1097 1051 1266 1131 κατεφαίνετο
1288 1053 1500 1134 (ἠπίστατογὰρ
1515 1053 1689 1135 μήπαρτῖναι
1711 1059 1741 1117 τίι

143 1139 177 1196 τά
198 1141 315 1217 Φρυγῶν
337 1135 398 1210 ἐθνη
419 1135 586 1195 παντάπασιν
606 1135 806 1214 ἀνατρέποντος,
831 1133 919 1206 ἐπειδὴ
965 1139 1030 1200 πολὺ
1043 1143 1095 1198 τῶν
1115 1139 1255 1216 Ῥωμαίων
1274 1139 1424 1212 ὁπλιτικὸν,
1438 1141 1506 1200 κατὰ
1524 1143 1575 1220 γάρ
1595 1141 1642 1210 τάς
1655 1145 1742 1213 πόλεις

143 1227 277 1306 Ἀρκέδῑῡτ
295 1223 376 1303 μηδὲ*
398 1223 578 1306 προίῑδέμτνῠτ
598 1223 642 1283 τέν
673 1227 696 1284 Γ
697 1223 770 1282 “MV
791 1223 920 1303 ἐπεμψεν,
966 1228 1079 1307 ἐνίδρυτο
1092 1228 1113 1302 ],
1128 1225 1228 1303 πέμπει
1240 1227 1284 1284 καί
1297 1219 1368 1295 αῦθις
1379 1227 1520 1307 ἐτέρουςτῇ
1533 1229 1645 1310 ἐχομένη
1656 1232 1740 1308 νυκτί,

143 1312 215 1381 εύθὺς
236 1314 392 1394 ἐπορεύετο,
407 1315 445 1392 τῷ
457 1311 504 1389 μίν
518 1311 588 1394 λόγιρ
600 1310 674 1376 Ικατθι
686 1315 711 1372 Τ
713 1309 869 1391 ριθιγίλδου,
883 1311 921 1389 τῷ
967 1312 1014 1372 καί
1034 1311 1100 1390 μετέι
1115 1317 1198 1370 ταῦτα
1209 1312 1344 1378 πολλάκις.
1360 1311 1409 1380 Ὧς
1428 1313 1456 1371 δέ
1470 1314 1514 1372 καί
1533 1317 1660 1397 διαφόρως
1674 1321 1741 1379 ἀπο-

144 1399 172 1459 δί
195 1403 263 1480 ἔργῳ
282 1403 441 1480 τυραννῆσαι
458 1397 620 1478 βουλόμενος.
639 1387 709 1476 Ἧγε
729 1397 757 1456 δέ
772 1397 830 1474 μετ’
842 1399 920 1455 αὐτοῦ
967 1400 1095 1458 στείλαντι
1110 1400 1142 1458 τὺι
1156 1397 1222 1457 αὖτά
1240 1398 1419 1477 ἀπηγγέλλετο
1437 1399 1497 1476 (ἀεί
1509 1401 1559 1482 γάρ
1570 1405 1622 1472 τοῖς
1635 1405 1742 1464 ἐπιὸω.

31 1555 33 1558 ,
145 1491 167 1548 Γ
168 1487 249 1546 ότθων
263 1510 291 1546 τε
305 1488 351 1546 καί
362 1485 456 1564 ἐτέρων
469 1484 610 1566 βαρόάρων
624 1485 671 1544 οὑκ
684 1484 772 1560 ὀλίγας
785 1482 920 1562 μυριάδας·
966 1485 1085 1544 λεύουσιν
1100 1489 1123 1544 οἱ
1140 1486 1245 1564 ἄγγελοι
1263 1485 1310 1558 τήν
1326 1487 1405 1557 αὑτήν
1423 1489 1548 1568 παρεῖχον
1562 1490 1742 1569 φαντασίαν),

144 1575 190 1634 καί
204 1572 362 1634 καταλαόών
372 1571 418 1643 τήν
428 1573 563 1652 Φρυγίαν,
578 1571 664 1632 πάντα
676 1570 823 1652 ἀνέτρεπεν.
836 1573 920 1637 Εὐθὺς
967 1575 1038 1638 τελος
1060 1571 1134 1640 αὐτὸς
1148 1569 1194 1630 σὺν
1212 1571 1306 1644 πλήθει
1328 1575 1417 1652 πολλῷ
1430 1574 1565 1652 παρελθών
1584 1586 1676 1658 πεῖραν
1691 1583 1743 1636 τῶν

144 1651 188 1718 οῦν
201 1665 226 1720 ἐν
234 1665 338 1740 ταραχῇ
350 1657 383 1720 τδι
395 1657 547 1735 Ῥωμαίων,
556 1661 585 1717 ού
595 1657 672 1736 μόνον
682 1656 725 1718 διά
736 1657 765 1716 τὸ
777 1655 871 1738 προσδν
884 1660 922 1737 τῷ
968 1658 1144 1720 ἀκουσθέντων
1160 1659 1298 1735 λαμόάνει·
1313 1661 1456 1730 ὑπονοήσας
1468 1661 1494 1720 δέ
1505 1665 1606 1734 άληθῶς
1615 1688 1743 1745 στρατιω-

144 1750 167 1808 Γ
168 1757 229 1830 αϊνᾷ
248 1749 357 1826 [πλῆθος
373 1745 539 1826 βαρόόριον],
555 1745 622 1804 ἀλλά
636 1744 677 1804 δτι
692 1745 737 1806 καί
751 1744 784 1803 τά
797 1749 842 1816 τῆς
857 1743 922 1825 ἐῴας
967 1751 1018 1805 τῶν
1043 1739 1109 1806 εἶναι
1122 1747 1231 1818 πλῆθος,
1254 1747 1418 1827 ὑποκρίνεται
1439 1750 1474 1814 ὡς
1494 1748 1537 1807 ἐπί
1558 1751 1601 1810 τὀν
1622 1752 1743 1832 μάρτυρα

144 1835 268 1915 ἐπίκαιρα
281 1835 348 1916 μέρη
359 1833 513 1892 κινδυνεύειν
523 1831 640 1911 ἐμελλεν.
968 1834 1091 1906 Ἰωάννην
1104 1833 1199 1892 ὁδεύειν
1208 1880 1216 1906 ,
1226 1832 1253 1900 ὃς
1264 1832 1285 1902 ζ’
1294 1834 1410 1911 σημείοις
1417 1839 1463 1905 τῆς
1474 1833 1572 1904 πόλεως
1580 1839 1743 1916 ἀφειστήκει,

187 1922 267 1982 Ἀλλά
280 1921 339 1981 τότε
353 1919 401 1999 μὲν
415 1925 429 1980 θ
444 1920 565 2000 βασιλεὺς
578 1919 793 2000 διαπεμψάμενος
804 1917 868 1998 πρδς
878 1918 922 1978 τὺν
968 1922 1123 2001 συνεξῄεσαν
1133 1919 1160 1979 δέ
1169 1923 1240 2001 αὐτῷ
1252 1921 1297 1980 καί
1306 1923 1330 1980 οί
1339 1921 1467 2002 βάρόαροι
1476 1969 1484 1998 ,
1494 1922 1603 1983 τάόπλα
1616 1926 1745 2006 λαθραίως

146 2009 294 2090 βάρῦαρον,
309 2008 394 2086 λόγοις
406 2007 483 2068 αὑτὸν
500 2007 546 2066 καί
563 2005 646 2086 ἔργοις
657 2004 807 2088 θεραπεύων
821 2004 923 2082 ἐτοιμος
968 2010 1122 2085 κομίζοντες.
1136 2008 1186 2074 Ὧς
1198 2009 1225 2067 δέ
1238 2011 1262 2067 οί
1276 2009 1380 2090 φρουροί
1394 2012 1445 2067 τῶν
1456 2013 1544 2070 πυλῶν
1556 2011 1709 2086 διεκώλυον,
1721 2016 1745 2073 οί

147 2097 254 2174 ἐγένετο·
269 2101 314 2156 τοῦ
333 2094 361 2154 δέ
376 2094 532 2164 ἐξαιτοῦντος
555 2094 608 2152 δύω
622 2098 673 2153 τῶν
689 2092 865 2174 προεστώτων
877 2095 923 2164 τῆς
970 2096 1097 2176 βάρόαροι
1108 2095 1141 2154 τά
1156 2095 1215 2176 ξίφη
1234 2097 1430 2175 γυμνώσαντες,
1453 2097 1511 2165 τοὺς
1527 2098 1570 2158 ἐπί
1583 2107 1639 2168 ταῖς
1652 2100 1746 2168 πύλαις

145 2183 292 2262 συγκλήτου
306 2183 397 2243 λαθεῖν
413 2183 464 2242 άπθ
478 2186 529 2240 τῶν
546 2180 652 2240 ὑπάτων
665 2183 781 2260 ἀνδρῶν,
797 2183 922 2260 Σατορνῖ·
969 2181 1163 2263 διεχειρίσαντο.

147 2272 191 2331 νόν
204 2295 233 2331 τε
246 2271 291 2331 καί
305 2268 483 2352 Δύρηλιανδν,
506 2269 595 2328 ἀκοντὶ
617 2267 736 2336 αὑτοὺςθ
754 2269 923 2349 βασιλεθςτῇ
1008 2269 1148 2330 Ἐντεῦθεν
1163 2269 1288 2347 πολέμιος
1309 2271 1450 2351 ἀπεδείχθη
1471 2272 1576 2342 Γαῑνάς·
1595 2273 1641 2332 καί
1661 2277 1685 2334 οί
1698 2274 1746 2352 μίν

148 2358 251 2438 ἀνάγκη
266 2365 311 2418 τοῦ
334 2363 425 2438 καιροῦ
443 2364 562 2435 παρεῖχε.
579 2356 633 2416 Καὶ
649 2359 673 2414 οί
693 2354 739 2433 μίν
761 2355 826 2436 ὑπίρ
852 2355 922 2436 [τοῦ]
968 2357 1029 2437 περί
1050 2356 1097 2429 τήν
1120 2358 1195 2416 πόλιν
1217 2358 1330 2425 ἅπαντες
1352 2358 1416 2439 πρὸς
1439 2358 1487 2429 τήν
1509 2361 1610 2440 τείχους
1628 2362 1746 2442 φυλακήν

147 2451 233 2506 κοινοῦ
243 2445 468 2526 προαποθνήσκειν
478 2442 808 2525 αίρούμενοι,γενναίωςτῇ
820 2449 863 2504 τοῦ
876 2447 923 2526 βα·
969 2443 1074 2506 διέθεον.
1091 2443 1126 2504 ‘0
1138 2444 1165 2503 δέ
1180 2443 1300 2524 βασιλεῦς
1317 2446 1416 2505 κελεύει
1434 2447 1492 2514 τοὺς
1509 2449 1706 2530 ὑπολειφθέντας
1720 2452 1746 2508 ἐν

149 2533 241 2600 σιλέως
250 2531 365 2592 κελεύσει
377 2531 523 2607 ὑπήκουον,
536 2531 582 2590 καί
593 2529 683 2611 πόρρω
696 2535 742 2602 τῆς
756 2529 924 2602 Χαλκηδόνος
969 2537 1001 2611 τῇ
1017 2533 1091 2591 πόλει
1111 2531 1259 2611 βαρῦάρους
1274 2535 1444 2614 ἀναιρεῖσθαι.
1461 2535 1644 2612 Συμόαλόντες
1663 2527 1707 2596 οῦν
1723 2540 1747 2597 οί

149 2623 175 2680 ἐν
195 2618 287 2701 χωρίῳ
305 2617 461 2699 ἱπποδρόμῳ
474 2617 609 2690 ὑπήντων,
624 2617 722 2693 ἐτοιμοι
740 2615 851 2694 πάσχειν
870 2623 923 2674 πᾶν
969 2623 1187 2699 στρατιῶταιτοῖς
1199 2618 1332 2696 πολεμίοις
1339 2621 1399 2701 περ]
1408 2621 1455 2693 τήν
1465 2622 1606 2694 ἐκκλησίαν
1617 2627 1669 2683 τῶν
1681 2627 1703 2684 Γ
1704 2625 1747 2683 ότ-

149 2707 201 2768 ότι
213 2711 226 2765 ὑ
240 2705 371 2787 βάρθαρος
381 2705 481 2776 ήθελεν.
495 2704 573 2764 Ι’ἀλλ’
586 2697 656 2764 οὑτοι
670 2703 716 2780 μέν
741 2703 813 2763 οῦδὲν
827 2707 924 2784 φαῦλον
969 2713 1019 2768 θεον
1046 2707 1172 2788 (ἐνταῦθα
1194 2704 1244 2785 γάρ
1266 2709 1289 2766 οί
1312 2709 1515 2789 περιλειφθέντες
1540 2709 1747 2789 ἠθροίσθησαν),

150 2793 306 2872 ὑπέμειναν,
326 2797 339 2851 ὑ
358 2791 386 2850 δέ
401 2795 486 2871 παρῆν
498 2792 541 2850 ἐπὶ
558 2789 607 2863 τήν
620 2790 787 2860 Χαλκηδόνα.
809 2789 924 2861 ’ἀπήντα
970 2791 1157 2872 διαφθείρουσιν
1180 2791 1316 2870 ἅπαντας,
1330 2795 1520 2873 ἐμπιπρῶσιδέ
1536 2797 1581 2854 καί
1602 2797 1682 2868 αὑτήν
1699 2796 1747 2870 τήν

150 2883 179 2942 δέ
192 2885 276 2941 ἐκεῖσε
288 2881 333 2940 καί
348 2883 363 2937 ὑ
378 2876 499 2958 βασιλεῦς
511 2877 651 2958 Ἄρκάδιος.
665 2877 803 2954 Γενόμενοι
815 2874 843 2935 δέ
861 2876 924 2956 πρδς
970 2878 1121 2951 ἐκκλησίαν.
1137 2881 1233 2945 Ιάϊνάς
1251 2877 1279 2938 δέ
1298 2881 1394 2958 μαθὼν
1401 2884 1545 2962 ἀνῃρῆσθαι
1556 2881 1615 2950 τούς
1630 2882 1666 2961 μή
1681 2885 1748 2964 φθά·

150 2972 189 3049 τῷ
212 2967 275 3048 οίκιρ
298 2971 344 3037 τῆς
358 2967 488 3046 μάρτυρος
509 2965 662 3045 Εὐφημίας,
679 2957 764 3045 ὅρκοις
777 2967 925 3024 ἐπιστοῦντο
971 2989 1066 3033 σαντας
1079 2968 1131 3024 τῶν
1144 2967 1248 3038 πυλῶν,
1263 2965 1338 3044 γνούς
1357 2969 1385 3026 δὲ
1400 2970 1471 3049 αὐτῷ
1490 2969 1585 3046 μηκέτι
1599 2975 1745 3050 προχωρεῖν

151 3057 293 3126 ἀλλήλους.
315 3053 370 3114 Καί
384 3057 399 3111 ὑ
413 3053 460 3129 μὲν
474 3051 595 3131 βασιλεὺς
609 3051 758 3131 ἐφύλαττεν·
781 3053 803 3112 Γ
804 3049 876 3118 αἵνάς
898 3049 925 3110 δέ
970 3053 1017 3121 τάς
1028 3051 1200 3130 ἀπαντήσεις,
1211 3051 1276 3134 ἄρας
1287 3052 1340 3112 ἀπὸ
1351 3059 1395 3114 τοῦ
1408 3054 1567 3136 μαρτυρίου,
1579 3057 1690 3128 ήλαυνιν
1703 3057 1747 3116 ἐπί

151 3143 340 3223 παρεσπόνδει,
360 3139 406 3199 καί
427 3145 472 3199 τοῦ
485 3138 579 3199 οἰκείου
599 3143 697 3198 σκοποῦ
720 3139 767 3197 ούκ
788 3137 924 3206 ἐξέόαινεν·
970 3139 1004 3198 τά
1015 3136 1119 3220 Θρᾴκια
1137 3137 1214 3218 μέρη·
1229 3139 1274 3197 καί
1286 3139 1444 3200 καταλαόιὺν
1457 3141 1504 3213 τήν
1523 3144 1703 3223 Χερρόνησον,
1723 3145 1748 3213 ἐξ

152 3229 211 3289 ἀλλ’
223 3227 380 3309 ἐμπρησμόν
400 3250 429 3285 τε
441 3225 486 3286 καί
506 3224 708 3305 λαφυραγωγίας
725 3226 835 3291 ἐμελέτα
849 3225 925 3298 ποιή-
972 3229 1051 3298 αὑτῆς
1068 3227 1281 3305 διαπτραιοῦσθαι
1292 3226 1338 3285 καί
1348 3228 1561 3305 καταλαμόάνειν
1572 3229 1620 3301 τήν
1632 3231 1748 3312 Λάμψα-

151 3323 248 3376 σασθαι
257 3315 325 3375 κατά
335 3319 382 3386 τῆς
394 3313 591 3374 Κωνσταντίνον
598 3313 697 3379 πόλεως
706 3311 752 3371 καί
761 3311 830 3371 κατά
842 3312 927 3385 πόσης
972 3337 1016 3374 κον
1029 3313 1166 3385 ἔσπευδεν,
1177 3311 1247 3381 ὅπως
1258 3312 1291 3373 ἀν
1301 3318 1353 3372 τῶν
1368 3312 1438 3394 έῴων
1449 3321 1579 3396 κρατήσαι
1593 3318 1745 3391 δυνήσηται,

151 3407 197 3474 τῆς
223 3401 362 3478 Ῥωμαίων
388 3403 481 3480 ἀρχῆς.
508 3399 702 3479 Βεόαρῦάρωτο
719 3405 780 3476 γοῦν
806 3403 824 3470 ή
851 3401 926 3468 πόλις
1013 3399 1059 3467 Ὧς
1071 3398 1099 3460 δέ
1117 3404 1131 3458 ὑ
1146 3397 1267 3479 βασιλεὺς
1281 3399 1344 3480 ἐφθη
1356 3400 1466 3478 δύναμιν
1487 3404 1643 3474 ἀποστείλας
1662 3405 1704 3464 διά
1721 3429 1749 3465 τε

82 3557 87 3568 ¹
152 3490 204 3550 ὑπὸ
219 3494 263 3548 τοῦ
274 3490 373 3548 πολλοῦ
386 3487 514 3562 πλήθους,
529 3487 574 3546 καί
587 3485 681 3555 πάντες
694 3489 718 3545 ot
732 3487 791 3544 κατ’
806 3485 886 3559 αὑτήν
901 3489 926 3546 ἐν
974 3490 1022 3565 γῆς
1034 3487 1080 3548 καί
1094 3487 1239 3561 θαλάσσης,
1260 3490 1370 3546 ἐνταῦθα
1384 3487 1463 3548 πάλιν
1475 3495 1521 3563 τῆς
1533 3496 1579 3550 τοῦ
1597 3495 1666 3552 Θεοῦ
1685 3515 1749 3573 προ·

153 3576 329 3657 αἰχμαλώτων
352 3574 430 3656 μοίρρ
446 3572 572 3651 ἐγίνοντο.
588 3577 614 3635 Τ
615 3579 719 3640 οσοῦτος
736 3568 788 3656 [δέ]
797 3563 829 3645 ἦν
843 3578 857 3633 ὑ
869 3577 925 3633 ἐπι·
973 3575 1042 3642 νοίας
1058 3575 1186 3636 ἐδείκνυτο
1198 3575 1330 3651 θαύματα.
1343 3574 1390 3643 Ὡς
1403 3575 1453 3657 γάρ
1468 3582 1491 3636 οἱ
1505 3577 1631 3658 βάρῦαροι
1645 3580 1750 3659 σχεδίας

152 3663 354 3744 κρεμασθείςτῇ
375 3665 448 3722 πόλει
469 3661 597 3739 κίνδυνος,
610 3664 645 3730 ὡς
659 3662 704 3719 καί
718 3659 836 3738 κομήτην
852 3659 924 3739 μέγι-
974 3660 1154 3739 συμπήξαντις
1172 3663 1353 3741 ἐπεραιοῦντο,
1370 3661 1400 3722 αί
1417 3686 1444 3722 τε
1464 3668 1515 3722 τῶν
1528 3663 1670 3743 Ῥωμαίων
1691 3671 1750 3737 νῆες

153 3774 213 3812 στον
226 3757 271 3808 τοῦ
283 3753 389 3830 ούρανοῦ
400 3753 524 3830 φανῆναι.
974 3752 1115 3827 παρῆσαν,
1131 3751 1154 3808 οί
1169 3747 1216 3825 μὲν
1236 3751 1394 3827 στρατιῶται
1407 3750 1500 3830 ῥαδίως
1518 3759 1575 3819 ταῖς
1592 3751 1684 3812 ὑλκάσι
1699 3753 1750 3812 διέ-

193 3837 228 3897 ‘0
243 3835 330 3914 μέντοι
346 3839 368 3896 Γ
369 3837 443 3903 αῖνάς
464 3839 567 3913 πρῶτον
590 3832 637 3910 μέν
658 3834 780 3913 ἐπειράθη
807 3831 929 3914 ἁρπαγήν
976 3836 1073 3910 πλεον,
1086 3837 1110 3892 οἱ
1130 3833 1156 3894 δέ
1174 3833 1303 3914 βάρῦαροι
1315 3837 1342 3892 ἐν
1355 3844 1411 3901 ταῖς
1421 3836 1536 3914 σχεδίαις
1548 3838 1687 3898 διώλλυντο
1701 3840 1751 3900 ὑπδ

153 3927 207 3983 τῶν
217 3922 392 4003 ἐργαστηρίων
401 3922 569 3994 ποιήσασθαι·
578 3927 613 3988 ὡς
626 3920 665 3998 δέ,
677 3926 722 3991 τῆς
732 3921 820 4002 φήμης
828 3943 930 3999 προμη·
977 3926 1022 3980 τοῦ
1036 3920 1162 3988 κλύδωνος
1177 3921 1384 4000 ἐκριπτούμενοι.
1405 3922 1504 3982 Πολλοί
1526 3923 1553 3982 δί
1576 3924 1620 3983 καί
1636 3925 1686 3984 ὑπδ
1699 3931 1750 3986 τῶν

153 4013 268 4084 νυσάσης
279 4011 325 4080 τήν
336 4011 442 4088 ἐφοδον,
454 4008 612 4122 ἐφυλάξαντο
623 4012 754 4087 προθεῖναι
765 4010 792 4066 ἐν
802 4017 860 4076 ταῖς
868 4030 930 4088 τρε·
976 4006 1117 4084 Ῥωμαίων
1138 4007 1290 4088 ἐφθείροντο·
1304 4008 1348 4066 καί
1368 4009 1398 4066 τὸ
1411 4009 1531 4068 πλεῖστον
1550 4014 1600 4069 τῶν
1621 4012 1752 4088 πολεμίων

154 4098 245 4168 πάξαις
256 4097 299 4156 τθν
313 4098 439 4178 ἀργυρον,
457 4101 528 4163 αυθις
538 4096 580 4154 ἐπί
598 4095 688 4174 έτέραν
699 4094 792 4175 ἐχώρει
812 4094 929 4174 γνώμην.
977 4093 1107 4155 ἀπώλετο.
1122 4095 1219 4161 Γαῑνδις
1230 4093 1257 4152 δέ
1273 4093 1412 4162 ἀναζεύξας
1435 4095 1477 4154 διά
1497 4101 1543 4170 τῆς
1560 4098 1686 4180 Θράκης,
1707 4101 1753 4162 καί

154 4173 260 4252 Νυκτός
270 4177 520 4263 γάρέπιμεσούσης,
536 4180 665 4260 ἐκπέμπει
680 4183 777 4254 πλῆθος
792 4179 931 4262 βαρθάρων
977 4185 1045 4262 φυγῇ
1056 4182 1220 4261 χρησάμενος
1237 4182 1387 4262 περιπίπτει
1411 4181 1550 4265 Ῥωμαϊκῇ
1570 4185 1693 4262 δυνάμει,
1708 4187 1754 4246 καί

154 4351 259 4400 κινδύνου
268 4348 403 4412 παραδόξοις
413 4343 529 4413 βοηθείαις
539 4347 657 4411 ἐρρύσατο.
671 4346 704 4396 Τί
721 4347 746 4395 δέ
758 4347 822 4396 ἐστιν
831 4350 900 4395 τοῦτο
917 4347 1018 4395 λεκτέον.
1034 4349 1117 4402 Γαῖνάς
1130 4346 1242 4410 βάράαρος
1256 4347 1299 4409 μὲν
1310 4349 1343 4396 ὧν
1359 4345 1395 4397 σθ’
1400 4349 1465 4409 γένος
1481 4351 1533 4400 κτλ.
1551 4376 1583 4387 -
1595 4355 1653 4400 τῶν
1664 4367 1751 4415 στρα·

155 4423 268 4471 τιωτῶν
281 4418 403 4481 ἀριθμὸν
421 4417 500 4481 ἐχειν
518 4413 702 4479 κατέστησε]
714 4419 774 4466 -Ηοο
788 4417 841 4465 ferri
855 4427 924 4478 ροεεο
943 4417 1011 4476 ρυῑο.
1026 4417 1180 4477 Quamquam
1197 4414 1270 4464 rideri
1288 4416 1361 4476 possit
1375 4415 1500 4479 legendum
1519 4431 1570 4468 εεεο
1592 4433 1598 4468 :
1616 4425 1663 4470 τῶν
1680 4435 1753 4482 στρα·

154 4494 269 4540 τιωτιιιῶν
287 4489 388 4552 ἀριθμῶν
404 4489 563 4554 [στρατηγούς
582 4487 620 4537 vel
635 4487 676 4544 τάς
695 4483 784 4550 ἀρχὰς]
797 4486 857 4549 ἐχειν
868 4503 907 4544 κ.,
923 4484 1011 4534 conato
1023 4485 1123 4534 Socrate
1138 4499 1146 4532 ι
1159 4484 1218 4540 Τοὺς
1232 4485 1257 4533 δέ
1271 4486 1335 4547 αὐτῷ
1354 4486 1497 4544 ἐπιτηδείους
1514 4493 1561 4536 τῶν
1577 4495 1753 4550 στρατιωτικῶν

155 4561 259 4622 ἀριθμῶν
272 4557 367 4613 τούτους
378 4557 434 4618 (τὰς
446 4558 518 4622 ἀρχὰς
529 4556 592 4617 conj.
610 4556 704 4616 valer.)
718 4557 779 4618 ἔχειν
792 4555 976 4616 παρεσκεύασεν.
991 4554 1038 4604 sed
1057 4553 1160 4603 Socratis
1171 4555 1245 4603 νειθυ
1258 4568 1271 4604 ε
1286 4558 1372 4604 Nostro
1384 4557 1463 4618 ροθυε
1476 4559 1633 4608 correxerim.
1651 4583 1682 4594 ·-
1696 4564 1753 4606 τῶν

154 4625 386 4691 ὑποστρατήγων
397 4627 491 4690 αὑτῷ]
503 4631 550 4675 τῶν
559 4627 630 4674 αὑτοῦ
640 4631 757 4687 συγγενῶν
767 4625 875 4684 Sacram
886 4626 950 4687 αὑτῷ
966 4626 1025 4686 γε’νει
1041 4624 1166 4686 προσήκων
1182 4630 1276 4674 sozom.
1293 4625 1426 4675 -αθτεῡ
1438 4627 1550 4690 Γαινᾰ]
1560 4644 1585 4675 α.
1598 4626 1681 4688 γαινὰν
1696 4629 1751 4678 md.

155 4723 188 4734 -
198 4699 247 4747 διὰ
259 4698 291 4746 τὸ
301 4695 488 4760 προσθνκτλ]
499 4697 536 4746 διά
546 4697 573 4745 τὺ
583 4695 638 4758 πρὸς
648 4695 676 4744 τὸ
685 4699 801 4756 γενναῖον,
811 4692 861 4742 ἀλλ’
874 4694 909 4743 ὅτι
919 4695 968 4744 κτλ.
979 4693 1064 4743 codex.
1077 4695 1176 4744 cortex!
1186 4708 1200 4743 ε
1211 4697 1318 4744 Socrate.
1327 4721 1359 4732 —
1370 4695 1563 4760 ἱπποδρόμῳ]
1574 4699 1666 4746 socrat.
1675 4712 1682 4756 ς
1692 4698 1753 4746 ὑπο-

155 4767 235 4830 δρόμο)
246 4765 301 4815 oud.
310 4767 485 4828 -ἀρπαγήν
496 4771 551 4814 τῶν
561 4765 765 4826 ἐργαστηρίων
775 4779 802 4811 π.
811 4761 821 4825 ]
830 4765 948 4812 socrates.
959 4777 965 4810 ι
978 4769 1069 4826 πρῶτον
1080 4765 1121 4826 μίν
1132 4763 1240 4827 ἐπειράθη
1252 4763 1348 4822 ἀνσίδην
1357 4765 1485 4829 διαρπαγήν
1496 4771 1537 4814 τοῦ
1556 4765 1659 4835 δημοσίᾳ
1669 4767 1692 4814 ἐν
1703 4774 1752 4824 τοῖς

156 4835 314 4898 ἐργαστηρίοις
321 4837 473 4898 πωλουμένου
481 4834 589 4898 ἀργυρίου
601 4836 751 4893 ποιήσασθαι,
764 4835 837 4888 -ὡς
851 4832 880 4881 δὲ
892 4837 942 4892 τῆς
953 4831 1065 4894 φήμης]
1078 4845 1106 4880 ex
1119 4835 1210 4884 socrat.
1218 4851 1226 4894 ;
1235 4839 1276 4892 τῆς
1287 4835 1312 4883 δέ
1321 4835 1397 4898 φήμης
1408 4835 1461 4884 cod·
1473 4837 1531 4884 Exc.
1540 4861 1572 4872 -
1580 4835 1684 4891 νυκτὸς
1695 4837 1750 4900 γὰρ

156 4903 429 4968 ἐπεμεσούσηςᾙερ.
440 4905 489 4955 vid.
501 4917 523 4953 v.
542 4905 654 4966 ἐπιμέσον
663 4904 742 4960 σύσης.
754 4905 846 4952 socrat.
858 4917 863 4950 :
874 4905 913 4951 καὶ
927 4905 1007 4958 ννκτδς
1018 4903 1059 4966 μὲν
1069 4903 1148 4960 οὔσης.
1161 4903 1306 4967 -πέμπει
1319 4907 1369 4953 καὶ
1381 4903 1481 4968 αὗθις]
1495 4904 1639 4966 sonatur.
1649 4921 1675 4953 τε
1688 4905 1752 4965 αὑθις

156 4974 212 5026 eorl.
223 5001 253 5010 -
264 4976 431 5034 ὑπονοήσας
444 4975 473 5025 θλ
484 4971 611 5036 ἀληθῶς]
623 4976 730 5035 δώσεις
742 4973 910 5040 ὑπονοήσαντες
920 4973 1008 5031 ἀληθῶς
1020 4972 1105 5022 codex.
1117 4975 1144 5020 Ιιι
1152 4985 1218 5034 seqq.
1230 4973 1333 5023 socratis
1349 4973 1509 5024 narrationem
1520 4975 1607 5023 ructor
1620 4973 1748 5026 οοιιιτιιιιίί.

156 5071 188 5084 -
197 5045 243 5095 ἐπὶ
254 5042 407 5108 Ἰωάννην]
418 5057 452 5095 sc.
464 5041 495 5092 ad
508 5045 632 5094 oecresirm
642 5042 741 5094 λοειιιιὶε
752 5034 861 5104 οροείιέῑ·
876 5069 906 5083 -
920 5045 1016 5104 μαθὼν
1029 5041 1212 5106 ἀνῃρῆσθαι]
1222 5055 1250 5092 er
1261 5045 1367 5103 socrat.;
1386 5061 1411 5106 μ.
1428 5044 1569 5107 ἀναιρεῖσθαι
1581 5043 1635 5095 cod.
