3890 5726
792 399 1075 462 inadunatum.
1678 413 1733 464 275

171 555 192 594 ι.
216 532 504 614 Στρατυπεδευομένων
518 531 544 590 δὲ
563 533 647 590 αὐτῶν
666 533 711 601 τῆς
729 529 829 598 πολεως
838 533 909 602 πλη·
955 555 1003 591 σαν
1018 531 1078 611 πυρί
1096 529 1271 611 παραδόντες,
1284 533 1318 597 ὡς
1336 530 1449 610 τάχιστα
1462 533 1487 598 ἐς
1502 531 1544 602 rip
1560 531 1654 591 οἰκείαν
1671 536 1734 591 ἐπα-

130 625 198 700 σίον,
215 619 338 701 βασιλεῦς
353 619 480 700 Χοσρύης
500 618 565 700 αίρας
584 622 613 678 ἐκ
627 617 783 685 Βαύυλῶνος
806 618 863 694 ἅμα
875 621 912 698 τῷ
955 618 1023 678 νίασι
1038 623 1097 696 γῆν.
1111 615 1218 678 Τούτων
1231 615 1334 677 δίοίίτω
1345 617 1523 698 πραχθέντων,
1534 619 1654 698 βασιλεὺς
1666 621 1736 681 Ἰου-

130 713 183 768 τῶν
197 709 297 781 Μήδων
315 711 431 789 στρατῷ,
446 707 492 765 καλ
504 703 596 784 Τίγριν
616 705 734 782 ποταμὸν
751 703 853 777 διαύδς,
865 703 912 775 τήν
956 711 1040 774 στῒνας
1054 705 1173 766 Ἀκάκιον
1195 705 1333 787 ἐκπέμψας
1354 705 1511 788 (Ἀρχελάου
1526 706 1554 765 δὲ
1566 713 1655 765 τοῦτον
1668 707 1736 769 Ῥω·

131 821 161 856 τε
173 796 278 878 πορείαν
292 795 336 855 διδ
351 795 505 876 τῆςέρήμου
519 799 567 871 γῆς
581 791 745 870 ποιούμενος,
754 795 790 860 ὡς
802 793 912 870 μηδαμῆ
957 793 1029 872 μαῖαι
1044 793 1244 874 προσονομάζειν
1262 793 1400 873 εἰώθεσαν)
1417 793 1570 874 Μαρκιανδν
1581 794 1619 853 έτι
1633 795 1736 856 litorio

131 884 276 961 Ῥωμαίοις
290 881 419 948 ἔκπυστος
442 885 458 952 ἡ
480 885 525 939 τοῦ
541 881 669 960 βασιλέως
680 878 779 958 γένοιτο
794 877 911 951 κίνησις,
957 883 1143 963 πολιορκοῦντα
1161 881 1292 962 παρέλυσε
1311 887 1357 952 τῆς
1369 885 1462 962 ἀρχῆς,
1476 881 1644 952 ὑποτοπήσας
1660 883 1737 942 αὐτὸν

132 973 225 1044 ἐπειδὴ
247 971 359 1044 πλησίον
374 969 513 1050 Ἀμύαρὼν
529 970 659 1048 Περσικοῦ
675 967 778 1044 γέγονεν
792 965 914 1046 φρουρίου
958 972 1130 1041 ἐθελοκακεῖν,
1142 971 1166 1035 ἐς
1178 969 1225 1039 τήν
1238 973 1284 1039 τῆς
1304 969 1402 1036 πόλεως
1421 967 1536 1048 κατοχήν
1551 970 1651 1036 οὐδενὸς
1662 995 1737 1049 pepo.

133 1059 306 1142 (ἀφειστήκει
321 1057 437 1117 δὲταῦτα
457 1058 556 1124 πολιως
575 1055 718 1134 Κιρκησίου
738 1053 795 1114 ὁδὸν
809 1055 915 1132 ήμερῶν
957 1056 1038 1124 νότος.

132 1149 213 1207 πέντε
225 1151 244 1227 ),
253 1147 297 1206 τδν
310 1145 358 1223 μὲν
370 1143 564 1225 Ἀδααρμάνην,
579 1141 646 1202 aliem
660 1141 819 1218 καλούμενον
834 1163 914 1220 οτρα·
999 1168 1021 1206 s.
1037 1148 1098 1205 Τῶν
1111 1145 1138 1203 δὲ
1149 1143 1291 1218 Ῥωμαίων
1298 1144 1575 1224 ὑπαναχωρησάντων,
1585 1143 1609 1211 ἔς
1617 1169 1645 1204 τε
1656 1145 1738 1226 φρού-

132 1234 225 1314 τηγδν,
239 1233 335 1294 αύτύσε
345 1257 398 1292 που
421 1231 465 1291 τὸν
483 1230 623 1312 Εὐφράτην
637 1228 831 1308 περαιωθέντα,
847 1226 915 1285 κατέ
961 1257 1013 1313 ριαν
1028 1235 1054 1290 έν
1077 1231 1131 1311 ὄρει
1152 1232 1268 1308 κείμενον
1295 1231 1468 1310 ἀφικομένων,
1492 1231 1601 1312 λίάρδης
1623 1233 1673 1291 ὑπὸ
1687 1238 1738 1292 τῶν

132 1324 216 1402 τάχος
227 1322 376 1400 ἐκπέμπει,
393 1319 459 1400 [τήν
476 1317 617 1394 Ῥωμαίων
636 1321 728 1394 suppl.
742 1317 828 1394 Has.]
847 1316 914 1393 δῃώ·
960 1319 1127 1378 ἐνοικούντων
1147 1315 1344 1394 ὀνομαζόμενον,
1361 1317 1482 1396 βασιλεῦς
1505 1318 1625 1398 Χοσρύης
1647 1319 1739 1388 ἐξαπί-

133 1433 214 1470 σοντα
229 1414 289 1488 γῆν,
300 1408 421 1489 χιλιάδας
438 1405 465 1476 ἓξ
478 1409 548 1485 αὐτῷ
561 1404 761 1484 παρασχόμενος
770 1403 872 1474 Μήδων
889 1425 917 1464 τε
961 1432 1063 1480 νης....,
1080 1405 1229 1486 πολιορκίαν
1250 1405 1402 1476 καθίστησιν
1424 1405 1564 1468 taurim...
1584 1407 1630 1466 καί
1650 1407 1741 1480 τὸτῆς

132 1498 180 1556 καὶ
202 1499 255 1555 τῶν
270 1495 390 1572 νομάδων
413 1493 567 1575 βαρύάρων·
590 1491 665 1556 αὐτὸς
688 1489 715 1548 δὲ
734 1490 778 1550 τδν
793 1489 917 1570 ’λύύρραν
961 1495 1060 1568 πόλεως
1069 1495 1139 1574 ύδωρ
1151 1515 1231 1570 με...
1246 1515 1307 1572 φους
1319 1516 1346 1550 τε
1359 1493 1488 1570 μεγάλους
1508 1494 1740 1573 παραικοδομήσας

133 1581 327 1666 [παραμείδων
340 1582 468 1658 ποταμὸν,
484 1577 687 1660 ἀπροσδοκήτως
700 1579 838 1648 ἐπιστῆναι
852 1598 917 1654 nugo
961 1587 999 1662 τῷ
1014 1581 1095 1660 τείχει
1109 1581 1155 1639 καλ
1166 1584 1218 1646 τοῖς
1230 1579 1350 1655 ἐμύύλοις
1361 1580 1526 1661 χρησάμενος
1539 1581 1740 1660 μηχανήμασιν,

133 1673 251 1750 suppl]
263 1668 369 1740 το1ςῒδ1
383 1667 488 1729 lilerio
505 1669 672 1744 101100101101
686 1665 829 1742 Ῥωμᾱίῠῑς
843 1662 918 1736 ἧπίί·
963 1671 1051 1739 ἐπειδή
1073 1667 1154 1745 μηδὲν
1169 1667 1260 1734 ἔξωθεν
1278 1669 1302 1732 ἐς
1323 1667 1472 1747 ἐπικουρίαν
1496 1667 1584 1746 γέγονε
1600 1673 1651 1727 τῶν
1673 1671 1742 1728 ἐνοι-

134 1783 207 1837 γετο.
224 1758 260 1819 Ὁ
280 1757 327 1833 μέν
343 1747 576 1834 οδνἏδααρμιὶνης
590 1753 733 1834 Κιρκησίου
746 1752 843 1818 πόλεως
851 1754 919 1823 πλη·
963 1757 1087 1833 καύντων,
1104 1759 1173 1834 αἱρεῖ
1186 1754 1233 1826 τήν
1249 1753 1334 1826 πόλιν,
1351 1755 1396 1836 βία
1410 1758 1461 1812 τῶν
1481 1755 1580 1826 Μήδιον
1595 1756 1741 1816 ἐπιθάντων

135 1847 191 1906 σίον
212 1845 257 1903 τδν
279 1844 420 1924 Εὐφράτην
443 1842 535 1908 διαύδις
554 1841 587 1900 τὰ
606 1839 747 1918 Ῥωμαίων
764 1837 920 1918 προενόμευε
962 1849 1007 1903 τοῦ
1022 1845 1131 1923 τείχους.
1153 1843 1247 1902 nardi
1258 1865 1285 1900 τε
1302 1841 1383 1914 αὐτὴν
1396 1843 1565 1919 ίηισάμενος,
1584 1845 1629 1902 καί
1641 1847 1700 1913 τούς
1713 1869 1742 1904 τε

135 1932 298 2014 πράγματα,
312 1930 455 1997 κωλύοντος
468 1927 578 1994 υύδενύς.
600 1926 670 1988 Ὑπὸ
687 1925 737 2007 γδρ
757 1931 803 1996 τῆς
820 1929 920 2007 προλα-
964 1931 1056 1998 ἄλλους
1079 1929 1278 2010 ἀνδραποδίσας,
1292 1931 1329 1988 ἔτι
1347 1930 1375 1988 δὲ
1396 1930 1441 1988 καλ
1454 1931 1578 2002 Ἰωάννην
1597 1933 1641 1990 τὸν
1659 1936 1742 2010 Τιμα-

135 2019 350 2100 sescentesimo
364 2017 409 2076 mi
422 2019 547 2096 ἡσυχίας,
558 2008 588 2088 ἧς
599 2013 746 2082 1110111ς1π1
759 2014 921 2086 τῆςῚονντῑ·
964 2020 1074 2098 στράτου
1099 2019 1197 2094 παῖδα,
1217 2018 1326 2094 δυνάμει
1345 2041 1373 2076 τε
1394 2017 1440 2076 καλ
1458 2017 1563 2086 ἀξιώσει
1577 2017 1741 2099 προύχοντα,

135 2113 226 2167 νισναῦ
245 2103 379 2186 βασιλείας
390 2102 612 2180 ἀπολελαύκασιν,
629 2101 763 2170 ἐξελέλυτο
776 2099 822 2178 μέν
835 2101 922 2168 αὐτοῖς
964 2107 1009 2166 καὶ
1021 2107 1068 2178 τὴν
1082 2110 1129 2178 τῆς
1142 2105 1241 2172 πόλεως
1256 2104 1340 2184 εἰρχήν
1364 2105 1409 2164 καλ
1425 2105 1550 2177 διοίκησιν
1568 2108 1741 2184 άναδεδιγμί.

135 2199 154 2265 ἡ
171 2198 224 2252 τῶν
247 2195 397 2267 πολεμικῶν
417 2188 587 2270 παρασκευή,
603 2189 632 2248 τδ
656 2189 684 2248 δὲ
698 2191 814 2268 ἀνδρεῖον
829 2187 921 2254 τελέιυς
964 2208 1016 2258 νον,
1027 2186 1138 2265 φρουράν
1151 2207 1179 2243 τε
1192 2181 1239 2254 τήν
1254 2185 1414 2264 άποχρῶσαν
1424 2185 1586 2258 καταλιπὼν,
1602 2187 1743 2267 ἀπεχώρη-

136 2283 287 2362 διέφθαρτο.
302 2277 424 2352 Μηδενδς
437 2271 480 2338 osis
495 2281 521 2346 ἐς
531 2279 621 2357 χεῖρας
632 2276 697 2336 ίίναι
710 2277 763 2342 τοῖς
781 2274 922 2356 βαρύάροις
964 2296 1007 2331 σεν
1022 2275 1062 2331 ἐπ’
1078 2271 1164 2344 οίκου,
1184 2270 1326 2348 Ῥωμαίων
1348 2271 1386 2330 ἔτι
1409 2274 1434 2338 ἐς
1447 2271 1477 2330 τδ
1491 2271 1600 2352 Μάρδης
1623 2275 1742 2354 φρούριον

135 2369 331 2449 θαρρήσαντας,
355 2366 537 2446 Ἀδααρμάνης
565 2365 679 2444 ἄγχιστα
703 2365 803 2430 πέλταις
825 2363 920 2422 Ἀντιο·
965 2360 1150 2438 διαιτωμένων,
1166 2359 1276 2438 Μάγνου
1293 2382 1336 2432 τε,
1350 2358 1377 2424 ὃς
1396 2362 1447 2417 τῶν
1469 2362 1613 2437 βασιλικῶν
1633 2361 1741 2440 ἐπετρό-

134 2458 209 2536 γείας
220 2454 346 2536 γεγονὼς,
359 2455 418 2522 τούς
430 2477 457 2513 τε
472 2453 679 2532 παρακειμένους
693 2455 725 2530 τῇ
738 2451 813 2510 πόλει
826 2451 922 2517 τύπους
965 2471 1026 2507 πευε
1041 2447 1197 2527 χρημάτων,
1210 2446 1256 2504 καλ
1271 2449 1316 2503 τοῦ
1330 2445 1427 2512 παντὸς
1438 2447 1485 2516 τήν
1495 2445 1635 2523 ἡγεμονίαν
1650 2447 1743 2505 ἐπεπί-

134 2525 164 2604 έε
181 2545 227 2604 καὶ
240 2543 336 2624 άγροῦς
350 2541 509 2623 διαφθείρας,
522 2541 566 2600 ἐπί
579 2541 626 2611 τήν
643 2539 741 2610 Κοίλην
755 2537 857 2599 ἐλαύνει
869 2541 921 2599 Συ·
966 2557 1066 2593 στευτο.
1083 2533 1210 2614 Ἡμέραις
1220 2533 1247 2591 δὲ
1262 2533 1367 2614 ὓστερον
1378 2535 1406 2592 αὖ
1418 2535 1525 2599 πολλαῖς
1534 2532 1656 2612 βασιλεὺς
1668 2533 1740 2594 Ἰου-

137 2633 206 2713 ρέαν.
218 2629 363 2708 Ἀπαμείας
373 2628 401 2688 δὲ
408 2629 509 2694 πόλεως
523 2626 638 2706 μεγάλης
649 2628 679 2686 οὐ
693 2624 827 2706 πόρρωθεν
839 2648 920 2704 στρα-
966 2624 1060 2693 στῒνος,
1069 2619 1190 2689 ἐξαπίνης
1202 2619 1278 2682 νάσου
1290 2623 1327 2700 τῷ
1342 2619 1445 2697 σώματι
1460 2619 1744 2700 προσγενομένης,περλ

134 2717 375 2793 ταπεδευσάμενυς,
390 2719 443 2774 τῶν
455 2737 482 2773 τε
495 2716 609 2774 πολιτῶν
625 2711 862 2794 πρεσύευσαμένων
877 2711 922 2770 καί
966 2715 1011 2768 τοῦ
1022 2707 1116 2775 παντὸς
1131 2707 1232 2779 δεδιὼς,
1243 2705 1383 2787 ἀνακωχήν
1401 2713 1445 2766 τοῦ
1460 2707 1586 2788 παρόντος
1600 2707 1671 2775 ἔτους
1680 2708 1744 2788 πρὸς

138 2805 195 2885 [τίς
209 2809 256 2878 τῆς
269 2805 370 2872 πύλεως
394 2803 476 2883 λύτρα
498 2802 716 2882 προτεινομένων,
747 2800 836 2878 άπάτῃ
863 2799 921 2866 τοὺς
967 2795 1073 2874 Πέρσας
1095 2793 1245 2866 ἐποιήσατο.
1269 2797 1324 2866 Τῆς
1343 2795 1419 2854 νόσου
1441 2793 1468 2852 δὲ
1483 2797 1554 2876 αύτῷ
1568 2795 1744 2875 παρενοχλού-

135 2895 235 2974 ἄνδρας
246 2915 314 2971 rugo
327 2897 422 2970 suppl.
434 2893 446 2970 ]
461 2891 602 2971 περιελθὼν
619 2889 664 2948 κάί
678 2889 724 2960 τήν
742 2888 818 2946 πόλιν
830 2890 919 2958 ἀπαθῆ
968 2905 1030 2957 σης,
1040 2883 1171 2962 Τιύέριον,
1185 2883 1211 2950 δς
1220 2885 1272 2940 τῶν
1289 2881 1415 2961 βασιλέως
1432 2873 1498 2962 ήρχε
1513 2884 1745 2962 σωματοφυλάκων

134 2981 322 3062 διαφυλάττειν
353 2981 590 3060 ἐπαγγειλάμενος,
614 2977 704 3048 ἐπειδὴ
730 2977 825 3048 ταύτης
849 2975 919 3042 ἐντὸς
966 2969 1125 3048 (κύμηταδέ
1138 2974 1228 3029 τοῦτον
1244 2967 1428 3049 ἐξκουδιτύρων
1444 2968 1574 3046 Ῥωμαῖοι
1588 2973 1740 3048 καλοῦσιν),

136 3069 269 3148 ἐγεγόνει,
282 3067 455 3147 διαρπάζουσι
466 3069 513 3140 μὲν
524 3069 547 3125 ol
562 3069 651 3138 Μῆδοι
662 3064 695 3123 τδ
708 3063 862 3144 πράγματα,
872 3062 917 3120 καί
966 3060 1019 3118 υἱὸν
1032 3057 1144 3117 θνειπιλν
1155 3061 1200 3127 τῆς
1214 3057 1347 3136 βασιλείας
1354 3057 1474 3116 καινωνδν
1488 3062 1609 3136 αἱρεῖται,
1622 3059 1746 3138 Καίσαρα

134 3157 196 3222 τὼς
210 3158 375 3223 ἐνοικοῦντας
389 3154 638 3236 άνδραποδίσαντες,
652 3152 699 3224 τήν
716 3175 744 3210 τε
756 3150 832 3208 πάλιν
849 3148 920 3208 άπα·
969 3153 1056 3205 τοῦτον
1071 3144 1262 3222 διαγορεύσας,
1278 3143 1323 3210 τάς
1330 3167 1358 3202 τε
1373 3147 1419 3238 τῆς
1428 3146 1512 3223 ἀρχῆς
1528 3144 1663 3224 φροντίδας
1675 3147 1746 3223 αύτῷ

167 3329 191 3374 ι.
208 3327 246 3374 lla
253 3337 329 3386 quurn
345 3323 375 3372 ad
385 3323 500 3386 oppidum
516 3325 593 3372 castra
606 3321 735 3382 baberent,
745 3321 862 3372 chosroes
876 3331 918 3369 rex
963 3317 1051 3380 gestia,
1073 3315 1183 3365 lustinus
1202 3313 1331 3375 imperator
1350 3313 1423 3362 misso
1441 3310 1527 3361 Λουσία
1538 3312 1595 3373 (cui
1615 3324 1747 3374 cognomen

134 3415 194 3450 enin
208 3405 332 3451 Persarum
342 3399 450 3450 exercitu
462 3399 838 3463 liabyloneprolectus,superato
847 3396 919 3458 Tigri,
964 3393 1073 3444 Archelai
1089 3391 1190 3442 bomani
1203 3389 1352 3452 indiderant)
1366 3388 1488 3439 llarclano
1506 3388 1643 3438 etiamnunc
1655 3388 1746 3438 Nisibin

134 3479 221 3527 itinere
231 3490 275 3540 per
292 3475 434 3527 solitudines
445 3467 522 3538 la'rto,
538 3489 569 3527 nc
581 3477 699 3526 adrentus
714 3473 918 3538 regiscognoscia
964 3469 1082 3520 obsidenti
1099 3469 1226 3533 imperium
1237 3470 1350 3532 abrogat,
1364 3471 1498 3532 suspicatus
1511 3481 1567 3518 eum
1585 3471 1670 3532 sponte
1683 3469 1747 3518 nnale

135 3554 252 3604 liornnnis
266 3551 403 3602 ullomodo
425 3555 518 3616 posset,
532 3555 659 3616 postquam
672 3552 769 3615 propius
779 3551 810 3600 ad
829 3549 919 3601 Amba·
965 3560 1083 3612 pugnare,
1095 3547 1162 3596 nulla
1173 3561 1199 3597 re
1213 3547 1274 3596 lacta
1292 3547 1322 3596 ad
1333 3546 1474 3610 capiendum
1483 3545 1606 3611 oppidum.

135 3645 195 3692 ron,
215 3629 342 3678 castellnm
354 3629 489 3690 Persicum,
498 3632 631 3680 accesserat
640 3629 681 3691 (ld
692 3627 819 3678 scireesio
832 3626 919 3690 oppido
996 3634 1019 3676 5.
1031 3627 1066 3675 lta
1077 3637 1152 3688 quum
1165 3625 1265 3674 bomani
1275 3624 1330 3675 inde
1338 3625 1434 3688 digressi
1448 3625 1480 3674 ad
1493 3625 1618 3674 castellum
1632 3626 1656 3676 in
1666 3628 1747 3676 monte

134 3707 244 3769 quinque
256 3705 350 3755 diemm
364 3706 449 3756 itinere
466 3707 565 3767 abest),
581 3705 668 3756 ducem
687 3705 860 3755 bdaarnranem
873 3717 919 3752 no·
965 3705 1069 3767 posllurn
1079 3704 1215 3764 venissent,
1237 3705 1302 3767 quod
1312 3703 1405 3754 blardcs
1415 3704 1446 3752 ab
1459 3703 1543 3754 incolis
1554 3705 1664 3765 vacatur,
1674 3705 1748 3754 ellos·

135 3787 215 3846 mine,
227 3785 269 3848 qui
284 3785 431 3846 Euphratem
449 3784 481 3833 ibi
499 3784 638 3844 trajecerat,
657 3783 766 3846 protinus
785 3782 874 3841 mittit,
892 3782 920 3829 ut
966 3796 1019 3832 roco
1036 3795 1077 3832 rex
1092 3783 1173 3832 subito
1187 3781 1253 3845 [seso
1273 3782 1302 3832 ad
1317 3786 1387 3832 llarae
1407 3783 1608 3844 oppugnationem
1630 3783 1746 3845 supplicam

134 3865 301 3912 Romanorum
322 3862 382 3911 lines
401 3862 564 3924 popularetur.
583 3861 646 3910 lluic
662 3873 705 3910 sex
724 3859 797 3908 millia
812 3858 921 3908 attribuit
964 3873 1051 3920 nquam
1068 3861 1099 3910 ab
1118 3861 1177 3912 urbe
1190 3860 1303 3921 secludit;
1318 3859 1453 3923 aggeribus]
1466 3860 1747 3924 magnispro-rnuroex·

133 3951 211 4002 quum
224 3941 350 3988 Persarum
368 3941 421 3988 lum
437 3936 593 3986 barbarorum
607 3937 751 3996 nomadunm
768 3936 818 3998 ipse
837 3935 920 3986 itinere
964 3939 1055 3997 citatis,
1068 3937 1217 4001 admotisque
1226 3937 1351 4000 operibus,
1365 3949 1441 3998 quum
1453 3936 1601 3987 extrinsecus
1611 3936 1670 3986 ιιίίιίί
1680 3937 1748 3988 lieret

132 4015 269 4065 sumundum
290 4013 407 4064 aborrnm
425 4013 515 4062 ilumen
537 4015 601 4062 iacto
615 4015 737 4062 llomnnos
755 4012 845 4062 Nisibin
859 4012 919 4062 obsi·
965 4015 1092 4066 edincolas
1100 4015 1246 4076 liberandos,
1256 4019 1344 4065 baram
1354 4017 1484 4076 expugnat,
1496 4014 1571 4064 Persis
1579 4015 1604 4064 vi
1615 4016 1639 4064 iu
1650 4029 1746 4066 murum

132 4091 219 4142 dentes
231 4091 374 4154 necopinato
386 4091 520 4154 opprimere
530 4089 681 4152 properabat.
691 4091 757 4139 luter
771 4089 920 4138 hoeclldaur·
965 4093 1116 4144 enitentibus.
1133 4097 1194 4144 Toto
1207 4094 1295 4156 oppido
1309 4097 1415 4153 vastato,
1425 4092 1491 4142 omni
1508 4093 1661 4144 multitudine
1672 4097 1747 4145 serri-

133 4169 366 4232 11111101,Εο11111010
385 4181 433 4216 11011
447 4167 557 4230 1011801111
576 4166 920 4230 00011001100010111001010,
965 4173 1011 4223 tuti
1022 4172 1131 4234 addicta,
1151 4174 1223 4233 inque
1236 4186 1265 4222 ea
1277 4175 1369 4222 luanne
1387 4171 1526 4222 Timostrali
1540 4173 1556 4221 l.
1573 4173 1659 4235 opibus
1676 4175 1749 4236 atque

133 4247 251 4296 0111011010
278 4249 455 4305 11001111οΝ111,
482 4245 549 4294 110110
570 4243 712 4306 0101110010,
736 4243 922 4304 1110011011011111011
966 4251 1109 4301 auctoritate
1125 4253 1212 4314 praeter
1225 4253 1317 4300 ceteros
1337 4250 1483 4310 excellente,
1497 4251 1539 4314 qui
1553 4251 1748 4313 gubernationem

135 4325 249 4375 vexabat.
262 4329 323 4375 llam
342 4327 438 4386 propter
458 4335 541 4385 pacem
558 4325 631 4385 atque
648 4323 861 4384 tranquillitatem,
873 4334 922 4382 qua
966 4327 1046 4391 oppidi
1059 4329 1132 4390 atque
1146 4326 1376 4378 administrationem
1393 4329 1543 4389 susceperat,
1558 4341 1614 4376 curn
1629 4329 1748 4391 presidio,

135 4399 922 4462 lnstiniunoirnperanteabundeerantusl,nonsolumapparatus
967 4405 1239 4468 quodmtisesserisum
1247 4404 1749 4464 abrelicto,domumdiscessit,liomanis

136 4479 254 4529 militares
264 4476 376 4526 dissoluti
387 4477 468 4537 malti,
487 4475 529 4525 tud
547 4476 618 4524 etiarn
630 4475 922 4536 bellicispiritusomlllllo
967 4481 1106 4530 etiamnunc
1130 4480 1193 4528 circa
1215 4481 1338 4530 metellum
1361 4480 1441 4530 Mnndn
1457 4483 1674 4542 mmmnmntihun,
1693 4495 1749 4531 num

134 4556 256 4606 exstincti
267 4559 304 4604 lta
315 4567 393 4616 quum
406 4566 479 4610 neruo
489 4565 587 4602 manum
598 4565 721 4602 conserere
739 4551 846 4601 barbaris
861 4554 923 4600 esset
968 4561 1065 4618 Magno,
1084 4556 1191 4618 pecunioe
1203 4556 1332 4619 imperialis
1349 4560 1516 4619 procuratore,
1532 4559 1571 4608 cui
1589 4562 1641 4608 eret
1655 4571 1750 4608 srrmma

135 4645 227 4694 ausus,
240 4632 405 4682 Adamnaues
420 4631 529 4693 proxime
545 4629 630 4679 urbem
642 4629 794 4680 Antiochiam
807 4631 921 4689 accessit;
968 4647 1049 4684 rerum
1059 4634 1166 4682 omnium
1177 4633 1322 4684 concredita.
1335 4638 1386 4684 tlon
1394 4636 1476 4685 multis
1486 4636 1570 4686 diebus
1578 4639 1632 4700 post
1643 4637 1751 4688 lustinus

136 4708 302 4759 inderastatis
314 4707 374 4757 locis
391 4707 501 4769 agrisque
510 4705 748 4768 circumjacentibus,
763 4706 882 4754 convertit
898 4719 924 4755 se
970 4711 1109 4773 imperatur,
1123 4711 1208 4758 morbo
1218 4710 1413 4773 subitoallliotus,
1427 4713 1531 4762 lorium
1542 4713 1635 4777 imperii
1644 4715 1749 4773 veritus,

137 4785 336 4848 incoelesyriarn.
348 4783 486 4846 castrisque
498 4795 547 4832 non
559 4783 627 4845 longa
637 4797 652 4831 a
663 4795 749 4845 magno
763 4781 850 4844 oppido
862 4787 923 4843 bpa-
970 4787 1079 4836 induciaa
1087 4787 1110 4836 in
1121 4787 1280 4836 bumannum
1288 4799 1344 4836 cunr
1357 4789 1435 4838 Persis
1442 4789 1505 4838 lecit.
1516 4791 1573 4839 ldox
1580 4803 1656 4852 quum
1665 4789 1750 4838 morbo

137 4877 200 4912 αισα
216 4863 315 4925 positis,
334 4861 438 4921 incolas,
458 4860 500 4921 qui
511 4860 582 4909 missa
603 4859 718 4920 legatione
737 4857 923 4920 redemptionem
970 4865 1104 4925 urgeretur,
1112 4862 1341 4922 ulbertumsobolis
1350 4864 1458 4926 palatinis
1468 4865 1606 4928 praelectum
1617 4865 1750 4926 (comitem

138 4940 310 5003 promiserant,
327 4937 420 4986 saluus
440 4936 614 4998 circumvenit,
634 4940 659 4986 et
675 4935 790 4998 oppidum
806 4935 926 4985 incolume
971 4939 1139 4990 excubitorum
1157 4941 1256 4989 Romani
1273 4941 1383 5002 vocant),
1404 4943 1543 5004 adoptatum
1566 4943 1590 4991 in
1611 4942 1750 4990 societatem

138 5030 233 5068 serrare
245 5017 381 5080 pollicitus,
396 5016 478 5064 tamen
487 5014 636 5064 intromissus
642 5013 803 5077 diripiendum
813 5014 862 5063 suis
871 5026 925 5076 per·
972 5015 1066 5078 imperii
1079 5014 1181 5066 adscivit
1191 5015 1290 5066 caesmis
1302 5017 1387 5079 titulo,
1404 5019 1600 5079 curationemque
1614 5016 1750 5080 reipublice

140 5095 211 5145 nult.
227 5091 593 5144 liubitaturlbusinserxilutern
603 5091 718 5152 redactis,
730 5090 926 5154 oppidollammis
972 5092 1006 5142 illi
1018 5091 1098 5142 tradit.
1119 5091 1145 5140 ld
1166 5092 1290 5140 consillum
1307 5094 1425 5155 optimum
1443 5097 1467 5143 et
1481 5095 1548 5154 lunge
1566 5093 1749 5144 saluberrimum

141 5173 241 5234 srallto,
258 5175 339 5223 l’ersar
349 5170 459 5220 celeriter
467 5169 492 5218 in
502 5169 658 5219 inassesuos
666 5169 791 5231 recipiunt.
806 5169 926 5220 llisrebus
971 5183 1002 5220 ex
1015 5170 1140 5230 omnibus,
1158 5161 1318 5232 quaecumque
1334 5172 1443 5221 lustinus
1457 5175 1506 5220 toto
1522 5171 1612 5232 imperii
1627 5171 1678 5232 ejus
1692 5177 1751 5222 lem·

1588 5255 1618 5292 rs.
