3868 5728
846 369 1091 432 FRAGMENTA.
1683 381 1733 432 tri

154 496 193 555 ότι
205 519 235 574 γε
245 499 259 554 θ
268 495 428 575 Θευδίριχος
440 497 486 564 τῆς
497 493 634 563 ίπιόουλῆς
646 491 762 563 Ζήνωνος
772 491 932 568 αἰσθόμενος,
977 497 1067 571 πρῶτα
1082 493 1127 567 μὲν
1141 493 1264 570 Λογγῖνον
1277 492 1395 565 Ζήνωνος
1406 491 1525 575 σἰδελρόν,
1535 493 1581 564 τὴν
1602 499 1647 552 τοῦ
1667 498 1748 572 μαγί-

155 587 195 642 ε’πὶ
206 583 253 653 τὴν
269 583 448 662 πρεσόυτέραν
464 581 571 658 Ῥώμην
586 583 728 660 άναχωρεῑ·
740 578 805 644 τινὲς
816 580 844 636 δέ
856 601 932 660 φασιν
979 603 1055 658 στρου
1080 579 1164 658 ἀρχὴν
1186 579 1321 656 διέποντα,
1340 580 1368 637 δν
1389 581 1502 658 ἡγεμόνα
1522 584 1572 640 τῶν
1588 581 1660 659 ἕντῇ
1681 587 1748 660 αὐλῇ

154 674 188 736 ώς
201 671 246 728 καλ
260 669 378 747 ὑποθήκη
400 669 526 739 Ζήνωνος.
546 667 598 727 Καὶ
618 667 759 745 Ὀδόακρον
775 667 848 744 μάχη
869 689 932 743 κρα·

157 757 247 826 ιησας,
268 755 310 834 ὓρ’
325 756 417 812 ἑαυτὸν
433 755 479 823 τὴν
501 753 609 829 Ῥώμην
625 753 750 824 ποιεῖται,
765 755 831 832 ρἧα
853 773 933 829 προσ-

158 843 284 916 σνομάσας
308 840 411 901 ἑαυτόν.
434 843 475 900 Cf.
496 845 612 898 ultorem
633 843 822 896 narrationem
842 842 932 895 Theo·

155 932 252 1004 piranis
271 949 301 1004 p.
325 949 377 1002 ¹97
403 949 465 1002 sqq.
488 931 571 984 Plura
594 928 671 1002 apud
692 929 850 985 Tiiiemont.
878 927 930 995 vi,

154 1039 182 1092 e·
199 1017 255 1090 ⁵⁰9
269 1036 332 1090 saa·
348 1017 404 1090 ⁵¹9
418 1035 479 1090 suu·

529 1144 557 1201 5.

192 1278 272 1332 Idem
289 1279 351 1345 itt,
370 1294 408 1349 ²9
427 1296 434 1330 ι
453 1276 508 1334 Τοῦ
522 1255 642 1343 ἶήνωνος
661 1271 744 1328 τοίνυν
765 1269 873 1337 ἄπαιδος
887 1293 930 1330 τε·

157 1361 328 1430 λευκίσαντος
338 1360 475 1440 ἐπιληψίας
483 1360 550 1438 νόσῳ
565 1358 631 1434 μετὰ
647 1357 755 1434 έόδομον
767 1359 811 1416 καί
822 1357 928 1416 δέκατον

156 1447 207 1514 ἔτος
219 1453 266 1518 τῆς
278 1449 357 1504 αὐτοῦ
369 1446 620 1524 βασιλείας,ἤλπισε
628 1446 674 1518 μὲν
685 1449 807 1521 Λογγῖνος
816 1449 829 1503 ό
838 1445 927 1504 τούτου

156 1534 263 1612 strips<
282 1537 318 1597 είς
330 1533 397 1608 μέγα
412 1533 543 1608 δυνάμεως
555 1531 774 1610 προκεχωρηκὼς,
790 1531 837 1602 τὴν
853 1537 928 1611 βασι-

158 1621 227 1677 λείαν
238 1623 324 1697 ἑαυτῷ
335 1619 489 1699 περιθήσειν·
501 1621 528 1678 οὐ
539 1618 591 1694 μὴν
602 1623 652 1676 τῶν
663 1618 820 1689 δυνηθέντων
830 1619 929 1698 ίτυχεν.

977 665 1073 733 τάξεων
1087 669 1109 722 οἱ
1128 666 1237 744 πρόσθεν
1253 667 1370 737 ἐκάλουν,
1384 667 1434 722 dud
1452 664 1498 736 τὴν
1513 667 1685 743 ἐνεγκαμένην
1705 671 1747 726 ἐκ·

977 745 1157 826 asperaceler
1172 755 1199 811 δὲ
1218 753 1262 812 καλ
1274 753 1382 820 πολλοὺς
1397 753 1497 832 ἑτέρους
1509 754 1655 834 Ἰσαόρους,
1674 761 1749 814 τοῦτο

977 841 1051 910 δῆθεν
1064 841 1230 911 αἰτήσοντας.
1246 847 1322 898 Zeno
1337 854 1465 898 mortuus
1481 855 1523 899 est
1538 863 1581 900 an.
1597 851 1663 917 491.
1674 849 1749 900 Anni

976 931 1164 1002 epocharum,
1176 949 1245 1004 quas
1255 933 1392 1004 Euagrius
1403 931 1497 998 affert,
1508 949 1609 1004 parum
1619 944 1749 986 accurata

976 1018 1074 1072 notati.
1084 1020 1126 1071 De
1138 1019 1265 1090 Longino
1283 1029 1347 1084 etc,
1364 1037 1390 1072 ν.
1406 1020 1428 1072 Τ
1430 1018 1569 1091 heopiran.
1580 1037 1610 1092 p.
1631 1037 1687 1073 aro
1705 1037 1747 1090 sq.

976 1103 1135 1161 Tillcmont.
1148 1106 1199 1172 vi,
1211 1123 1241 1176 p.
1255 1102 1311 1159 533
1323 1122 1382 1176 seq.
1397 1102 1451 1168 542
1463 1123 1507 1177 sq.
1521 1103 1578 1170 648
1591 1123 1635 1178 sq.

1347 1232 1374 1292 6.

1015 1361 1093 1417 Idem
1105 1363 1161 1429 111,
1174 1360 1209 1418 35
1221 1381 1227 1420 :
1238 1362 1296 1420 Οὗκ
1307 1358 1394 1418 ἀπὸδὲ
1405 1359 1500 1438 τρόπου
1513 1359 1637 1438 (τόπουθ)
1649 1359 1706 1418 καθ’
1715 1359 1748 1430 ἣν

977 1443 1102 1524 ἐτύχομεν
1116 1446 1392 1524 προκαταόεόληκότες
1406 1447 1557 1525 ὑπόσχεσιν,
1569 1446 1613 1504 καί
1623 1447 1656 1504 τά
1670 1445 1744 1524 έτερα

976 1531 1053 1608 λόγου
1074 1531 1132 1599 ἄξια
1153 1533 1202 1589 inci)
1222 1535 1275 1598 τοῖς
1295 1532 1461 1590 Ἆναστασίου
1474 1533 1574 1611 χρόνοις
1589 1533 1746 1610 γεγενημένα

976 1619 1088 1698 συνάψαι
1110 1623 1142 1697 τῇ
1165 1620 1275 1698 ἱστορία.
1304 1623 1440 1696 Λογγῖνος,
1461 1619 1604 1688 δΖιίνωνος
1618 1619 1745 1695 ὅμαιμος,

159 1705 191 1765 Ἡ
207 1705 260 1784 γάρ
271 1706 393 1784 Ἀριάδνη
403 1705 562 1783 Ἀναστασίηι
572 1705 615 1762 τὸν
627 1705 751 1784 στέφανον
761 1706 929 1785 περιτίθησιν,
975 1705 1021 1773 τὴν
1031 1704 1254 1782 ἐνεγκαμένην,ιὶις
1263 1706 1456 1783 προδεδήλωται
1468 1706 1667 1784 (προδεδήγηται
1677 1707 1746 1781 ap),

159 1791 228 1849 οόπω
244 1790 292 1867 μέν
306 1791 393 1861 ἥκοντι
404 1793 429 1855 ἐς
441 1791 582 1869 γερουσίαν,
598 1793 624 1848 έν
643 1789 670 1848 δὲ
687 1791 856 1868 τῇλεγομένη
879 1797 929 1850 τῶν
976 1791 1150 1869 κατειληφὼς,
1165 1791 1209 1848 τόν
1222 1790 1286 1870 πρὸς
1299 1791 1342 1848 τόν
1356 1792 1533 1870 αὐτοκράτορα
1548 1783 1664 1868 πόλεμον
1685 1794 1746 1848 ἀνα·

158 1878 336 1956 σιλεντιαρίων
363 1880 446 1956 σχολῇ
468 1877 677 1956 καταλεγομένῳ.
701 1877 810 1956 Ἱστορεῖ
835 1879 862 1936 δὲ
886 1871 930 1937 οὖν
976 1879 1071 1958 ρανδδν
1092 1876 1277 1945 άναζώννυται.
1294 1877 1348 1937 Καί
1369 1880 1471 1936 πολλῶν
1494 1879 1563 1936 ἔνθεν
1581 1901 1610 1936 τε
1629 1879 1747 1936 κάκεῖθεν

158 1965 330 2030 ὁΕὐστάθιος
344 1963 411 2040 μετὰ
430 1965 475 2034 τὴν
490 1963 573 2043 ἀρχὴν
586 1968 632 2034 τῆς
645 1968 829 2034 Διοκλητιανοῢ
852 1970 930 2044 βασι·
976 1965 1207 2042 συναθροισθέντων
1228 1964 1372 2042 δυνάμεων,
1389 1968 1446 2041 μεθ’
1460 1957 1495 2023 div
1509 1964 1553 2023 xci
1569 1964 1658 2024 Κόνων
1673 1963 1746 2041 ἐτόγ·

158 2049 225 2115 λείας
249 2052 275 2116 ἐς
298 2051 346 2119 τὴν
371 2050 488 2120 Ζήνωνος
509 2050 629 2122 τελευτὴν
651 2051 695 2109 καί
720 2051 767 2121 τὴν
790 2052 929 2131 ἀνάρρησιν
974 2075 1053 2130 χανεν
1076 2050 1121 2123 ὢν,
1144 2053 1282 2117 ἐπίσκοπος
1302 2055 1348 2122 τῆς
1372 2053 1398 2109 ἐν
1424 2051 1551 2129 Ἀπαμείᾳ
1568 2055 1627 2109 Υτόίν
1655 2051 1746 2130 Σύρων

160 2135 330 2196 Ἀναστασίου
351 2135 396 2206 ἔτη
418 2137 524 2194 διελθεῖν
542 2137 608 2196 ἑπτὰ
622 2137 666 2196 καλ
681 2139 812 2195 διακόσια·
832 2138 883 2195 ἀπὸ
904 2139 930 2195 δὲ
975 2137 1102 2216 ἐπαρχίας
1117 2137 1239 2215 γεγονὼς,
1259 2139 1311 2204 τοῖς
1330 2136 1456 2216 Ἰσαόροις
1477 2143 1512 2204 ὡς
1533 2135 1653 2216 Ἰσαυρος
1674 2159 1747 2194 συνε-

158 2229 203 2294 τῆς
212 2223 365 2299 Αὐγούστου
374 2223 567 2302 μοναρχίαςέτη
577 2222 673 2283 δόοκαλ
686 2225 709 2282 λ’
721 2225 764 2282 καὶ
775 2227 932 2284 πεντακόσια
977 2225 1132 2303 στράτευαε,
1154 2225 1226 2289 τέλος
1255 2225 1394 2282 ἐπιτίθεται
1418 2229 1455 2304 τῷ
1480 2224 1602 2304 πολέμῳ,
1626 2227 1678 2282 τῶν
1701 2224 1748 2299 μὲν

157 2313 219 2388 πρός
231 2309 314 2386 μησίν
328 2307 407 2368 ἑπτά·
422 2311 474 2368 ἀπὸ
488 2311 515 2368 δέ
530 2315 575 2382 τῆς
591 2311 754 2389 Ἀλεξάνδρου
776 2317 821 2368 τοῦ
839 2315 930 2372 Μακε·
976 2307 1102 2387 Ἰσαόρων
1109 2311 1409 2388 τῶνσυστρατευσάντων
1416 2315 1452 2390 τῷ
1461 2309 1746 2390 ΑογγίνιρπανωλεθρίαΙ

158 2397 227 2463 δόνας
251 2399 337 2476 ἀρχῆς
359 2397 405 2468 ἔιη
430 2399 475 2455 δύο
498 2397 541 2455 καί
566 2399 704 2477 τριάκοντα
726 2397 771 2456 καί
791 2399 931 2458 ὀκτακόσια
976 2397 1134 2474 φθαρέντων,
1148 2400 1198 2454 τῶν
1220 2397 1247 2454 δὲ
1266 2400 1385 2477 κεφαλῶν
1403 2396 1528 2474 Λογγίνου
1548 2398 1592 2455 καί
1610 2395 1748 2475 Θεοδώρου

157 2484 253 2556 ὁμοίως
264 2483 330 2563 πρὸς
343 2484 422 2559 μησίν
435 2483 510 2542 ἑπτά·
525 2487 555 2542 ἐκ
568 2483 595 2542 δὲ
609 2489 654 2556 τῆς
667 2489 718 2542 τῶν
733 2485 872 2560 Ῥωμαίων
887 2486 931 2544 καί
976 2482 1041 2558 πρὸς
1056 2483 1176 2542 Ἰωάννου
1196 2489 1240 2542 τοῦ
1256 2483 1356 2542 Σκόθου
1372 2486 1514 2542 σταλεισιῒιν
1535 2483 1584 2541 avt
1603 2483 1649 2555 τὴν
1673 2489 1748 2562 βασι-

156 2571 299 2645 Ῥωμόλου
322 2570 455 2647 βασιλείας
474 2571 519 2642 ίτη
541 2570 586 2629 δόο
606 2572 650 2628 καί
670 2571 830 2641 πεντήκοντα
851 2575 930 2643 [add.
976 2570 1040 2636 λέως
1052 2571 1139 2628 πόλιν·
1154 2569 1185 2636 θς
1200 2569 1243 2628 καλ
1258 2573 1284 2628 ἐν
1298 2570 1396 2637 κόντοις
1410 2570 1611 2650 περιαρπίσαςό
1629 2569 1748 2649 βασιλεὺς

156 2657 198 2714 καί
212 2655 348 2727 διακόσια]
363 2656 408 2714 καί
419 2657 491 2734 χίλια
511 2656 556 2715 καλ
570 2656 633 2736 πρός
644 2681 672 2733 γε
688 2662 770 2732 μῆνας
783 2657 863 2714 ἑπτά·
881 2658 933 2715 άπὸ
976 2657 1003 2712 ἐν
1015 2664 1073 2722 ταῖς
1085 2654 1256 2732 καλουμέναις
1273 2659 1370 2723 Συκαῑς
1389 2657 1528 2737 ἀντιπέραν
1542 2663 1588 2725 τῆς
1606 2661 1748 2718 Κωνσταν-

156 2745 181 2802 δὲ
194 2748 244 2814 τῆς
256 2743 379 2809 ἁλώσεως
389 2743 485 2822 Τροίας
497 2743 542 2816 ἔτη
555 2743 581 2811 ἓξ
591 2744 636 2801 καὶ
648 2744 803 2818 ὀγδοήκοντα
818 2743 862 2800 καλ
876 2743 933 2814 ἑΕη·
977 2742 1046 2800 τίνου
1060 2741 1190 2818 κειμέναις
1202 2742 1362 2822 ἐπηώρησεν,
1376 2743 1423 2814 ἡδὺ
1437 2746 1521 2820 θέαμα
1536 2752 1588 2809 τοῖς
1603 2743 1749 2810 Βυζαντίοις

155 2833 230 2890 ιιόσια
246 2831 295 2888 καλ
306 2830 379 2908 χίλια
391 2831 454 2908 πρὸς
468 2834 546 2907 μησὶν
561 2831 637 2890 ἑπτά.
652 2822 757 2897 Οθτοςό
769 2830 933 2896 Ἀναστάσισς
979 2830 1034 2886 ἀνθ’
1050 2819 1085 2884 ὧν
1100 2833 1185 2895 κακῶς
1203 2829 1267 2908 πρὸς
1282 2830 1400 2900 Ζήνωνος
1413 2830 1458 2888 καί
1471 2834 1522 2888 τῶν
1542 2830 1664 2909 Ἰσαόρων
1686 2833 1749 2888 έπε-

155 2917 271 2994 πατρίδα
279 2915 329 2986 τὴν
338 2915 499 2992 Ἐπίδαμνον
510 2916 585 2994 ἔχων,
595 2915 637 2993 [ἣ]
646 2915 791 2995 Δυρράχιον
800 2921 844 2972 νῦν
853 2937 931 2994 προσ·
977 2914 1114 2975 πόνθεσαν.
1128 2915 1180 2974 Καί
1193 2919 1206 2973 ό
1220 2915 1304 2994 ἕτερος
1318 2918 1344 2974 δὲ
1358 2918 1479 2993 Λογγῖνος
1490 2917 1519 2974 τό
1530 2899 1596 2974 πόλὺ
1607 2922 1652 2986 τῆς
1661 2939 1750 2995 τυραν-

155 3005 312 3082 ηγόρευται,
334 3003 382 3072 τήν
404 3027 431 3061 τε
460 3003 577 3072 Ζήνωνος
600 3002 731 3080 βασιλείαν
755 3002 798 3058 καί
816 3001 931 3078 γαμετὴν
977 3002 1044 3068 νίδος
1057 3002 1171 3081 συνέχων
1184 3007 1198 3060 ὁ
1212 3003 1321 3075 ίπίκλην
1340 3004 1526 3076 Σελινούντιος,
1544 3003 1589 3062 καλ
1603 3001 1689 3072 Ἴνδης
1704 3002 1749 3060 σὺν

153 3097 195 3148 τοῦ
218 3093 304 3148 αὐτοῦ
325 3091 460 3161 Ζήνωνος,
483 3089 530 3161 τὴν
551 3091 685 3169 Ἀριάδνην
698 3089 861 3156 ἐσοικίζεται·
887 3090 932 3146 καλ
979 3091 1065 3168 αὐτῷ,
1085 3090 1147 3168 πρὸς
1163 3091 1284 3149 Ἰωάννου
1302 3096 1348 3148 τοῦ
1363 3089 1471 3161 ἐπίκλην
1490 3095 1583 3170 κυρτοῦ
1603 3089 1750 3164 στέλλονται

154 3260 214 3315 ganti
221 3257 361 3306 admodum
371 3257 433 3318 stylo
447 3257 536 3306 endem
553 3269 637 3306 eorum
649 3256 776 3315 describit,
791 3269 852 3317 quos
870 3259 934 3304 zeno
980 3261 1013 3305 hc
1032 3257 1135 3317 primum
1147 3257 1243 3318 quidem
1260 3257 1407 3317 Lonpnum,
1417 3257 1516 3306 zenonis
1528 3257 1638 3316 tratrem,
1649 3257 1690 3319 qui
1701 3269 1750 3304 ma·

153 3331 933 3394 crcrleliterneeariJussit,hauciismercedemrepenrlcnsbenevo·

154 3410 231 3460 tentiae
239 3424 294 3472 qua
303 3410 380 3471 ipsum
389 3409 506 3471 compleri
518 3411 626 3458 luerunt:
637 3412 660 3458 et
668 3408 789 3468 quomodo
805 3409 934 3458 Theudori-

157 3487 230 3548 chus,
242 3499 327 3548 quum
336 3487 439 3534 zenonis
447 3485 559 3534 adversus
575 3485 654 3546 ipsum
666 3485 761 3533 insidias
771 3486 934 3546 comperisset,

155 3567 255 3613 Romam
265 3577 296 3612 se
306 3564 417 3615 contulit.
436 3563 481 3613 Alii
494 3563 579 3612 dicunt
594 3563 695 3612 zenonis
707 3575 778 3610 suasu
791 3561 814 3610 id
831 3575 845 3610 a
858 3563 934 3612 then·

154 3641 250 3689 derielro
259 3641 356 3690 iactum
363 3641 442 3688 luisse.
453 3640 499 3696 Qui
507 3643 614 3688 conserto
624 3639 707 3698 proelio
715 3651 789 3699 quum
800 3639 935 3688 Odoacrem

154 3723 292 3779 asperasset
303 3752 311 3775 ,
324 3719 426 3766 Romam
443 3717 488 3765 suh
505 3719 647 3780 potestatem
664 3727 732 3764 suam
754 3715 855 3776 redegit,
876 3718 936 3778 regis

155 3793 451 3856 nominesibiassumpto.

184 3961 266 4014 Qumn
278 3959 348 4006 zeno
363 3957 414 4016 post
425 3955 552 4017 septimum
563 3955 681 4004 decimum
692 3953 782 4016 imperii
795 3953 832 4004 sui
847 3967 936 4004 annom

155 4049 185 4084 εκ
194 4035 315 4086 comitiali
325 4035 412 4084 morbo
420 4035 510 4095 absque
518 4033 597 4083 liberis
606 4033 751 4094 decessisset,
762 4033 937 4094 Longinusqui-

155 4113 209 4162 dem
219 4115 274 4174 ejus
285 4113 372 4171 trater,
384 4112 427 4172 qui
437 4109 468 4158 ad
480 4123 588 4171 magnam
605 4110 735 4172 potentiam
750 4111 903 4171 pervenerat,
913 4108 937 4156 in

156 4203 222 4251 spem
234 4189 304 4238 seuit
314 4201 343 4236 se
352 4187 479 4248 imperium
496 4187 564 4235 facile
576 4188 749 4248 occupatumm
767 4198 826 4234 csse.
838 4185 884 4234 sad
900 4187 937 4233 ta-

157 4281 211 4316 men
231 4266 283 4314 soti
303 4265 343 4314 sui
362 4263 546 4324 haudquaquam
562 4275 661 4324 compos
679 4263 756 4310 iactus
769 4263 813 4310 est.
845 4261 938 4310 Etenim

157 4345 259 4392 Ariadne
266 4355 385 4392 coronam
396 4341 509 4402 imposuit
521 4339 651 4398 Anastasio,
657 4341 708 4402 qui,
718 4340 855 4389 nondumin
867 4353 935 4388 sena·

157 4423 246 4470 lurirrrn
260 4421 375 4470 ordinem
390 4420 513 4478 adtectus,
531 4421 555 4468 in
567 4419 752 4468 silentiariorum
762 4419 841 4466 adhuc
858 4419 939 4467 schola

158 4499 285 4547 militabat.
321 4499 399 4546 Porro
425 4495 562 4544 Eustatirius
583 4495 665 4546 scribit
683 4495 714 4544 ab
728 4495 826 4544 exordio
849 4495 938 4556 imperii

160 4574 302 4624 Diocletiani
315 4572 345 4621 ad
356 4571 457 4620 zenonis
466 4571 558 4620 obitum
577 4575 601 4620 et
616 4571 815 4633 nuncrrpatiouem
826 4571 939 4620 anastasii

160 4664 236 4700 anuos
246 4649 349 4698 linxisse
361 4653 416 4709 κοῖς
430 4648 584 4710 aprincipalu
594 4651 674 4695 autem
694 4648 791 4708 Augusti
802 4660 876 4696 annus
895 4653 939 4696 532

159 4739 304 4788 inermesque
323 4729 415 4786 septem
423 4741 431 4784 ;
449 4724 480 4771 ab
491 4724 617 4772 alexandri
632 4725 711 4772 autem
725 4723 858 4772 tiacedonis
869 4737 940 4783 reguo

160 4816 235 4852 annos
245 4807 295 4852 8³2
306 4803 332 4850 et
342 4813 437 4848 meuses
443 4803 547 4860 septcm;
557 4813 571 4846 a
581 4803 742 4848 Rornanorum
754 4801 778 4848 ct
791 4799 886 4847 Romuli
903 4813 939 4847 re·

160 4893 206 4938 qno
216 4891 297 4926 anuos
312 4883 372 4926 1252
384 4889 522 4938 nicusesque
533 4880 640 4937 septcm;
655 4889 671 4923 a
688 4874 765 4934 'froja
778 4875 881 4936 denique
898 4889 940 4924 cs·

162 4955 311 5016 pugnatione
320 4965 399 5000 annos
413 4958 472 5001 totis
481 4955 632 5013 curnseptem
647 4950 775 5000 mensibus.
787 4953 831 5000 liic
843 4954 941 5000 Anasta·

162 5032 221 5088 sius,
230 5033 302 5078 ortus
312 5041 343 5076 ex
356 5027 416 5076 urbe
426 5027 561 5089 Epidamno,
569 5041 623 5089 qum
633 5040 696 5075 uurrc
706 5028 877 5088 Dyrrhachium
885 5027 942 5076 dici·

164 5112 211 5166 tur,
226 5105 360 5170 imperium
370 5104 471 5154 simulet
482 5107 580 5156 zenonis
598 5119 698 5156 uxorem
709 5105 826 5156 Ariadnen
843 5107 941 5168 accepit.

980 3331 1045 3392 gistri
1054 3332 1191 3392 dignitatem
1203 3333 1314 3395 gerebat,
1326 3347 1398 3395 quem
1407 3334 1499 3394 antiqui
1509 3335 1645 3394 praelectum
1662 3333 1750 3380 cilicio·

979 3422 1032 3456 mm
1040 3409 1120 3469 palatii
1129 3408 1287 3470 appellabant,
1298 3409 1322 3457 in
1330 3410 1431 3471 patriam
1446 3409 1591 3458 amandavit.
1605 3409 1750 3458 Multisitem

980 3485 1032 3534 aliis
1042 3486 1143 3546 isauris,
1152 3486 1193 3548 qui
1202 3486 1233 3535 ab
1244 3485 1295 3548 ipso
1306 3485 1330 3533 id
1345 3485 1458 3548 petebant
1464 3521 1472 3546 ,
1482 3485 1511 3533 ad
1521 3497 1576 3534 suos
1586 3485 1699 3534 redeundi
1709 3497 1752 3534 co·

979 3561 1042 3624 piam
1051 3561 1114 3611 iecit.

1010 3725 1062 3772 lion
1076 3723 1107 3772 ab
1116 3736 1142 3772 re
1157 3723 1243 3783 luerit,
1257 3723 1277 3772 si
1288 3737 1324 3773 res
1337 3737 1433 3786 quoque
1449 3726 1552 3784 ceteras,
1569 3735 1624 3785 que
1638 3723 1752 3773 anama

979 3801 1126 3863 temporibus
1142 3803 1294 3864 acciderunt,
1305 3805 1375 3864 juxta
1389 3803 1412 3852 id
1427 3803 1490 3866 quod
1507 3806 1576 3852 antea
1594 3803 1690 3866 polliciti
1709 3817 1752 3852 sn·

980 3890 1048 3936 mus,
1058 3878 1220 3928 subtexamus.
1236 3881 1369 3941 Longinus,
1383 3881 1482 3928 Zenonis
1492 3881 1573 3940 irater,
1584 3892 1661 3942 quum
1673 3879 1698 3927 in
1710 3893 1752 3942 pa·

980 3953 1049 4002 triam
1059 3967 1140 4015 auam,
1151 3955 1212 4004 sieut
1221 3958 1290 4004 antea
1302 3959 1459 4005 memoratum
1470 3955 1664 4016 est‚adrenisset,
1675 3956 1752 4018 palam

980 4029 1094 4079 aduersus
1111 4031 1279 4092 imperatorem
1297 4031 1387 4080 bellurn
1405 4032 1516 4093 suscepit.
1550 4033 1661 4080 Plurimis
1680 4032 1753 4093 igitur

981 4108 1086 4157 collectis
1098 4111 1220 4170 utrimque
1240 4109 1327 4170 copiis,
1345 4110 1471 4171 inquibus
1488 4111 1540 4159 erat
1557 4110 1628 4158 etiarn
1653 4113 1752 4170 Conon,

982 4189 1092 4246 Apameae
1102 4185 1202 4246 insyria
1213 4185 1270 4233 otim
1282 4185 1419 4247 episcopus,
1429 4186 1471 4248 qui
1481 4199 1529 4234 uua
1538 4199 1594 4234 cum
1606 4187 1705 4246 isauris,
1713 4192 1752 4236 ut·

982 4264 1036 4322 pole
1048 4263 1156 4320 isaurus,
1167 4261 1296 4320 militabat,
1313 4261 1402 4310 beilum
1422 4261 1517 4310 landem
1534 4263 1669 4324 hujusmodi
1687 4265 1753 4312 exitu

983 4336 1136 4386 terminatum
1151 4339 1194 4386 est.
1206 4337 1281 4384 lsauri
1291 4337 1331 4398 qui
1340 4350 1386 4384 uua
1396 4351 1451 4385 cum
1463 4339 1569 4399 Longino
1584 4339 1752 4398 militaverant,

982 4427 1064 4462 omues
1082 4413 1112 4462 ad
1131 4414 1313 4462 internecionem
1323 4414 1392 4474 caesi;
1410 4415 1507 4474 Longini
1523 4429 1580 4462 reru
1591 4428 1620 4464 ac
1636 4416 1753 4465 Theodori

983 4492 1059 4552 capita
1072 4491 1102 4539 ab
1111 4493 1203 4539 loauue
1213 4490 1302 4550 scytha
1310 4491 1529 4552 Constantinopolin
1541 4493 1683 4540 misasuur.
1694 4496 1754 4549 Qum

983 4567 1110 4628 imperator
1125 4567 1201 4616 contis
1218 4567 1303 4614 suitixa
1315 4565 1460 4615 circumferri
1472 4572 1496 4616 et
1514 4568 1539 4617 iu
1552 4568 1690 4617 suburbano
1706 4573 1752 4630 Sy·

983 4643 1055 4701 censi,
1065 4643 1129 4704 quod
1142 4657 1171 4691 ex
1182 4643 1280 4692 adverso
1288 4643 1394 4702 Byzantii
1403 4643 1476 4692 situm
1486 4645 1537 4704 est,
1548 4645 1658 4706 suspendi
1668 4645 1734 4705 jussit
1744 4663 1750 4693 ι

984 4719 1048 4780 quud
1067 4719 1228 4780 spectaculum
1246 4720 1516 4780 constantinopolitanis
1527 4721 1683 4782 gratissimum
1694 4720 1752 4780 luit,

983 4797 1015 4846 ob
1027 4797 1088 4846 urata
1100 4810 1176 4859 quaec
1190 4801 1283 4846 Zenone
1292 4799 1316 4846 et
1325 4798 1356 4845 ab
1365 4799 1450 4846 lsauris
1462 4800 1563 4860 perpessi
1575 4799 1677 4847 fueraut.
1689 4798 1753 4846 Alter

985 4889 1040 4922 vcro
1052 4876 1177 4936 Longinus,
1190 4878 1346 4937 cognomento
1354 4876 1513 4936 Selinuntius,
1525 4877 1671 4938 precipuum
1682 4875 1755 4923 rolmr

984 4951 1114 5012 tyrannicae
1124 4952 1247 5010 iectionis,
1261 4954 1286 4999 et
1301 4950 1408 4998 camillo
1425 4951 1503 5012 ludes,
1515 4952 1545 4999 ab
1554 4955 1658 5009 ΙΙοιιιιιιιι,
1672 4963 1755 5010 copto

986 5031 1066 5077 niento
1078 5029 1169 5087 cinito,
1184 5028 1232 5076 riri
1246 5027 1309 5088 capti
1325 5030 1395 5084 suut,
1406 5030 1429 5077 et
1439 5027 1468 5075 ad
1479 5027 1643 5088 imperatorem
1658 5029 1755 5074 Anasta·

986 5109 1046 5156 sium
1058 5107 1130 5156 missi.
1164 5111 1223 5166 Quae
1234 5120 1270 5155 res
1279 5110 1303 5155 et
1314 5107 1478 5168 imperatorem
1489 5107 1513 5153 el
1520 5103 1632 5166 populum
1641 5105 1754 5154 constan-
