3842 5726
830 345 986 404 aunarii
1010 336 1191 404 Safiniani

572 538 619 594 61.

250 659 389 735 [Sacidas2
415 653 498 714 Ἐπ’
513 653 632 730 ἤματι,
646 655 671 711 ἐν
687 661 735 734 μιᾷ
758 652 884 733 ἡμέραν
907 653 940 714 ‘0
960 653 985 712 δέ

209 744 347 809 Θεοδόσιος
362 743 408 813 τὴν
424 743 579 820 βασίλισσαν
600 746 725 799 θανοῦσαν
738 742 780 797 ἐπ’
794 741 877 816 ἤματι
895 742 985 818 σχεδόν

209 855 234 890 τι
247 831 399 910 ἐδάκρυσεν.
411 829 526 905 Ἀνάγκη
542 827 592 906 γάρ
606 827 650 885 καῖ
669 832 682 885 ὁ
697 827 863 908 προκείμενος
876 829 987 904 πόλεμος

211 925 323 998 (contra
342 919 512 992 Eugenium)
538 913 701 983 συνεσκίαζον
718 918 787 995 αὐτῷ
811 914 841 972 τὸ
862 916 923 993 περὶ
939 915 987 985 τὴν

215 1009 326 1082 γυναῖκα
337 1005 428 1068 πάθος.
443 1003 471 1080 ν]

249 1094 291 1150 Cf.
307 1094 433 1148 Zosimus
445 1093 492 1159 lv,
506 1091 541 1159 57
558 1086 649 1159 ιἸΙδη
666 1087 691 1145 δέ
706 1090 775 1166 αὐτῷ
790 1089 852 1166 πρὸς
867 1087 913 1158 τὴν
930 1088 986 1156 ἔξα-

213 1181 254 1237 δον
269 1177 429 1256 ἐπειγομένῳ
452 1174 603 1251 συμδίθηκε
629 1177 733 1234 Γάλλον
754 1175 801 1245 τὴν
825 1176 942 1252 γαμετὴν
961 1181 987 1233 ἐν

209 1272 266 1329 ταῖς
276 1265 364 1321 ὠδῖσιν
381 1265 470 1328 αὐτοῖς
481 1263 653 1333 τελευτῆσαι,
668 1262 713 1318 σὺν
730 1266 767 1342 τῷ
783 1262 872 1341 βρέφει
885 1264 929 1320 καῖ
942 1263 985 1320 τὸν

212 1352 266 1430 βίον
279 1349 448 1424 ἀποθεμένην.
465 1349 570 1418 Ταύτην
586 1347 632 1424 μὲν
647 1341 690 1406 οὖν
704 1349 772 1405 κατὰ
784 1350 827 1404 τὸν
841 1348 987 1426 Ὁμηρικὸν

211 1435 448 1514 νόμονδβασιλεθς
463 1437 514 1492 ἐπ’
532 1434 633 1510 ἤματι
654 1434 835 1512 δακρύσας,
858 1437 988 1514 ἀπεχιιίρει

211 1523 257 1582 σθν
272 1525 309 1604 τῷ
322 1526 426 1602 στρατῷ
438 1521 471 1580 τδι
480 1522 549 1580 κατδ
563 1521 606 1580 τόν
625 1521 739 1597 πόλεμον
752 1522 881 1591 διαθήσων
897 1524 986 1596 (394).

211 1615 370 1669 Tillernont.
387 1616 417 1682 V,
432 1631 463 1686 p.
485 1613 552 1682 374.

360 1773 554 1834 nPKnnioz
575 1773 640 1832 lini
661 1773 841 1833 ΟΝΩΡΙΟΣ.

574 1923 622 1978 62.

251 2067 318 2120 Eae.
332 2067 374 2118 De
385 2074 458 2117 sent.
472 2081 502 2135 p.
521 2061 589 2130 281,
607 2061 662 2116 282
680 2079 686 2118 :
701 2058 763 2119 Ὅτι
778 2062 801 2117 οἱ
816 2060 906 2126 παῖδες
915 2065 987 2122 Θεο-

211 2148 297 2207 δοσίου
319 2149 362 2206 ἐπὶ
383 2153 428 2218 τ’ἦς
450 2147 582 2224 βασιλείας
604 2149 681 2205 αὐτοῦ
703 2146 826 2216 ἔστησαν.
855 2150 888 2206 Ei
911 2148 939 2205 δέ
959 2148 987 2206 τό

212 2235 393 2314 ἀληθέστερον,
406 2234 470 2312 ὅπερ
490 2233 544 2291 ἐστὶ
557 2235 650 2300 σκοπός
670 2235 799 2312 ἱστορίας,
820 2235 988 2312 προστιθέναι

210 2325 252 2380 δεῖ
262 2324 314 2388 τοῖς
322 2321 520 2400 γεγενημένοις,
538 2319 567 2378 rb
581 2319 628 2396 μέν
640 2320 724 2390 ὄνομα
741 2312 772 2390 iv
786 2325 837 2378 τῶν
853 2321 988 2398 βασιλέων,

210 2409 240 2468 'rb
254 2408 281 2468 δέ
295 2408 368 2488 ἔργον
382 2413 433 2466 τῶν
447 2405 494 2484 μέν
508 2407 577 2465 κατά
591 2407 639 2476 τὴν
652 2406 722 2487 ἑῴαν
743 2407 897 2486 Ῥορρίνου,
915 2408 948 2465 τά
962 2409 989 2465 δέ

211 2497 321 2576 ἑσπέρια
337 2496 500 2573 Στελίχωνος
521 2496 556 2561 εἰς
572 2493 677 2552 όποσαν
695 2494 823 2562 ἐξουσίαν·
838 2493 905 2553 οθτω
928 2499 989 2570 γοῦν

212 2587 235 2642 οἱ
249 2583 295 2660 μὲν
312 2586 426 2663 βασιλεῖς
440 2581 610 2640 ἐπιτάττοντα
622 2581 694 2661 παρὰ
707 2587 756 2640 τῶν
770 2582 988 2660 ἐπιτροπευόντων

211 2671 257 2738 τάς
271 2672 371 2750 ἀρχάς,
387 2673 410 2728 oi
435 2671 462 2728 δέ
487 2668 695 2748 ἐπιτροπεύοντες
717 2669 758 2728 isi
778 2669 841 2748 πρὸς
861 2670 989 2739 ἀλλήλους

211 2759 354 2834 ἐπολέμουν
364 2759 453 2836 ὥσπερ
466 2757 659 2834 βασιλεύοντες,
671 2762 785 2836 φανερῶς
798 2759 844 2832 μὲν
855 2759 901 2815 οὐκ
915 2761 989 2816 ἐναν·

211 2847 269 2912 τῖας
280 2847 370 2924 χεῖρας
384 2845 429 2903 καί
448 2843 518 2903 ὅπλα
536 2845 674 2922 ἀράμενοι,
689 2845 774 2925 κρύφα
790 2846 816 2903 δέ
832 2847 933 2916 ἀπάτης
944 2846 989 2904 καῖ

213 2934 289 2990 δόλου
303 2931 382 3007 μηδὲν
395 2931 590 2996 θπολείποντες·
603 2931 644 2988 διά
654 2930 704 3009 γάρ
716 2931 848 3007 μαλακίαν
859 2934 903 2990 καῖ
913 2933 988 2990 ἀσθέ-

213 3042 282 3077 νειαν
295 3023 381 3098 ψυχῆς
393 3019 423 3076 τό
431 3019 534 3097 διίρπον
548 3019 592 3077 καῖ
605 3017 716 3077 ὕπουλον
726 3023 775 3076 τῶν
790 3021 988 3097 μηχανημάτων

213 3109 298 3172 αὐτοῖς
310 3109 345 3173 ὡς
357 3108 507 3184 ἀνδρεῖον...
522 3146 523 3149 ¹
877 3137 881 3143 ·

251 3199 294 3252 De
307 3211 338 3251 re
357 3197 393 3251 cf.
410 3197 514 3254 Zosim.
528 3199 561 3266 V,
577 3215 589 3251 1
606 3194 678 3271 (395
690 3213 721 3270 p.
737 3193 795 3272 C.].
810 3199 875 3253 Post
890 3199 948 3252 baec
960 3200 989 3252 in

213 3283 312 3340 codice
324 3286 462 3340 Vaticano
480 3283 676 3340 desiderantur
689 3287 800 3359 paginae
814 3285 886 3344 drrae.
907 3311 918 3334 ι
933 3289 989 3340 De·

212 3391 309 3427 rncrsae
324 3383 389 3428 sunt
403 3375 506 3447 partim
520 3375 617 3428 saltem
637 3392 696 3441 res,
713 3391 782 3444 quas
796 3373 893 3430 scribit
910 3374 989 3431 Zosi-

212 3479 275 3514 mus
286 3462 320 3528 V,
335 3477 447 3528 2-103
460 3479 560 3532 nempe
574 3457 670 3515 Rufini
682 3471 709 3514 et
720 3461 887 3514 Stelichonis
898 3461 988 3514 simul·

578 3647 622 3696 or.

244 3735 390 3784 Theodosius
400 3735 575 3796 imperatricem
585 3735 721 3784 defunctam
732 3749 774 3797 per
788 3749 863 3784 unum
871 3735 913 3783 rix
922 3735 990 3783 diem

213 3811 320 3860 deflevit.
336 3815 396 3860 Nam
417 3812 467 3873 ipsa
484 3811 612 3860 necessitas
630 3815 654 3860 et
671 3825 779 3873 praesens
793 3812 883 3860 betium
893 3812 990 3861 'obum-

214 3888 316 3938 brabant
329 3889 403 3950 ipsius
417 3888 534 3950 dolorem,
549 3901 622 3950 quem
640 3901 671 3937 es
680 3901 756 3936 uxore
769 3888 893 3938 sentiebat.

579 3985 623 4036 62.

246 4085 322 4135 Liberi
332 4085 458 4136 Theodosii
471 4087 480 4146 (
491 4088 619 4134 Honorius
627 4087 652 4134 et
659 4085 786 4135 Arcadius
794 4086 803 4146 )
811 4084 936 4146 imperium
949 4097 992 4145 pa·

213 4164 287 4211 trium
297 4163 449 4223 obtinebant(
459 4167 504 4212 395
513 4176 536 4224 p.
549 4167 576 4212 G.
585 4163 604 4224 i.
617 4165 788 4212 Venrmfamen
797 4163 817 4212 si
825 4163 920 4222 veritas,
928 4161 993 4224 quod

214 4247 251 4291 est
263 4242 409 4303 precipuum
424 4242 528 4290 tristoriae
537 4242 698 4304 propositum,
710 4241 810 4290 dicenda
822 4243 874 4301 est,
893 4240 926 4289 iili
938 4241 993 4302 qui·

215 4319 269 4366 deni
279 4319 451 4367 nominetenus
462 4331 527 4380 reges
536 4321 613 4378 eraut,
624 4331 706 4379 reapse
713 4321 793 4367 aulem
802 4319 826 4365 in
836 4317 933 4366 Oriente
943 4320 993 4366 liu-

215 4395 286 4452 ssnus,
295 4394 318 4442 in
326 4395 455 4444 Occidente
465 4397 576 4455 Stelicbo,
584 4408 702 4444 summam
712 4408 792 4443 rerum
803 4397 943 4456 potestatem
954 4394 993 4443 ba·

216 4471 312 4520 bebant.
331 4472 370 4520 sic
392 4485 447 4532 ergo
463 4472 617 4534 imperatores
635 4472 760 4532 quideme
781 4471 932 4520 curatoribus
944 4470 994 4520 suis

216 4549 370 4608 segmentum
380 4547 424 4608 ipsi
436 4562 492 4596 raro
505 4552 626 4597 curatores
641 4551 781 4610 perpetuum
791 4549 851 4597 inter
859 4561 894 4607 se,
911 4560 993 4608 regum

216 4622 299 4681 instar,
314 4623 403 4673 betium
414 4625 543 4685 gerebanl;
553 4637 599 4673 nou
613 4625 645 4673 ita
657 4625 784 4686 equidem,
797 4625 824 4673 ut
834 4625 928 4685 publice
941 4637 989 4672 nia·

216 4713 262 4748 nan
270 4703 295 4750 et
306 4713 373 4749 arma
383 4702 484 4750 invicem
496 4703 619 4762 inferrent,
629 4703 691 4750 clam
700 4705 780 4750 unien
790 4700 849 4749 nulli
859 4701 936 4749 fraudi
948 4701 992 4749 do·

217 4777 289 4838 ioque
306 4778 443 4838 parcebant.
460 4783 558 4840 Propter
570 4779 711 4828 suumenim
719 4781 858 4838 corruptum
868 4777 994 4838 ignarum·

216 4867 263 4915 que
272 4855 378 4904 animum
391 4855 504 4916 quicquid
514 4857 565 4904 erat
576 4855 671 4906 subdoli
687 4856 825 4918 fallaciaque
834 4854 938 4914 artificii,
951 4867 994 4916 pro

217 4932 280 4982 cirili
291 4933 394 4982 facinore
403 4933 541 4985 habebunt.

589 5018 634 5069 63.

247 5114 346 5165 Rufinus
353 5115 399 5166 sub
409 5115 541 5167 Tireodosio
551 5117 604 5168 fuit.
617 5119 695 5168 iiomo
705 5115 822 5179 profundo
830 5114 994 5176 consilioprae·

1032 489 1101 534 tates
1128 491 1156 533 ct
1187 479 1335 534 insolentia
1368 481 1514 546 facinora3
1543 480 1659 534 Luciani
1696 484 1806 536 conniis

1031 569 1220 640 supplicium
1239 567 1354 621 Arcadii
1374 569 1480 640 nuptiae
1502 584 1565 620 cum
1585 557 1644 620 filia
1664 567 1807 636 Promoti,

1032 655 1092 708 lusa
1105 653 1200 708 Rufini
1225 657 1450 727 exspectatione3
1473 655 1594 708 Honorii
1616 655 1683 707 item
1703 658 1807 727 nuptiae

1032 759 1096 794 cum
1111 741 1277 796 Steiiclronis
1288 741 1359 810 fiiia;
1382 743 1488 796 Alarici
1502 759 1553 814 per
1571 741 1705 796 Graciam
1716 755 1809 798 rasia-

1033 829 1138 895 tiones,
1151 830 1231 882 salvis
1244 840 1337 882 tamen
1357 829 1490 896 Allienis3
1504 829 1672 884 Stelichonis
1692 831 1721 882 in
1734 832 1809 884 Grae·

1032 916 1104 968 ciam
1127 915 1263 970 adventus
1285 935 1318 970 ex
1335 933 1422 987 eaque
1435 934 1591 988 regressus3
1610 914 1705 970 Rufini
1728 917 1809 972 deni·

1032 1021 1087 1074 que
1107 1004 1195 1058 eredes
1214 1007 1234 1058 ιί
1253 1005 1418 1058 Steiiciionis
1445 1004 1581 1058 militibus
1601 1014 1725 1077 patrata;
1750 1026 1809 1078 quo

1033 1091 1180 1156 exstincto,
1194 1101 1317 1163 potestas
1325 1092 1585 1162 liutropiieunuchi
1593 1093 1621 1144 in
1630 1092 1694 1146 aula
1704 1093 1811 1165 Byzan-

1033 1178 1091 1231 tina
1102 1197 1131 1232 se
1143 1179 1242 1232 efferre
1254 1180 1348 1251 coepit.
1368 1201 1379 1226 ν
1395 1181 1462 1236 Mar.

1396 1314 1444 1370 63.

1073 1450 1173 1504 Suidas
1198 1447 1420 1527 :‘Poupivor.
1443 1441 1526 1514 Obana
1548 1449 1590 1507 ἐπλ
1610 1453 1749 1512 Θεοδοσίου
1764 1448 1808 1524 ἧν,

1035 1535 1211 1612 βαθυγνιύμων
1224 1535 1356 1613 ἄνθρωπος
1372 1535 1416 1592 καὶ
1428 1536 1573 1615 κρυψίνους.
1589 1528 1677 1596 ἾΙσαν
1693 1541 1719 1596 δὲ
1734 1533 1807 1606 οὗτός

1033 1621 1124 1678 τεκαὶ
1150 1621 1283 1701 Στελίχων
1305 1623 1440 1703 ἐπίτροποι
1463 1627 1514 1680 τῶν
1535 1625 1675 1699 Θεοδοσίομ
1695 1629 1806 1686 παίδων.

1034 1705 1128 1788 Ἄμφω
1149 1707 1198 1786 [δὲ]
1219 1709 1251 1766 τά
1266 1709 1351 1766 πάντα
1367 1711 1538 1790 συνήρπαζον,
1560 1713 1585 1768 ἐν
1604 1715 1641 1791 τῷ
1661 1713 1766 1794 πλούτῳ
1781 1718 1810 1773 τὸ

1034 1795 1127 1873 κράτος
1140 1799 1283 1871 τιθέμενοι,
1307 1797 1350 1854 καῖ
1363 1797 1443 1862 οὐδεὶς
1458 1790 1527 1876 εἶχεν
1542 1798 1606 1856 ἴδιον
1628 1801 1710 1874 οὐδὲν,
1732 1806 1753 1858 εἰ
1770 1802 1807 1877 μὴ

1033 1881 1132 1948 τούτοις
1145 1883 1229 1951 ἔδοξε·
1242 1885 1313 1943 δίκαι
1323 1908 1351 1942 τε
1363 1885 1464 1943 ἅπασαι
1475 1887 1537 1966 πρὸς
1548 1888 1643 1944 τούτοιν
1654 1889 1810 1962 ἐδικάζοντο,

1034 1969 1079 2027 καλ
1090 1969 1169 2036 πολθς
1183 1963 1214 2042 ἦν
1225 1972 1301 2050 ὄχλος
1310 1976 1361 2029 τῶν
1373 1973 1550 2051 περιθεόντων,
1559 1973 1584 2031 εί
1594 1975 1643 2032 πού
1655 1999 1702 2033 τινι
1714 1979 1811 2055 χωρίον

1035 2057 1147 2136 ὑπάρχοι
1162 2058 1319 2134 παντομιγίς
1337 2082 1365 2116 τε
1378 2060 1423 2117 καὶ
1436 2059 1579 2139 εὔκαρπον·
1592 2061 1637 2119 καὶ
1652 2067 1666 2119 ὁ
1683 2064 1811 2136 δεσπότης

1035 2143 1107 2210 εύθθς
1121 2144 1301 2226 συνήρπαστο,
1314 2147 1470 2226 κατηγορίας
1487 2147 1673 2222 πεπλασμένης
1689 2151 1810 2226 εὐλόγου,

1035 2231 1077 2288 διά
1092 2254 1167 2288 τινων
1182 2233 1325 2311 ὑφειμένων
1335 2233 1526 2310 ἐνηδρευμένος.
1542 2235 1594 2292 Καὶ
1613 2239 1626 2292 ὁ
1647 2236 1814 2312 ἀδικούμενος

1034 2319 1163 2394 ἠδικεῖτο,
1174 2325 1219 2376 τοῦ
1229 2321 1375 2386 ἀδικοῦντος
1386 2321 1523 2399 κρίνοντος.
1537 2320 1582 2386 Ἐς
1589 2327 1664 2380 τοῦτο
1677 2325 1812 2398 (τοσοῦτον

1035 2408 1113 2463 Suid.
1129 2427 1155 2462 v.
1173 2406 1377 2486 Ἀμετροκοίκου)
1393 2408 1420 2466 δέ
1434 2414 1448 2467 θ
1461 2410 1594 2487 Ῥουμῖνος
1606 2410 1737 2489 ἐχώρησεν
1749 2417 1814 2487 άμε-

1035 2493 1162 2572 τροκάκου
1176 2495 1341 2568 πλεονεξίας,
1364 2496 1494 2555 ὥστεκαὶ
1520 2498 1669 2576 ἀνδράποδα
1694 2501 1810 2574 δημόσιαι

1036 2584 1202 2658 άπημπόλει,
1221 2583 1266 2640 καῖ
1297 2584 1345 2642 ὅσα
1368 2584 1481 2660 δημόσια
1504 2585 1657 2661 δικαστήρια
1681 2584 1813 2668 Ῥουμίνῳ

1037 2671 1131 2734 πάντες
1145 2669 1272 2738 ἐδίκαζον.
1290 2671 1343 2729 Καὶ
1354 2675 1366 2727 θ
1381 2675 1431 2728 τῶν
1446 2671 1564 2729 κολάκων
1575 2671 1634 2749 περὶ
1646 2672 1723 2730 αὐτόν
1734 2675 1813 2752 ὄχλος

1035 2748 1065 2826 ἦν
1077 2756 1166 2822 πολύς.
1182 2759 1216 2816 Οἱ
1232 2756 1258 2814 δέ
1273 2753 1382 2825 κόλακες
1393 2757 1452 2837 χθὲς
1467 2757 1513 2833 μὲν
1524 2758 1568 2816 καὶ
1583 2757 1672 2837 πρώην
1686 2762 1814 2840 δεδρακό-

1034 2866 1075 2908 τες
1095 2849 1139 2901 rob
1160 2845 1301 2916 καπηλείου
1324 2845 1368 2903 καὶ
1388 2852 1433 2904 τοῦ
1448 2845 1481 2903 τά
1509 2846 1592 2924 βάθρα
1616 2847 1750 2904 καλλύνειν
1766 2851 1812 2909 καὶ

1035 2930 1160 3012 τοῦδαφος
1181 2935 1275 3010 κυρεῖν,
1288 2931 1348 3011 ἄρτι
1360 2931 1387 2990 δέ
1402 2933 1540 3011 χλαμύδας
1550 2933 1596 2998 τάς
1609 2955 1636 2990 τε
1650 2933 1813 3013 εὖπαρύρους

1035 3018 1211 3091 ἐνδεδυκότες,
1227 3019 1272 3077 καλ
1285 3018 1405 3099 περόναις
1418 3029 1529 3099 χρυσαῖς
1549 3023 1812 3097 διαπεπερονημένοι,

1035 3104 1080 3163 καῖ
1102 3115 1225 3187 σρραγῖσι
1248 3106 1410 3186 χρυσοδέτοις
1433 3105 1608 3187 διεσριγμένοι
1638 3109 1691 3168 Ὗ.
1714 3107 1755 3167 Τά
1784 3109 1811 3165 δὲ

1035 3194 1120 3252 πολλὰ
1140 3195 1209 3253 κατά
1232 3193 1368 3274 Ῥουφῖνον
1391 3194 1474 3274 εύροις
1498 3197 1524 3252 ἐν
1545 3200 1577 3272 τῇ
1598 3201 1643 3254 τοῦ
1665 3197 1814 3275 Σαρδιανοῦ

1035 3284 1170 3340 Εύναπίου
1184 3281 1375 3362 Χρονογραρίᾳ.

1074 3371 1206 3442 Ejusdem
1217 3375 1272 3426 loci
1282 3373 1433 3444 particulas
1443 3371 1543 3427 Suidas
1552 3372 1665 3427 exhibet
1675 3392 1721 3427 vv.
1738 3372 1814 3428 Παν-

1034 3456 1145 3533 ταμιγές.
1157 3457 1357 3536 Ἀμετροκάκου.
1371 3457 1470 3535 Βάθρα.
1483 3454 1632 3516 Καλλύνων.
1646 3455 1757 3535 Περόνη.
1775 3461 1810 3512 ln

1033 3624 1113 3684 ditus,
1126 3627 1150 3673 et
1167 3626 1301 3674 occultator
1318 3625 1400 3674 animi.
1434 3625 1477 3672 iiic
1495 3627 1576 3673 autern
1587 3627 1612 3672 et
1624 3623 1729 3672 Steliciio
1744 3627 1817 3672 erant

1034 3701 1231 3750 tutoresfriiorum
1240 3701 1373 3751 Theodosii.
1381 3701 1543 3750 Amboomnia
1550 3700 1682 3762 rapiebant,
1691 3701 1714 3747 in
1723 3700 1816 3747 diritiis

1034 3778 1395 3839 potentiamsuamcofiocantss.
1405 3781 1454 3826 Nec
1463 3780 1591 3839 quisquam
1600 3777 1731 3838 quidquam
1739 3777 1816 3824 babe-

1035 3854 1213 3917 batproprium,
1221 3856 1309 3904 nisibis
1317 3857 1450 3917 placuisset.
1460 3860 1597 3915 Omnesque
1607 3853 1753 3915 causeapud
1766 3855 1813 3902 tros

1033 3931 1210 3994 judicabantur,
1225 3945 1356 3994 magnaque
1363 3930 1493 3982 multitudo
1502 3931 1741 3980 circumcursantium
1751 3934 1814 3990 erat,

1035 4011 1054 4059 si
1069 4011 1130 4060 forie
1150 4012 1221 4060 alicui
1238 4011 1355 4074 praedium
1376 4011 1472 4072 aliquod
1485 4013 1546 4060 esset
1563 4009 1668 4072 locuples
1681 4012 1706 4058 et
1726 4009 1814 4058 fertile.

1035 4091 1095 4136 ilani
1105 4087 1217 4137 dominus
1229 4089 1351 4138 confestim
1362 4087 1542 4148 corripiebatur,
1549 4087 1701 4136 accusatione
1708 4087 1818 4147 speciosa

1035 4164 1149 4214 adversus
1160 4179 1215 4213 eum
1223 4166 1325 4214 conficta
1339 4179 1380 4227 per
1387 4165 1538 4226 quorundam
1545 4163 1721 4213 emissariorum
1730 4163 1818 4211 snbor-

1035 4245 1146 4292 natorum
1158 4243 1264 4292 insidias.
1274 4247 1366 4304 ltaque,
1377 4243 1416 4291 cui
1423 4243 1495 4292 fiebat
1504 4241 1600 4303 injuria,
1610 4240 1818 4288 condemnabatur

1036 4320 1066 4368 ab
1075 4321 1280 4381 aucloreim'uriaa.
1291 4319 1392 4368 Rufinus
1400 4325 1481 4368 autem
1493 4332 1521 4367 eo
1531 4319 1654 4367 immensos
1665 4319 1688 4365 et
1698 4317 1817 4376 improbae

1036 4399 1144 4447 avaritias
1160 4399 1287 4460 processit,
1299 4402 1326 4447 ut
1341 4398 1376 4446 rel
1387 4399 1436 4459 ipsa
1452 4396 1547 4459 publica
1563 4394 1680 4456 mancipia
1691 4395 1817 4455 venderet,

1036 4477 1060 4523 et
1072 4475 1167 4536 publica
1183 4476 1293 4536 praitoria
1301 4476 1382 4524 omnia
1392 4475 1416 4523 in
1426 4473 1506 4524 Rufini
1517 4473 1617 4534 gratiam
1626 4472 1771 4533 judicarent.
1786 4475 1818 4520 at

1036 4553 1187 4602 adulawrum
1199 4554 1269 4602 turba
1279 4553 1342 4601 cirea
1351 4566 1405 4602 eum
1422 4565 1508 4614 magna
1522 4553 1575 4601 fuit.
1606 4550 1747 4599 adulatores
1758 4564 1818 4598 rem

1037 4633 1087 4681 lieri
1098 4632 1195 4694 quidem
1205 4636 1229 4680 et
1238 4631 1411 4680 nudiustertius
1426 4631 1538 4693 cauponis
1551 4631 1614 4679 servi
1625 4630 1706 4687 erant,
1717 4630 1745 4676 ut
1756 4629 1817 4677 sub·

1036 4706 1102 4756 sellia
1120 4710 1248 4768 purgarent
1267 4709 1291 4754 ct
1308 4709 1444 4768 pavimenta
1461 4709 1584 4755 sarrecent
1599 4706 1664 4765 :jam
1678 4717 1736 4752 vero
1747 4706 1817 4753 ciria-

1037 4785 1120 4846 mydes
1132 4785 1223 4846 egregie
1237 4786 1365 4844 praetentas
1381 4785 1513 4846 gestabant,
1526 4787 1550 4832 et
1560 4783 1638 4832 aureis
1647 4782 1726 4831 fibulis
1738 4785 1818 4831 restes

1037 4865 1177 4913 constrictas
1184 4863 1299 4924 terebant,
1307 4867 1330 4912 et
1338 4864 1483 4924 sigillisauro
1491 4861 1587 4911 inclusis
1594 4861 1815 4923 digitosornabant.

1038 4946 1154 4995 Plurimae
1163 4957 1218 4994 cero
1230 4944 1308 4994 Rufini
1320 4944 1496 4994 criminationes
1506 4942 1609 5004 reperias
1618 4942 1641 4990 iu
1653 4942 1753 5003 Euuapii
1762 4944 1817 4990 Sar·

1037 5024 1101 5075 diani
1111 5025 1313 5088 climnogrspiria.
