3908 5732
827 251 868 339 in
890 278 1094 340 votuumn
1116 281 1136 338 ι.
1724 287 1776 338 sn

187 406 234 466 τὸν
241 405 331 485 νεκρδν
345 403 466 474 ίξίῦαλον
474 405 553 464 αῦτοῦ
567 403 638 472 tart<
650 407 700 464 τῶν
712 403 788 486 ὅρων,
800 407 846 486 [ὡς
852 409 874 487 t]
885 407 962 488 φησίν
1007 411 1134 482 aliquod,
1146 413 1200 464 otia
1211 426 1245 462 aa
1257 407 1453 482 tranquillitati
1462 411 1566 478 injecit,
1583 407 1781 460 Himeraeorum

189 493 368 568 Ἐπιτιμίδης.
1007 502 1113 552 moenia
1123 503 1195 551 inter
1203 493 1326 565 essusam
1341 497 1382 549 ad
1392 493 1518 568 officium
1538 506 1566 548 et
1579 493 1620 548 nd
1638 505 1782 566 spectacu-

231 607 243 633 ε
258 583 434 642 Crediderim
453 600 518 636 cum
534 581 694 652 Scheiiem,
712 583 823 658 Fabio,
844 585 961 640 Kuhnio
1006 586 1281 655 culumejusturoam
1293 567 1438 637 idtrantem
1449 595 1480 637 ut
1492 581 1782 656 adspexit,i1uncesse

187 671 306 743 intelligi
315 671 465 736 Timaeum,
481 669 530 741 qui
544 670 658 724 nomine
669 670 806 744 Epitimsei
819 671 857 724 ob
868 673 961 726 conti·
1007 677 1126 744 quentin
1139 675 1230 744 quiete
1237 672 1357 738 uiderat,
1365 668 1519 740 uociferata
1529 682 1578 724 est.
1593 670 1633 722 ld
1640 673 1780 742 cognitum

186 775 257 811 nuas
271 756 490 811 obtrectationes
500 754 553 808 fuit
562 757 727 829 appellatus,
743 774 835 828 eoque
845 759 959 812 nourine
1008 771 1137 830 tyranno,
1155 777 1248 812 curam
1262 759 1522 814 tollendaemuiieris
1529 759 1618 811 dedit.

188 845 289 898 citatus
298 844 382 898 etiam
393 841 429 895 ab
440 841 574 897 Athenaeo
583 844 632 910 VI,
644 861 691 898 no.
701 844 794 898 Facile
806 851 900 898 autem
910 843 962 898 ἐπι·
1047 845 1147 900 Suidas
1161 843 1203 916 let
1217 843 1315 916 thot.)
1332 864 1337 898 :
1353 841 1491 920 Ἱερείας
1506 840 1670 902 ἐνύπνιον.
1691 838 1780 899 Ἄλλοι

187 931 391 1004 τιμαῐοςροίυίε
401 929 547 1002 corrumpi
557 929 587 982 in
596 927 752 1000 inseruibat,
765 931 817 984 nisi
828 932 891 1003 quis
904 948 962 984 ma·
1008 928 1036 987 δέ
1047 952 1110 1008 φασι
1118 932 1169 987 δεῖν
1180 931 1280 1006 μᾶλλον
1295 928 1427 1006 Ἱμεραίας
1439 928 1556 987 ἐνύπνιον
1566 929 1696 1005 λέγεσθαι.
1712 927 1733 986 ‘l
1737 951 1781 1003 με·

187 1019 221 1072 lit
231 1018 359 1086 credere,
379 1027 411 1070 ut
422 1014 489 1070 iacit
501 1016 646 1085 Kuhnius‚
663 1017 793 1072 consulto
814 1017 854 1070 ita
870 1018 964 1091 appel·
1008 1015 1069 1093 ραία
1082 1017 1108 1074 δὲ
1119 1021 1198 1094 γραῦς
1211 1039 1262 1087 τις,
1277 1014 1311 1082 tl<
1327 1039 1414 1095 φασιν,
1432 1020 1493 1094 δρᾶν
1508 1015 1603 1086 ἑαυτὴν
1611 1015 1694 1073 ἐδόκει
1715 1017 1781 1072 ἀνα-

187 1106 275 1160 latum
296 1105 331 1159 ab
348 1114 465 1158 auctore
484 1119 515 1156 ea
534 1101 639 1170 forma,
663 1121 720 1175 qua
739 1121 823 1176 supra
846 1103 913 1176 (111,
930 1102 961 1176 7)
1007 1103 1119 1178 γομένην
1143 1105 1177 1168 είς
1199 1101 1333 1181 οὐρανούς·
1349 1102 1393 1160 καί
1407 1105 1472 1172 δῆτα
1487 1104 1610 1160 ἐλθοῦσαν
1627 1105 1662 1167 εἰς
1683 1101 1715 1159 τὰ
1735 1107 1781 1160 τοῦ

153 1213 156 1222 ¹
188 1187 340 1264 δυσμενίδας
351 1191 472 1258 vocavit,
489 1191 538 1262 qui
554 1199 633 1244 erant
644 1189 784 1262 proclives
795 1191 825 1244 in
836 1191 962 1246 malevo-
1008 1187 1067 1254 Διὸς
1097 1188 1228 1262 οἰκήματα
1252 1187 1394 1246 θεάσασθαι
1415 1188 1495 1266 ἄνδρα
1517 1189 1623 1268 πυρρὸν,
1647 1187 1781 1259 δεδεμένον

187 1279 301 1334 lentiam
321 1279 351 1334 h.
369 1296 396 1336 e.
418 1273 578 1349 δυσμενείας.
599 1301 611 1324 ι
634 1277 815 1333 Ρεαιαοοιυε.
834 1277 963 1332 Ceterum
1008 1273 1100 1332 ἁλύσει
1114 1277 1207 1355 σιδηρᾷ
1223 1275 1272 1334 tat
1287 1275 1329 1332 τθν
1346 1275 1472 1353 βασιλέως
1485 1274 1743 1353 θρόνον·πυθομε’νην
1755 1276 1782 1332 δὲ

186 1365 245 1420 λιεεο
261 1363 372 1438 longius
383 1364 470 1437 petita
481 1380 539 1417 esse
553 1362 696 1417 videntur.
709 1363 818 1435 Quodsi
829 1365 963 1418 Timaeum
1007 1361 1045 1426 τίς
1065 1360 1121 1432 εἴη,
1135 1366 1148 1420 ό
1162 1363 1293 1441 ἀλάστωρ,
1316 1364 1441 1434 ἀκοῦσαι,
1455 1367 1501 1432 τῆς
1524 1363 1653 1429 Σικελίας.
1676 1363 1715 1422 Τὸ
1735 1361 1782 1437 μὲν

188 1449 312 1506 AElianus
333 1451 442 1518 citarit,
457 1467 517 1516 cur,
529 1466 637 1521 quaeso,
659 1449 690 1504 id
709 1450 805 1504 fuisset
822 1468 893 1505 voce
911 1451 962 1504 ista
1008 1445 1122 1506 ἐνύπνιον
1137 1451 1163 1506 ἐν
1179 1449 1273 1528 τούτῳ·
1295 1447 1443 1529 ὕστερονδὲ
1463 1450 1563 1528 χρόνοις
1578 1452 1668 1508 ἰδοῦσα
1688 1471 1783 1527 τυραν-

187 1550 284 1608 utens‚
305 1557 368 1611 quae
381 1537 466 1592 iidem
482 1537 659 1592 imminueret
677 1539 733 1606 rei,
749 1555 804 1609 qua
827 1538 962 1611 placitum
1006 1539 1098 1593 νοῦντα
1114 1533 1156 1592 τδν
1172 1535 1303 1594 Διονύσιον
1326 1535 1397 1594 τότε
1419 1535 1482 1614 ὄναρ
1498 1537 1603 1600 πολλοῖς
1619 1536 1781 1612 διηγήσατο,

187 1645 267 1682 suum
292 1635 394 1680 auctor
415 1623 614 1678 illustrandum
642 1641 700 1678 esse
720 1621 817 1678 ducit?
845 1625 963 1680 Accedit
1007 1611 1783 1701 καλαύτὸνείναιτθντεθεσμίνονἀπήγγειλενῆνόργισθεὶς

186 1714 267 1786 quod
282 1731 406 1785 nomen,
421 1711 504 1785 quale
518 1721 558 1766 est
572 1711 602 1764 in
620 1708 716 1778 codd.,
736 1709 807 1766 nihil
831 1709 959 1766 offendit.
1008 1705 1292 1772 antissiodorum.
1305 1711 1348 1769 Cf.
1361 1711 1553 1784 Bektmnp.
1567 1710 1633 1776 266,
1644 1711 1781 1768 Proverb.

186 1801 322 1854 Novimus
337 1809 440 1854 certae
453 1799 537 1871 Diog.
549 1799 587 1864 11,
603 1796 639 1852 86
650 1798 831 1870 Epitimidem
839 1797 964 1872 philoso·
1007 1795 1121 1854 Coislin.
1139 1798 1195 1867 267
1218 1809 1246 1852 et
1261 1798 1424 1853 Heraclides
1447 1797 1528 1854 Pont.
1552 1816 1596 1870 ap.
1617 1799 1779 1854 Tertullian.

186 1887 275 1960 phum
288 1886 469 1958 Cyrenaeum,
487 1886 536 1958 qui
550 1885 611 1958 ipse
626 1884 721 1940 forsan
734 1885 838 1940 librum
852 1886 963 1959 scripsit
1006 1901 1036 1956 p.
1053 1883 1108 1950 346
1120 1884 1166 1940 ed.
1182 1885 1285 1958 Rigalt.
1309 1883 1358 1961 (V.
1377 1897 1443 1939 tom.
1459 1886 1497 1954 ll,
1511 1904 1540 1958 p.
1562 1903 1628 1955 noo,
1651 1896 1712 1939 not.
1730 1887 1782 1940 Eu-

187 1976 299 2046 qualem
316 1970 383 2049 ΙΙερλ
394 1971 510 2035 παλαιᾶς
527 1973 623 2050 τρυφῆς
635 1973 794 2046 Aristippus
816 1974 962 2046 Cyrenaeus
1006 1969 1089 2028 stath.
1112 1971 1143 2024 in
1163 1973 1247 2028 llom.
1271 1972 1304 2027 ll.
1325 1991 1356 2045 p.
1383 1971 1473 2044 1223,
1501 1971 1530 2028 6.
1553 1972 1691 2029 Suidasv.
1709 1968 1782 2044 Ἱμε-

186 2063 328 2136 scripsisse
342 2061 455 2118 dicitur.
1007 2052 1100 2133 puio.)

225 2149 291 2220 Pag.
304 2145 371 2214 215,
385 2145 417 2201 fr.
433 2161 466 2218 9¹
484 2164 515 2217 a,
526 2145 576 2198 lin.
594 2150 621 2209 l.
635 2174 673 2186 -
689 2145 758 2200 Dele
769 2145 840 2200 illud
857 2165 864 2200 :
888 2149 897 2218 (
905 2149 959 2219 leg.
1046 2146 1114 2220 Peg.
1130 2151 1185 2210 nal,
1199 2163 1226 2214 a,
1239 2146 1287 2200 lin.
1305 2151 1331 2214 l,
1350 2145 1387 2200 ad
1402 2145 1499 2220 fragm.
1519 2144 1573 2201 123
1588 2145 1660 2200 adde
1675 2165 1736 2218 quae
1748 2147 1778 2200 iu

185 2229 329 2308 ob');nam
344 2250 488 2306 numerus,
502 2249 585 2304 quem
600 2232 666 2286 libri
678 2251 741 2290 mss.
755 2234 894 2307 praebent,
911 2238 962 2290 etsi
1006 2241 1098 2288 antec.
1115 2233 1293 2287 Marcellinus
1307 2235 1345 2286 ait
1367 2251 1393 2289 c.
1411 2231 1447 2288 25
1464 2249 1472 2289 ε
1490 2231 1538 2300 Μὴ
1561 2229 1710 2304 πειθώμεθα
1730 2233 1780 2288 Τι-
1811 2239 1813 2244 “

186 2322 413 2394 corruptissimus
435 2337 493 2374 esse
515 2318 656 2386 videatur,
683 2319 865 2375 nihilominus
889 2321 962 2376 bene
1008 2314 1078 2394 μαίῳ
1089 2315 1190 2392 λέγοντι
1202 2320 1236 2382 ὡς
1251 2314 1338 2398 φυγὼν
1351 2315 1535 2393 (Θουκυδίδης)
1551 2315 1652 2393 ᾤκησεν
1667 2318 1693 2374 ἐν
1710 2315 1781 2374 Ἰτα-

185 2407 282 2462 habct.
298 2411 330 2465 V.
341 2410 454 2480 Fragm.
468 2406 596 2462 chronol.
608 2425 636 2480 p.
652 2405 716 2464 125.
1006 2402 1059 2480 λίορ.
1077 2405 1121 2465 Ci.
1136 2408 1257 2479 Kriiger.
1268 2408 1360 2460 Lebcn
1371 2407 1400 2460 d.
1415 2407 1538 2478 Thucyd.
1553 2425 1584 2478 p.
1604 2405 1649 2461 51.

225 2498 294 2570 Pag.
311 2493 385 2566 nni,
402 2493 435 2548 ir.
456 2511 602 2566 119a.-
616 2493 711 2552 Schol.
725 2493 847 2550 AEschin.
862 2513 890 2568 ρ.
904 2492 958 2565 751
1046 2493 1112 2567 Pag.
1125 2493 1193 2566 225,
1205 2494 1240 2547 ir.
1264 2511 1319 2566 ¹²9
1337 2513 1366 2547 a.
1387 2525 1427 2534 -
1443 2491 1611 2548 Plutarchus
1623 2495 1708 2550 Dion.
1725 2491 1780 2560 35,

185 2583 229 2640 ed.
242 2582 336 2638 Reisk.
349 2600 357 2634 t
373 2578 485 2653 Τίμαιος
496 2577 546 2656 γὰρ
565 2579 637 2657 ἕκτῇ
650 2580 675 2644 ς’
688 2579 723 2656 (ί,
739 2581 765 2637 ἐν
779 2584 811 2658 τῇ
828 2579 877 2654 ις’)
893 2581 961 2638 ίοτο·
1005 2589 1155 2652 postquam
1165 2579 1299 2634 demorte
1311 2579 1416 2633 Philisti
1423 2580 1579 2634 Timonidis
1589 2579 1782 2633 narrationem

187 2668 226 2745 ρεῖ
235 2665 345 2744 γυναῖκά
361 2663 581 2742 τινα,Ἱμεραίαν
593 2662 712 2742 τδγίνος,
727 2666 788 2722 ἰδεῖν
798 2665 860 2744 ὄναρ
875 2668 962 2726 αἰνιοῦ-
1006 2667 1211 2721 memoraicrat
1226 2666 1266 2739 (v.
1281 2668 1391 2722 Timon.
1403 2665 1439 2720 ir.
1454 2684 1483 2736 a,
1500 2677 1569 2721 tom.
1590 2668 1635 2734 11,
1649 2686 1679 2740 ρ.
1696 2665 1743 2734 83,
1753 2678 1782 2720 et

186 2777 235 2812 σαν
250 2752 330 2823 αὑτὴν
345 2754 380 2817 εἷς
393 2750 437 2808 τδν
445 2751 552 2827 ούρανδν
560 2751 624 2832 πρός
636 2773 702 2818 τινος
717 2751 825 2828 ἄγεσθαι
835 2753 960 2830 becconi·
1006 2751 1112 2825 Ephori
1128 2753 1162 2810 ir.
1182 2747 1261 2826 152),
1276 2754 1390 2826 pergit:
1405 2748 1467 2809 Ἔτι
1482 2749 1508 2808 δὲ
1524 2751 1623 2825 μᾶλλον
1638 2749 1780 2829 ἐφυόρίζων

185 2864 231 2913 νην
252 2839 299 2906 τάς
315 2842 367 2898 τῶν
384 2841 447 2902 θεῶν
461 2838 582 2910 οἰκήσεις.
604 2837 687 2898 Ἔνθα
710 2839 771 2896 ἰδεῖν
785 2839 830 2899 καὶ
851 2839 895 2898 τθν
909 2840 960 2902 Δία
1006 2836 1142 2912 θΤίμαιος
1154 2839 1183 2895 ἐκ
1197 2843 1242 2895 τοῦ
1256 2836 1361 2902 σκέλους
1374 2837 1438 2917 φησί
1450 2843 1494 2896 τοῦ
1509 2840 1594 2916 χωλοῦ
1607 2836 1640 2894 ‘tit
1653 2837 1780 2914 παιδάρια

186 2927 355 3002 καθεζόμενον
376 2925 419 2984 ἐπί
443 2925 547 3004 θρόνου,
574 2928 616 3006 ὑφ’
639 2917 668 2984 ob
689 2926 789 2984 ἐδέδετο
811 2926 905 3006 πυρρός
923 2951 961 2995 τις
1005 2921 1144 3001 τθννικρδν
1158 2921 1312 3002 ἐφαψάμενα
1325 2928 1370 2980 τοῦ
1382 2921 1509 2982 Φιλίστου
1525 2921 1610 3001 σύρειν
1625 2922 1667 2980 διδ
1681 2921 1782 2992 τῆςπό·

186 3015 319 3093 ἄνθρωπος
339 3013 384 3072 καὶ
399 3013 481 3090 μίγας
498 3012 589 3072 ἇλύσει
609 3011 654 3070 καλ
672 3015 762 3091 κλοιῷ.
779 3012 900 3093 Ἐρίσθαι
917 3007 960 3074 οῦν
1005 3010 1083 3081 λεως,
1098 3009 1288 3088 χλευαζόμενον
1311 3009 1362 3068 ont
1386 3013 1436 3068 τῶν
1464 3009 1648 3090 Συρακουσίων
1667 3010 1781 3082 πάντυιν,

185 3101 229 3160 τὸν
246 3101 405 3180 περιάγοντα
417 3101 486 3166 ὅστις
497 3099 582 3158 ἐστίν·
595 3099 672 3158 αὐτὸν
681 3100 709 3157 δὲ
717 3101 797 3158 εἰπεῖν
814 3127 825 3152 ο
839 3101 960 3181 ἀλάστωρ
1005 3094 1123 3176 δρώντων
1140 3100 1185 3154 τοῦ
1203 3095 1309 3161 wiltu<
1325 3093 1462 3169 θλνὸμενον
1477 3096 1520 3154 τὸν
1534 3095 1654 3168 εἰπόντε,
1672 3094 1708 3170 μθ
1728 3097 1780 3152 δεῖν

185 3188 241 3246 ἐστὶ
260 3192 305 3258 τῆς
324 3186 445 3255 Σικελίας
459 3187 504 3245 καλ
518 3187 645 3252 Ἰταλίας·
660 3185 704 3244 καί
722 3185 794 3266 εἴπερ
807 3189 903 3267 ἀφεθῇ,
915 3189 961 3257 τδις
1006 3185 1035 3241 ἐκ
1045 3182 1192 3262 τυραννίδος
1207 3181 1308 3259 φεύγειν
1319 3181 1451 3241 Διονύσιον
1461 3180 1535 3264 ίππῳ
1542 3189 1618 3260 ταχεῖ
1633 3181 1777 3260 χρώμενον,

185 3275 274 3354 χώρας
287 3276 451 3354 διαφθερεῖν
466 3275 683 3353 Περιαναστᾶααν
694 3273 720 3331 δὲ
733 3275 833 3352 χρόνοις
847 3277 961 3356 ὑστέροις
1006 3269 1073 3328 σἰλλδι
1087 3273 1132 3328 τοῦ
1153 3267 1258 3334 σκίλους
1273 3268 1422 3344 ἑλκόμενον.
1445 3269 1536 3328 Καίτοι
1550 3275 1626 3328 τοῦτο
1639 3269 1780 3344 Φίλιστος,

186 3366 334 3432 ὑπαντῆσαι
345 3365 382 3440 τῷ
392 3362 519 3440 Διονυσίῳ
529 3366 565 3442 τῷ
577 3361 694 3441 τυράννῳ
709 3361 775 3437 μετδι
787 3365 838 3419 τῶν
849 3363 961 3442 δορυφό-
1005 3359 1040 3423 tn
1054 3359 1096 3436 ὕφ’
1118 3355 1205 3435 tripos
1222 3355 1322 3433 λεχθὲν,
1346 3355 1393 3433 οὐχ
1407 3353 1448 3434 ὑφ’
1462 3358 1556 3428 αὑτοῦ,
1572 3354 1635 3433 πρὸς
1648 3355 1780 3415 Δνενῦεῑεν

186 3472 248 3528 ρων,
259 3449 303 3507 καὶ
316 3450 420 3506 ἰδοῦσαν
436 3453 617 3526 ἁνακραγῆναι
633 3452 666 3514 ὡς
678 3439 750 3514 οὗτος
762 3448 827 3520 είηό
842 3449 899 3508 τότε
913 3451 960 3506 δει·
1006 3441 1166 3519 ἐξήγγελκεν.
1179 3445 1221 3502 Cf·
1236 3445 1365 3518 Prolegg.
1379 3463 1409 3518 p.
1426 3461 1505 3502 λινε.

185 3535 263 3614 χθείς·
274 3535 319 3593 καὶ
327 3534 383 3610 ἅμα
389 3539 470 3592 ταῦτα
476 3536 601 3610 λέγουσαν
611 3542 698 3594 πεσεῖν
707 3537 741 3600 εἷς
751 3533 875 3615 τοῦδαφος
885 3538 960 3595 ίκλυ-
1045 3534 1112 3606 Ptg.
1126 3531 1193 3610 225,
1208 3531 1241 3587 fr·
1260 3532 1324 3590 133.
1335 3563 1373 3572 -
1384 3532 1495 3586 Plenius
1511 3530 1700 3587 exhibendum
1719 3543 1781 3586 erat

185 3629 286 3680 θεῖσαν·
301 3621 368 3698 μετὰ
383 3621 410 3680 δὲ
422 3621 544 3702 τρίμηνον
562 3623 609 3680 οὐκ
621 3621 658 3678 ἔτι
672 3623 781 3701 ὀφθῆναι
792 3622 838 3695 τὴν
851 3631 960 3701 γυναῖκα
1005 3619 1081 3674 hunc
1093 3621 1122 3672 in
1134 3618 1251 3674 modum
1273 3637 1280 3676 t
1297 3614 1452 3694 Διασύραςθ
1468 3615 1596 3680 Ιίελῦὅννε
1610 3615 1652 3673 τὸν
1667 3618 1693 3674 T
1695 3614 1781 3689 ίμεεεεν

186 3710 294 3785 μηδενὸς
304 3709 587 3789 τοῦτοίστυρησαντος(
601 3709 853 3780 θίστοσοστήσαντος
861 3733 959 3789 apogr.
1006 3705 1032 3762 ἕν
1046 3706 1165 3775 tobith,
1180 3695 1251 3772 “iiis
1266 3725 1341 3784 φηνε·
1357 3733 1368 3756 ν
1384 3703 1432 3770 Τίς
1446 3703 1476 3762 ἂν
1492 3703 1530 3761 ἴεν
1552 3704 1607 3774 δοίη
1621 3702 1779 3778 συγγνώμην

185 3799 372 3876 Goens,).(1i.
388 3801 512 3855 Valerius
524 3801 598 3856 Max.
614 3801 642 3868 1,
664 3818 690 3869 7,
708 3801 725 3854 6
745 3820 751 3856 :
772 3804 853 3856 Imm
866 3809 960 3874 priva.
1005 3791 1057 3857 τοῖς
1069 3791 1191 3857 τοιούτοις
1208 3791 1406 3869 ἁμαρτήμασιν,
1422 3790 1508 3856 άλλως
1518 3812 1546 3848 τε
1560 3789 1606 3848 καὶ
1620 3789 1727 3868 Τιμαίῳ
1742 3793 1779 3870 τῷ

186 3901 242 3942 tum
252 3899 343 3941 autem
353 3886 478 3940 habitum
492 3889 626 3958 Dionysio
637 3886 813 3957 Syraetuano
823 3887 915 3942 adhuc
932 3908 962 3944 se
1006 3877 1195 3957 πρεεφνεμίνῳ
1208 3886 1260 3944 τοῖς
1276 3877 1363 3944 ἄλλως
1382 3877 1445 3958 πρὸς
1464 3877 1509 3944 τίς
1527 3876 1648 3944 within<
1660 3899 1781 3953 naporu-

185 3979 351 4040 continente,
377 3975 502 4028 Himerae
520 3973 649 4046 quccdam
670 3993 723 4027 nan
733 3975 841 4028 obscuri
851 3981 960 4047 generis
1005 3965 1082 4044 χίν<3
1098 3968 1123 4024 ἰν
1138 3957 1177 4033 αἷς
1191 3969 1351 4040 (lemtim)
1364 3963 1410 4040 μὲν
1423 3972 1561 4044 κατηγερεῖ
1576 3966 1633 4023 νεεδ·

177 4057 291 4131 semina
305 4064 500 4132 interquietem
514 4064 643 4132 opinione
652 4077 704 4113 sita
717 4062 817 4114 caelum
829 4079 959 4116 conscen·
1046 4056 1077 4110 P.
1095 4055 1151 4111 230
1172 4055 1207 4109 ad
1220 4055 1252 4108 ir.
1269 4053 1333 4119 145.
1350 4084 1390 4097 -
1401 4055 1525 4111 Cramer.
1542 4059 1596 4111 An.
1619 4054 1706 4110 Paris.
1731 4056 1778 4110 lv.

130 4135 141 4151 ’
184 4149 240 4217 dit,
252 4159 335 4221 atque
348 4147 466 4214 ibidem,
487 4147 600 4202 deorum
619 4152 741 4201 oninium
755 4148 960 4204 lacuatissedi-
1006 4161 1035 4214 p.
1049 4141 1086 4196 86
1101 4159 1108 4198 :
1124 4138 1153 4196 ’λ
1164 4139 1333 4214 γαθοκλῆς.
1354 4129 1436 4204 Oinoe
1459 4139 1560 4214 ἐγένετο
1571 4137 1709 4217 τύραννος,
1724 4137 1780 4208 καί,

185 4237 248 4302 bus,
264 4235 660 4307 animadvertitprceralentem
673 4235 839 4304 uirumstaui
849 4237 955 4302 cabiris,
1006 4228 1039 4292 tn
1057 4223 1127 4302 λέγει
1151 4225 1277 4300 Τίμεενς,
1300 4224 1368 4282 κατὰ
1389 4225 1435 4293 τίν
1453 4225 1558 4304 πρώτον
1579 4225 1683 4296 ἡλικίαν
1698 4225 1781 4292 mitit

185 4325 342 4396 lentiginosi
359 4327 426 4389 aris,
437 4319 545 4391 semis
556 4327 662 4376 catenis
674 4327 809 4389 uinctum,
830 4324 906 4377 lovis
918 4343 960 4379 so·
1006 4311 1111 4392 πόρνος,
1124 4313 1225 4388 thomos
1238 4320 1290 4378 τοῖς
1303 4312 1513 4391 ἆκρεεεεεᾶτονε.

186 4413 223 4466 lio
242 4411 412 4484 pedibusque
422 4411 572 4479 subjectum
587 4426 595 4463 .·
610 4413 832 4482 intermgatoque
842 4414 958 4481 juvene,

184 4518 238 4572 quo
251 4498 446 4552 considerandi
453 4499 517 4550 caeli
524 4492 697 4565 ducefuerat
708 4515 769 4564 tua,
781 4502 908 4569 quisnam
918 4517 962 4553 es··
1045 4499 1223 4555 El'llORUS.
1238 4500 1302 4572 rag.
1318 4497 1390 4568 235,
1404 4500 1439 4558 ir.
1455 4498 1481 4556 8.
1492 4530 1530 4542 -
1543 4499 1682 4556 Addcnda
1701 4509 1782 4552 erant

184 4597 240 4651 set,
262 4587 354 4639 audiit
366 4587 444 4638 illuni
458 4585 568 4638 Sicilia.-
587 4587 780 4656 ntqueItalice
795 4585 887 4640 dirum
904 4605 961 4641 esse
1006 4605 1067 4658 quse
1081 4597 1237 4658 sequuntur
1253 4585 1329 4658 apud
1345 4588 1489 4642 Thoonem
1504 4607 1510 4641 :
1528 4583 1573 4642 καλ
1585 4583 1644 4660 περί
1654 4587 1697 4638 τοῦ
1713 4581 1780 4658 Ἀρι·

177 4668 287 4742 fatum‚
303 4673 474 4742 solutumque
493 4670 625 4736 viticulis,
642 4673 737 4723 multis
747 4667 860 4724 urbibus
875 4675 961 4726 exitio
1006 4669 1147 4747 στοδήμυυ,
1158 4673 1192 4736 ὡς
1203 4670 1354 4741 ἐτελεύτησε
1365 4669 1580 4749 κεραυνόύλητος.
1594 4673 1672 4727 Idem
1684 4673 1780 4744 paullo

177 4754 316 4828 futurum.
331 4758 413 4826 Quod
420 4761 556 4812 somnium
572 4769 683 4828 praetem
693 4758 740 4810 die
755 4775 879 4811 sermone
897 4761 961 4812 uul—
1005 4771 1070 4834 post
1094 4779 1101 4814 ε
1124 4755 1214 4818 Πλείω
1227 4757 1253 4815 bi
1268 4757 1361 4836 ἔχομεν
1380 4757 1452 4836 παρδι
1473 4762 1524 4816 τῶν
1546 4757 1631 4815 ἄλλων
1645 4759 1780 4834 ἱστορικῶν

183 4849 271 4916 gavit.
284 4847 433 4918 Postquam
450 4845 551 4899 deinde
564 4847 725 4914 Dionysium
746 4848 859 4898 inimica
875 4845 897 4899 S
891 4865 961 4916 yra-
1006 4843 1111 4902 habeis·
1134 4843 1206 4922 παρδι
1219 4843 1266 4920 μὲν
1281 4844 1392 4926 Ἐφόρου
1408 4848 1437 4902 ἐκ
1450 4849 1495 4914 τῆς
1505 4843 1609 4922 πρόιτης
1619 4844 1651 4901 τδι
1661 4844 1721 4922 περὶ
1732 4843 1779 4911 τὴν

185 4951 311 4986 curarum
337 4933 458 4986 libertati
480 4932 670 5006 capitibusque
693 4935 837 4986 insontium
860 4930 979 5002 infesta,
1006 4930 1129 5004 διαίρεσιν
1139 4933 1184 5003 τῆς
1194 4933 1392 5004 Πελοποννήσου
1401 4931 1469 4991 κατὰ
1482 4931 1529 5003 τὴν
1541 4933 1592 4988 τῶν
1601 4929 1778 5008 Ἡρακλειδῶν

179 5017 418 5092 sortunncoelesti
432 5021 556 5074 custodia
571 5021 728 5087 liberatum,
757 5022 833 5074 uelut
845 5017 960 5090 fulmen
1007 5021 1123 5078 κάθοδον.

279 5131 419 5168 masuetus
435 5131 526 5168 lileOR·
543 5131 583 5168 ct.
597 5143 623 5153 ··
633 5130 685 5168 tot..
701 5131 732 5166 ll·
1647 5125 1672 5166 il
