3908 5732
251 379 307 428 uuo
791 367 969 427 ADDENDA
993 368 1313 430 eunominianos

250 502 327 556 l'ort.
346 499 523 554 scribendmn
542 509 642 556 est
659 501 813 574 συναγωγῇ,
829 497 919 573 [Γῆν]
940 498 1025 578 Εὐρυ-
1069 499 1167 570 νυσίσν,
1181 520 1266 574 συτιιο
1276 520 1374 556 vocem
1386 521 1431 575 ap.
1444 502 1632 578 Theophilum
1641 503 1771 562 excidisse
1778 523 1834 560 ruo·
1921 489 1922 576 l

249 585 354 662 στέρνος
366 588 408 640 vel
422 587 596 662 Εὐρυστέρνου
606 585 680 656 κτλ.;
690 587 732 640 sin
742 587 843 656 minus,
855 607 919 642 cum
930 589 1026 644 Ruhn-
1069 591 1189 644 unimus.
1202 589 1359 644 Meineliius
1370 591 1453 647 hnal.
1469 590 1549 646 Alex.
1562 608 1593 662 p.
1612 589 1667 654 346
1687 587 1734 658 τὴν
1748 596 1836 650 Διονυ-

251 673 334 726 lenio
349 691 402 744 pro
415 673 561 740 ἀναστῆσαι
576 675 603 726 in
613 691 675 744 sqq.
692 673 752 746 lege
762 672 916 741 ἀναστῆναι.
1072 672 1131 731 sidu
1146 676 1241 745 dedit,
1254 694 1426 750 quamquam
1437 679 1467 730 in
1481 695 1563 750 seqq.
1578 677 1718 750 vulgatam
1732 681 1765 754 τῇ
1783 683 1839 736 Διο-

289 757 322 816 Ρ.
352 759 416 816 ι58.
433 757 569 834 -Apud
588 761 768 816 Plutarchum
787 762 842 831 Qu.
867 762 915 818 Gr.
934 781 960 814 c.
979 779 1024 834 ¹9·
1070 757 1144 836 νυαίορ
1161 762 1228 838 ρυλῇ
1243 764 1367 819 retinuit.
1383 763 1519 818 Praeterea
1528 782 1582 837 pro
1599 763 1625 820 ίν
1645 760 1750 839 Κυρήνῃ
1769 767 1838 840 βασι-

250 848 278 900 in
297 866 323 902 v.
344 844 523 920 Μνασιγείτων
544 849 631 902 latere
653 865 758 902 nomen
776 849 905 902 Mnaseoe
926 849 1025 904 lliillc-
1069 843 1185 912 λούοντας
1198 849 1323 904 Eudocia
1332 850 1431 904 melius
1451 850 1537 906 habet
1550 849 1576 905 έν
1603 848 1706 927 Κυρήνῃ
1722 851 1840 926 βασιλεί-

250 952 368 990 manuus
381 953 496 1006 quoque
506 953 554 1008 ap.
574 935 659 991 hlehl.
673 935 693 990 l.
705 935 723 990 l.
735 953 765 1008 p.
784 953 795 990 1
805 933 836 988 i'l
848 934 976 1006 conjecit.
988 967 1027 976 —
1070 953 1170 1000 σαντος.
1187 938 1254 1008 Quae
1262 947 1419 1008 sequuntur
1428 937 1504 1012 apud
1514 935 1667 992 Eudociam
1678 940 1720 992 De
1733 939 1841 1012 regibus

250 1023 379 1076 Ceterum
391 1021 553 1094 traginensis
565 1020 638 1076 sedis
652 1023 764 1076 incertae
779 1021 853 1076 adde
866 1023 960 1076 locum
971 1021 1026 1076 du·
1070 1019 1233 1092 Persarum,
1249 1026 1334 1096 Syriae
1344 1035 1373 1079 et
1383 1025 1507 1100 AEgyptii
1516 1025 1838 1100 usqueadCloopatmm‚

250 1107 303 1162 ltiae
317 1111 492 1164 auctoritatis
511 1126 558 1182 ap.
580 1104 731 1182 Apulejum
764 1110 805 1164 De
818 1109 946 1182 ordrogr.
961 1127 991 1182 p.
1009 1107 1025 1164 5
1070 1107 1106 1164 ad
1116 1113 1244 1184 Satyrum
1258 1112 1327 1166 nihil
1339 1113 1490 1184 pertinent.

250 1195 373 1264 Osann,
389 1195 424 1250 de
442 1195 591 1250 Furiarum
608 1195 772 1268 parentibus
785 1214 792 1248 ι
807 1197 904 1260 Filiae,
923 1212 1026 1248 secun-
1110 1195 1180 1271 Pag.
1196 1196 1390 1268 165a‚un.21
1407 1199 1493 1254 verba
1501 1194 1581 1256 “Ota
1593 1197 1669 1256 καί...
1681 1197 1771 1272 δῆμον,
1783 1219 1841 1274 τρια

249 1283 314 1338 dum
330 1285 500 1352 Eudemum,
513 1283 678 1336 Aeliernntis
688 1294 716 1336 et
724 1285 818 1338 h'octis
821 1279 955 1352 [ιιιιιοιηῃΙ
971 1283 1026 1336 Or·
1071 1286 1149 1339 uncis
1173 1285 1290 1358 inclusi,
1317 1285 1590 1360 transponendaesse
1611 1295 1675 1340 ante
1692 1283 1840 1344 verbotuo

247 1370 337 1443 pheta
350 1373 476 1426 Plutonis
487 1383 514 1424 et
525 1373 709 1442 Proserpina.
720 1372 854 1440 Virgilius
864 1371 944 1424 modo
955 1369 1027 1424 hiare
1070 1371 1114 1426 καὶ
1127 1371 1152 1426 ίν
1168 1373 1202 1448 τῇ
1215 1369 1339 1450 dieresin
1351 1373 1423 1445 νιτλ.,
1435 1372 1509 1428 bene
1525 1384 1623 1426 monet
1643 1373 1766 1430 hleinels.
1786 1376 1806 1432 l.
1821 1379 1839 1432 i.

251 1460 330 1512 modo
338 1461 416 1514 ι’έΙιοιιι
422 1471 536 1514 secutus.
545 1458 736 1512 Athenodorus
742 1456 1027 1530 etMnaseas(Mnas·
1072 1457 1181 1514 Deinde
1190 1460 1277 1514 verba
1291 1455 1417 1536 Ἀριαδνίς
1427 1456 1480 1515 ἀπὸ
1491 1461 1536 1522 τῆς
1548 1455 1673 1534 θυγατρὸς
1688 1457 1784 1529 Μίνω,
1797 1482 1838 1536 γυ-

251 1560 290 1600 tes
303 1547 381 1614 cod.;
396 1549 532 1601 Mnaseas
541 1565 596 1600 em.
613 1546 679 1600 Mai.
694 1545 701 1618 )
713 1546 778 1599 Orci
789 1558 816 1600 et
823 1545 925 1618 Sagis.
938 1543 1026 1600 Eude·
1070 1542 1156 1608 ναικὸς
1168 1541 1195 1600 δέ
1208 1542 1347 1616 Διονύσου,
1367 1542 1458 1610 παιδὸς
1473 1543 1633 1622 πατρυρίλης
1644 1547 1691 1614 τῆς
1709 1546 1837 1622 μιχθείσης

250 1651 329 1688 mum
351 1635 476 1690 Osannus
496 1633 626 1706 intelligit
648 1633 882 1707 peripateticum,
904 1649 918 1686 e
946 1630 1026 1702 cujus
1070 1627 1187 1708 brethorp
1202 1631 1227 1686 έν
1240 1633 1326 1708 μορρῇ
1338 1628 1530 1707 npupribt,ita
1547 1629 1642 1699 dedit,
1658 1635 1735 1688 utiu
1757 1647 1838 1708 postr.
1921 1691 1922 1694 ,

138 1761 146 1782 ς
252 1721 487 1794 Theologumcnis
514 1721 675 1776 Damascius
695 1721 738 1774 Dc
757 1719 881 1794 princip.
910 1737 975 1786 τιον,
998 1719 1029 1772 in
1070 1718 1253 1790 scripseritlr
1271 1717 1368 1795 ὀροφῇ
1391 1713 1570 1796 πρυμναίιρ.
1594 1721 1662 1790 Quae
1676 1721 1760 1776 nimis
1773 1740 1840 1794 que·
1921 1757 1922 1760 =

252 1805 464 1866 Wolfiihneed.
479 1819 498 1861 t.
510 1809 602 1882 111,p.
614 1806 680 1874 236,
691 1806 793 1879 placita
803 1805 838 1860 de
847 1822 940 1860 rerum
951 1806 1028 1878 prin·
1069 1805 1121 1858 sita
1134 1805 1220 1862 verba
1231 1817 1297 1860 sunt
1315 1824 1400 1878 quarn
1415 1816 1447 1860 ut
1465 1824 1529 1860 cum
1546 1806 1658 1880 reliquo
1674 1807 1732 1862 loci
1755 1818 1841 1864 tenore

252 1895 328 1966 cipio
343 1913 358 1950 a
372 1896 461 1948 Nocte
476 1893 630 1948 derivando
646 1895 721 1950 citat.
1071 1892 1214 1947 conciliari
1239 1893 1355 1967 possint.
1377 1893 1475 1966 Neque
1497 1893 1599 1948 fabulae
1621 1891 1762 1962 ejusmodi
1779 1894 1841 1966 quid

292 1977 360 2053 pag.
381 1981 446 2050 164,
461 1980 498 2036 ad
510 1981 610 2054 fragm.
627 1999 658 2050 ¹7
674 1979 746 2034 adde
755 1979 850 2032 locum
862 1979 1028 2050 Hieronymi
1070 1979 1260 2054 suppeditant.
1272 1979 1416 2034 Diodorus
1428 1981 1465 2047 V,
1494 1977 1528 2034 51
1539 2019 1547 2046 ,
1563 1985 1579 2044 ές
1596 1995 1603 2034 :
1616 1975 1743 2042 Διόνυσος
1757 1977 1783 2036 δέ
1801 2003 1841 2036 νυ·

252 2067 465 2122 inlovinianum
478 2067 567 2142 (Opp.
585 2067 663 2120 llier.
678 2077 745 2122 tom.
760 2065 809 2136 lV,
825 2084 853 2137 p.
864 2063 937 2139 aoy)
952 2084 958 2118 :
971 2067 1027 2120 ne·
1070 2063 1129 2130 κτὸς
1145 2063 1267 2140 ἀπήγαγε
1278 2061 1325 2134 τὴν
1339 2062 1474 2140 Ἀριάδνην
1488 2065 1523 2130 εἰς
1538 2063 1568 2122 τὸ
1581 2063 1639 2140 ὄρος
1649 2061 1841 2142 mantulum
1921 2093 1922 2096 ¹

251 2153 307 2218 fert
315 2155 430 2226 Satyriu
439 2161 486 2228 qui
497 2157 642 2209 illustrium
653 2158 773 2208 uirorum
781 2151 1021 2220 scribithistorias,
1070 2151 1146 2230 Δρίος
1166 2153 1208 2232 (in
1219 2155 1297 2208 Naxo
1314 2153 1398 2227 ins).
1417 2155 1489 2208 Hinc
1509 2165 1607 2208 nostro
1623 2153 1691 2208 loco
1712 2153 1842 2228 retingere
1921 2143 1922 2146 ¹

250 2244 327 2314 quod
338 2245 475 2314 Diogenes
486 2245 605 2316 palliolo
618 2243 723 2314 duplici
734 2259 795 2294 usus
804 2245 842 2293 sit
849 2237 1027 2312 proptersri·
1070 2245 1159 2315 possis
1171 2258 1178 2298 :
1192 2241 1218 2297 έν
1229 2242 1329 2318 κυρυρῇ
1342 2237 1482 2318 δρυμένδει.
1498 2245 1534 2296 At
1546 2241 1600 2295 hoc
1617 2258 1735 2314 quoque
1749 2260 1843 2316 partun
1921 2273 1922 2280 ι

250 2347 319 2399 ραι,-
333 2349 432 2402 peram
441 2349 494 2402 pro
511 2332 626 2382 cellario
640 2328 779 2391 hahuerit,
805 2345 948 2399 secumque
959 2347 1027 2400 pon
1070 2329 1173 2401 placet.
1186 2332 1292 2384 Vereor
1303 2347 1338 2384 ne
1347 2328 1435 2384 rerba
1443 2325 1560 2390 παιδὸς...
1569 2323 1706 2404 πρυμνίδι,
1718 2347 1753 2382 en
1760 2331 1844 2402 glossa
1921 2321 1922 2394 l

252 2421 320 2469 tarit
332 2419 439 2470 clavam
452 2417 487 2470 ob
502 2411 866 2488 coqrusculifiagilitatem,
893 2433 946 2487 qua
963 2420 1026 2484 jam
1070 2413 1218 2490 fluxerint,
1232 2435 1293 2489 quae
1305 2417 1335 2470 in
1349 2425 1456 2470 textum
1470 2416 1630 2488 irrumpens
1644 2425 1783 2489 corrupta
1797 2425 1842 2468 est.
1921 2483 1922 2492 ρ

251 2519 338 2555 senex
353 2503 477 2556 membra
500 2513 652 2556 sustentare
672 2503 769 2556 solitus
790 2511 865 2566 erat,·
885 2513 914 2554 et
927 2497 1026 2578 ἡμερό-
1072 2503 1256 2560 hnnotaverit
1278 2503 1379 2576 aliquis
1408 2520 1415 2559 :
1442 2503 1488 2570 τῆς
1504 2499 1581 2558 Μίνω
1599 2497 1692 2564 παιδὸς
1704 2499 1750 2556 καί
1765 2501 1844 2556 [lacu

251 2583 305 2652 ὄιος
321 2591 405 2660 υιιίςο
416 2591 573 2664 appelhztru
581 2593 624 2656 sit,
646 2593 676 2642 in
684 2599 849 2660 proesentem
861 2587 958 2642 horam
963 2609 1007 2662 po
1015 2619 1027 2630 -
1070 2588 1137 2668 φαίης
1149 2593 1194 2660 τῆς
1208 2587 1343 2666 μιχθείσης
1352 2587 1364 2666 [
1374 2585 1546 2666 Μονσταιίρῳ]
1557 2589 1583 2644 ἓν
1593 2585 1684 2664 [βοὸς]
1693 2591 1780 2666 poppa]
1792 2607 1844 2663 '‘P‘'

251 2695 329 2730 scens
338 2696 357 2730 a
365 2675 486 2749 quolibet
491 2687 519 2730 et
526 2681 665 2752 accipiens
671 2677 772 2732 cibum.
782 2677 926 2730 Habitant
935 2689 1027 2732 autem
1070 2675 1136 2754 νίνῃ.
1152 2681 1185 2734 ln
1196 2678 1345 2752 postremis
1356 2676 1477 2734 Meinek.
1495 2694 1549 2750 pro
1566 2673 1669 2740 Εὐαινίς
1683 2672 1737 2730 ἀπὸ
1749 2674 1844 2742 Εὐνόος,
1921 2679 1922 2728 i

252 2769 426 2836 inportatam
435 2765 575 2818 vestibulis
582 2761 912 2836 etportieibtuciuitaturn.
924 2763 1027 2834 Quum·
1071 2765 1150 2837 quod
1170 2765 1236 2820 libri
1246 2764 1366 2834 hahent,
1381 2765 1493 2836 scripsit
1513 2754 1603 2825 Εὖνιίς
1625 2759 1678 2817 ἀπὸ
1695 2758 1795 2820 Etim.
1811 2764 1845 2816 ht
1921 2751 1922 2778 ³

251 2869 304 2924 que
320 2869 350 2906 se
365 2863 550 2924 contorqueret
563 2855 591 2904 in
605 2852 690 2918 dolio,
711 2851 859 2906 volttbdem
878 2867 907 2904 se
925 2849 1028 2906 habere
1072 2852 1276 2908 Bacchifilium
1288 2855 1416 2906 Euneum
1431 2869 1489 2904 non
1501 2851 1638 2905 novimus.

251 2937 361 2990 domum
369 2940 519 3010 jocabatur
537 2949 564 2992 et
578 2956 608 2992 se
622 2955 682 2992 cum
698 2938 864 3010 temporibus
878 2943 1025 2992 tmmaran-
1110 2937 1178 3014 Pag.
1202 2939 1255 2994 168
1270 2959 1300 3008 a,
1316 2939 1365 2992 lin.
1389 2959 1414 2994 ι.
1432 2967 1466 2979 -
1482 2939 1537 2992 Pro
1556 2939 1720 3012 Serapionis
1732 2938 1845 2994 Sotionis

252 3037 316 3083 tem.
332 3027 449 3098 Frigore
462 3031 535 3081 enim
555 3044 584 3079 us
595 3026 664 3079 dolii
677 3025 803 3079 uertebat
821 3028 849 3078 in
866 3027 1021 3090 meridiem,
1063 3024 1110 3096 f.,
1128 3027 1189 3100 lege
1203 3027 1365 3098 Serapionis
1368 3023 1411 3094 f.,
1430 3025 1559 3079 Sotionis.

252 3125 350 3168 testate
370 3115 411 3168 ad
421 3117 639 3188 septemtrionem
655 3131 662 3165 :
681 3123 710 3165 et
730 3124 864 3183 utcunque
876 3113 919 3165 sol
934 3129 964 3164 se
978 3116 1028 3164 in-
1111 3111 1144 3168 P.
1158 3114 1223 3186 169,
1239 3113 1275 3170 ir.
1288 3113 1316 3186 5,
1328 3126 1401 3182 not,
1412 3114 1461 3167 lin.
1478 3112 1505 3169 3.
1518 3145 1557 3154 -
1568 3113 1623 3166 Pro
1633 3112 1671 3166 ab
1686 3105 1845 3166 Alexandro
1921 3183 1922 3188 Ἰ

251 3202 415 3268 curaverat,
435 3203 569 3274 Diogenis
587 3201 671 3254 simul
678 3205 840 3272 praetorium
858 3199 1026 3255 vertebatur.
1071 3203 1181 3256 condita
1193 3202 1255 3275 lege
1266 3201 1303 3254 ab
1317 3200 1477 3254 Alexarcho
1490 3201 1614 3255 condita.
1921 3197 1922 3206 ’

252 3289 379 3358 Quodam
388 3307 453 3343 vero
465 3286 1028 3362 temporehabensadpotanclumcaveum
1111 3287 1143 3346 P.
1162 3288 1231 3361 196,
1250 3298 1315 3361 post
1333 3287 1368 3345 fr.
1398 3285 1431 3341 15
1452 3305 1511 3340 non
1536 3285 1621 3340 hrerit
1646 3285 1727 3340 nefas
1751 3285 1842 3339 memi-

253 3377 385 3446 ligneum,
411 3377 480 3430 uidit
489 3394 604 3449 puerum
628 3393 712 3428 rnanu
732 3391 853 3426 concaua
875 3371 979 3438 bibere,
1003 3385 1029 3427 et
1071 3377 1141 3430 nisse
1156 3375 1260 3430 Natalis
1273 3371 1402 3441 Comitis,
1423 3373 1472 3446 qui
1489 3374 1529 3426 ita
1543 3371 1627 3426 habet
1641 3371 1694 3428 lib.
1722 3369 1814 3438 lx,3
1836 3385 1841 3423 :
1921 3375 1922 3440 ᾗ

252 3467 354 3518 elisisse
366 3466 437 3518 illud
453 3464 543 3529 fertur
555 3465 596 3517 ad
608 3475 722 3528 terram,
746 3463 842 3515 dicens
863 3481 872 3514 :
891 3485 903 3508 ι
917 3463 1029 3516 Nescie-
1071 3464 1185 3536 Scripsit
1197 3461 1418 3535 Agatharchides
1428 3461 1541 3518 Cnidius
1560 3459 1630 3512 libro
1648 3463 1730 3514 tertio
1745 3461 1839 3512 lienem

253 3551 317 3606 bam
329 3553 512 3624 quorlnatura
523 3551 637 3604 haberet
644 3551 785 3621 poculum.
801 3572 813 3596 ν
828 3549 961 3603 Virtutem
971 3555 1030 3618 ejus
1072 3553 1254 3604 Asiaticorum
1275 3547 1444 3602 Chimaeram
1467 3549 1609 3600 mulierem
1624 3541 1722 3614 fuisse
1740 3549 1841 3598 Amiso·
1921 3553 1922 3564 ³

252 3653 281 3694 et
286 3644 484 3695 continentiam
496 3656 568 3692 mors
577 3655 681 3710 quoqrte
694 3638 807 3692 indicat.
817 3638 891 3692 Nam
899 3655 980 3710 quam
991 3637 1031 3690 ad
1071 3639 1143 3703 deni,
1159 3642 1207 3710 qui
1225 3639 1370 3710 imperavit
1378 3637 1481 3701 Lyciae,
1493 3653 1557 3706 quar
1564 3634 1631 3685 duos
1640 3629 1755 3700 fratres
1763 3631 1842 3684 hnbe·

252 3746 369 3802 agonem
379 3729 572 3799 Olympiacam
579 3729 626 3798 qui
634 3741 738 3796 magna
740 3721 905 3796 frequentia
912 3725 1029 3778 Graeciae
1072 3736 1119 3792 ret,
1134 3726 1253 3778 Leonem
1268 3735 1295 3776 et
1303 3725 1467 3778 Draconem.
1479 3723 1518 3775 Hi
1530 3737 1612 3792 quum
1620 3721 1720 3790 Lycioe
1733 3721 1792 3773 loca
1804 3721 1842 3769 in·
1921 3711 1922 3738 .

254 3815 452 3880 celebrabatur,
466 3819 530 3883 jaru
550 3829 635 3865 senex
649 3822 791 3884 pergeret,
801 3809 880 3880 schri
890 3815 918 3864 in
933 3816 1030 3866 itinere
1072 3812 1240 3866 cursionibas
1251 3821 1279 3864 et
1296 3809 1403 3864 insidiis
1412 3819 1567 3882 opportuna
1576 3824 1636 3860 cum
1646 3825 1755 3878 magna
1765 3823 1841 3859 mana

251 3903 356 3955 dicitur
372 3899 574 3975 apprehensus,
594 3897 751 3952 accubuisse
764 3903 791 3950 in
802 3899 943 3970 crepidine
953 3903 1027 3966 uioe;
1066 3902 1197 3968 juvenum
1214 3907 1408 3971 occupassent,
1424 3895 1557 3949 adeuntes
1576 3911 1611 3948 ea
1627 3893 1691 3946 loca
1704 3894 1841 3948 οέιεηιιιισ-

252 3989 460 4061 arolentibiuqae
479 4007 540 4042 euru
555 3991 652 4040 anticio·
664 3997 713 4038 aut
730 3991 923 4054 insumentum
939 3997 990 4038 aut
1003 3991 1030 4040 in
1073 3987 1155 4052 bant;
1172 3986 1207 4038 ob
1218 3985 1393 4040 concordiam
1407 3987 1494 4054 igitur
1497 3978 1624 4050 fratrum
1638 3991 1666 4032 et
1679 3985 1781 4034 sororis
1790 3996 1843 4032 eur·

253 4074 409 4130 uehiculum
423 4077 531 4140 tollere,
552 4092 607 4128 non
621 4074 834 4146 acquievit5sed
845 4078 982 4126 transiens
991 4073 1032 4126 ad
1069 4091 1123 4146 pus
1135 4089 1218 4124 unum
1230 4075 1283 4124 tria
1296 4069 1399 4124 habere
1409 4071 1459 4122 illa
1468 4072 1563 4141 capita
1567 4062 1700 4135 fabulati
1710 4077 1782 4120 sunt.
1795 4064 1843 4119 Heu
1921 4127 1922 4130 ρ

252 4163 356 4216 arboris
368 4163 494 4215 umbram
511 4163 612 4216 dicatus
625 4172 667 4214 est
680 4178 689 4213 :
702 4161 803 4212 nAbite
816 4177 915 4232 quaeso,
934 4172 1029 4234 etspe-
1073 4158 1297 4231 Bellerophontes
1309 4163 1340 4211 vi
1351 4157 1728 4229 superavitetinservitutem
1738 4151 1842 4223 redegit.

252 4262 355 4303 etatum
365 4255 490 4324 pergite:
503 4249 679 4303 haecmcnoa
688 4259 739 4300 atet
751 4251 883 4301 victorem
897 4248 1031 4318 probabit
1073 4247 1167 4316 Quare
1180 4246 1269 4298 dictus
1280 4255 1322 4298 cst
1329 4244 1474 4318 plttnrbam
1493 4245 1522 4294 in
1540 4257 1586 4294 eos
1598 4243 1755 4304 intrusisse,
1777 4235 1844 4310 quod

252 4349 302 4390 aut
310 4343 424 4393 victum.
434 4339 464 4392 Si
467 4333 580 4406 febrem
592 4341 702 4403 uicem,
718 4335 759 4388 ad
766 4351 883 4406 agonem
896 4339 1026 4401 veniarum
1072 4337 1157 4385 etiam
1166 4341 1279 4384 testatur
1285 4333 1395 4385 Isacius
1406 4333 1434 4384 in
1443 4326 1662 4400 Lycophronem.
1675 4324 1845 4380 verbotenus

253 4429 278 4478 si
301 4443 344 4478 me
366 4429 476 4491 uicerit,
501 4423 541 4477 ad
559 4420 670 4493 inferna
690 4421 865 4476 descendam.
896 4444 908 4471 ν
932 4421 1030 4494 Ibique
1073 4418 1130 4472 lere
1143 4418 1227 4471 haece
1241 4417 1337 4471 Taetze
1352 4415 1388 4470 ad
1400 4418 1470 4488 Lyc.
1486 4429 1572 4488 17,p.
1586 4415 1643 4470 300
1655 4411 1701 4467 ed
1712 4412 1844 4468 M.trans·

250 4529 304 4584 per
323 4523 428 4566 noctem
453 4512 520 4565 eliso
535 4521 659 4584 gutture,
688 4527 743 4563 non
762 4520 819 4562 tam
841 4513 909 4562 mori
921 4527 952 4562 se
973 4514 1024 4576 ait,
1072 4506 1220 4572 istasunt,
1236 4503 1380 4576 nisiquod
1395 4497 1612 4576 Agatharchidis
1624 4499 1798 4554 mentionem
1812 4493 1845 4548 de
1921 4575 1922 4580 Ἰ

253 4617 335 4672 quam
347 4595 459 4668 febrem
472 4611 557 4652 morte
571 4597 726 4652 excludere.
1072 4611 1123 4647 suo
1135 4592 1275 4647 addidisse
1286 4591 1390 4646 Natalis
1403 4590 1524 4645 videtur.
1921 4623 1922 4668 ρ

293 4684 359 4760 Pag.
380 4685 445 4758 164,
460 4685 496 4741 ir.
514 4703 561 4738 αι.
580 4713 616 4725 -
631 4683 759 4738 Eundem
773 4684 869 4738 locum
882 4701 970 4755 usque
994 4683 1030 4739 ad
1112 4677 1181 4753 Pag.
1208 4677 1283 4748 236,
1302 4677 1337 4734 fr.
1359 4684 1407 4751 94.
1423 4707 1462 4718 -
1480 4677 1514 4729 ln
1536 4675 1593 4729 hoc
1616 4673 1775 4747 fragmento
1795 4687 1845 4743 pro
1921 4673 1922 4718 ὲ

253 4775 338 4829 νοτίοιο
346 4769 479 4848 συγγένεια
489 4767 569 4834 οὕτως
579 4767 694 4846 περιέχει
705 4768 805 4824 eodem
816 4769 903 4826 modo
913 4810 921 4838 ,
933 4771 1029 4844 paullo
1074 4762 1201 4830 Ἀλέξου
1209 4763 1275 4844 δρας
1289 4761 1315 4818 έν
1327 4764 1364 4839 τῷ
1376 4761 1442 4841 llepl
1458 4760 1564 4838 Κύπρου
1573 4759 1755 4816 scribendum
1770 4757 1845 4812 vide-

253 4862 413 4934 eorruptius
425 4870 533 4928 tamen,
548 4857 632 4913 habet
652 4857 777 4911 Eudocia
789 4875 820 4930 p.
840 4855 895 4910 366
908 4897 915 4923 ,
927 4867 955 4910 et
970 4858 1028 4912 Du·
1073 4865 1119 4908 tur
1141 4850 1336 4928 Μένανδρος
1357 4861 1409 4908 etc.
1426 4849 1498 4906 Vide
1511 4846 1662 4905 Menandri
1675 4845 1789 4921 Ephesii
1811 4843 1844 4900 ir.

253 4950 369 5022 cangius
380 4949 493 5004 innotis
511 4945 548 5002 ad
559 4947 699 5000 Zonaram
714 4942 797 5016 (tom.
815 4945 844 5012 I,
855 4961 886 5016 p.
907 4943 962 5013 677
980 4943 1027 5000 ed.
1073 4953 1144 4997 tom.
1161 4941 1217 5010 tv,
1233 4958 1262 5012 p.
1278 4937 1344 5004 titt.

253 5035 376 5110 Banu).
393 5035 522 5090 Ceterum
541 5033 622 5087 initio
645 5031 808 5104 fragmenti,
823 5031 897 5084 linea
917 5029 950 5100 5,
965 5042 1031 5104 post
1111 5027 1180 5101 Pag.
1199 5027 1269 5096 alib,
1284 5036 1345 5080 not.
1368 5043 1392 5080 ι.
1406 5023 1534 5080 -Idem
1545 5041 1609 5078 eum
1620 5021 1775 5077 Posidonio
1789 5019 1846 5074 hri-

253 5123 341 5179 verba
353 5118 458 5198 πρώτην
468 5117 627 5184 κατέστησεν
646 5119 772 5174 Eudocia
785 5117 895 5172 addidit
910 5113 956 5185 τὴν
968 5119 1028 5174 Δια·
1070 5117 1175 5171 starchi
1185 5125 1337 5190 anagnosta
1346 5114 1389 5169 vel
1402 5115 1473 5168 alius
1482 5112 1677 5186 grammaticus
1688 5119 1731 5164 est
1741 5109 1847 5164 Posido·
