3842 5726
261 385 297 435 ct
836 373 1105 433 otlmelununl
1128 373 1278 434 TuauAEl

299 525 335 566 al·
357 503 421 564 Ὀτι
441 508 455 562 ὑ
471 503 598 582 ἱστορικός
616 525 697 583 φησι,
717 503 849 578 διάγοντος
871 506 950 561 αὐτοῦ
967 503 1034 560 κατδι
1087 500 1189 562 Ναίσου
1202 501 1301 568 πόλεως
1312 505 1358 570 τῆς
1369 502 1481 575 Δακίας,
1491 503 1534 560 καί
1547 501 1646 569 πολλάς
1660 505 1790 584 στρατείας
1801 507 1845 563 iri

262 593 357 663 Θήόας
378 590 423 650 καί
443 590 490 662 τήν
513 589 616 660 Συήνην
631 589 744 670 ἱστορίας
758 588 849 660 ἕνεκα,
871 593 897 648 ἰν
913 587 1037 668 έπιθυμίφ
1088 593 1141 648 τῶν
1153 590 1297 649 Θεοδοσίου
1310 589 1410 669 χρόνων
1428 595 1473 646 τοῦ
1495 591 1610 666 μεγάλου
1625 589 1739 664 διελθὼν,
1754 591 1845 672 ὕστερον

261 679 381 755 γενέσθαι
401 678 460 744 τοὺς
479 678 628 758 φυλάρχους
640 677 685 734 καί
697 677 833 756 προφήτας
846 681 896 736 τῶν
910 675 978 734 κατδι
992 675 1039 746 τήν
1085 677 1130 735 καί
1143 677 1191 746 τὴν
1214 675 1343 754 βασίλειον
1363 676 1456 756 ἀρχὴν,
1471 681 1506 744 ὡς
1523 679 1632 758 ἐρρήθη,
1655 680 1744 739 ὑπέδυ.
1760 673 1808 740 Ἦν
1824 683 1846 739 δέ

261 765 366 840 Τάλμιν
380 763 531 843 βορὸάρων,
546 765 605 835 ήτοι
616 767 669 822 τῶν
684 763 841 841 Βλεμμύων,
860 768 907 835 τῆς
921 762 1040 842 ἐντυχίας
1086 755 1170 822 πόλλα
1182 767 1229 840 μέν
1243 763 1376 830 ἐπαινετὸς
1393 765 1437 822 καὶ
1449 764 1594 843 χρημάτυιν
1609 765 1637 823 δὲ
1650 767 1781 845 κρείττων,
1795 771 1848 848 πρὶν

262 855 353 912 αὑτοῦ·
368 853 446 910 ἐκίνει
460 851 510 930 γδρ
523 851 614 916 αὑτοὺς
629 851 672 910 ἐπί
685 857 760 910 τοῦτο
774 855 790 922 ἡ
806 850 893 930 φήμη.
910 851 963 910 Καί
978 851 1040 910 ἰλα-
1085 851 1103 922 ἢ
1117 857 1278 932 συνοφθῆναι
1293 851 1436 930 Πλακιδίφ.
1457 853 1533 912 Ἐπεί
1555 853 1582 910 δέ
1605 855 1672 932 αὑτῇ
1695 855 1848 926 συνέζευκτο,

262 941 306 1000 ὑόν
320 963 367 1016 με,
381 940 445 1018 φησί
457 983 465 1014 ,
477 939 555 1018 μέχρι
567 941 647 1010 αὑτῆς
658 943 705 1010 τῆς
716 939 860 1016 Τάλμεως,
872 939 938 996 ώσττ
949 938 1039 996 κοίκεί·

262 1052 319 1094 νους
331 1026 391 1094 τοὺς
405 1027 505 1106 χώρους
518 1031 667 1106 ἱστορῆσαι,
681 1027 813 1105 διέχοντας
825 1025 877 1084 aiat
886 1030 937 1084 τῶν
949 1027 1041 1085 Φιλῶν

262 1115 395 1190 διάστημα
408 1117 512 1192 ἡμερῶν
527 1113 621 1184 πέντε,
638 1113 716 1192 μέχρι
726 1114 826 1180 πόλεως
839 1117 885 1184 τῆς
899 1113 1041 1190 λεγομένης

262 1201 371 1280 Πρίμοι,
392 1200 450 1270 ήτις
464 1199 494 1258 τθ
507 1201 620 1258 παλαιὸν
633 1199 725 1279 πρώτη
747 1201 821 1266 πολις
842 1204 888 1270 τῆς
903 1197 1040 1272 θηὺοιίδος

261 1288 367 1346 ἀπὸτοῦ
381 1287 545 1367 βαρύαρικοῦ
558 1287 693 1366 ἐτύγχανε·
706 1286 745 1344 διδ
754 1284 887 1367 παρθτῶν
899 1285 1041 1362 Ῥωμαίων

262 1375 386 1452 ’ίίωμοιίᾳ
407 1379 478 1454 φωνῇ
496 1375 605 1455 ίίρίμα,
619 1375 678 1445 ήτοι
698 1373 806 1454 πρώτη,
820 1371 976 1450 ὠνομάσθη·
997 1373 1042 1430 καί

262 1467 306 1519 νῦν
320 1460 388 1519 οὑτω
400 1463 535 1538 καλεῖται,
552 1462 637 1521 καίτοι
654 1464 683 1520 ἐκ
696 1463 796 1520 πολλοῦ
815 1464 976 1519 οἶκειωθεῖσοί
991 1461 1043 1527 τοῖς

264 1548 405 1628 βαρύάροις
419 1553 476 1624 μεθ’
489 1549 582 1628 ἑτέρων
596 1549 730 1629 τεσσάρων
742 1548 853 1620 πόλεων,
867 1551 1039 1625 Φοινικῶνος,

263 1636 382 1714 Χίριδος,
394 1637 525 1712 θάπιδος,
540 1641 565 1697 Τ
568 1637 685 1712 άλμιδος.
704 1634 784 1716 Παρδι
794 1634 899 1701 τούτους
910 1633 969 1699 τοὺς
984 1634 1041 1713 χώ·

265 1745 322 1802 ρους
340 1724 404 1803 φησί
419 1723 464 1780 καί
476 1723 629 1802 σμαράγδου
647 1722 766 1799 μέταλλα
778 1711 844 1779 εἰναι
855 1722 956 1797 μαθεῖν,
968 1722 995 1788 ἐξ
1005 1713 1041 1781 ιὺν

262 1818 315 1876 τοῖς
334 1811 485 1886 Αἰγυπτίων
509 1812 657 1882 βασιλεῦσιν
678 1813 695 1880 ἡ
716 1808 866 1888 σμάραγδος
891 1808 1039 1877 ἰπλεόναζε.

262 1897 317 1957 Καὶ
324 1903 418 1970 ταῦτα,
431 1897 521 1978 φησίν,
529 1901 553 1956 οί
565 1903 697 1978 προφῆται
706 1900 757 1954 τῶν
766 1895 906 1976 βαρὸάρων
917 1895 1042 1976 προῦτρε-

263 1985 312 2043 πόν
330 2009 363 2061 με
383 1987 536 2045 θεάσασθαι·
552 1985 610 2044 ἀλλ’
631 1988 678 2044 οὑκ
702 1977 732 2057 ῆν
751 1991 827 2044 τοῦτο
847 1983 954 2042 δυνατὸν
973 1985 1044 2060 γενέ-

264 2079 323 2130 σθαι
344 2072 423 2152 χωρίς
440 2073 577 2149 βασιλικῆς
587 2070 760 2150 προστάξεως.

303 2179 340 2220 aa.
366 2157 431 2220 Ὅτι
452 2159 577 2220 Λιίίοίνιόν
598 2183 656 2216 τινα
680 2160 863 2239 τερατολογεῖ,
884 2159 1002 2219 Ἀσιανὸν
1015 2161 1045 2218 τὸ

263 2246 347 2324 γένος,
363 2246 431 2306 κατδι
442 2246 489 2319 τῆν
503 2246 637 2326 βασιλείαν
653 2245 782 2326 Ὁνωρίου
801 2244 845 2304 καί
861 2247 1043 2306 Κωνσιαντίου

266 2334 309 2393 ἐπὶ
333 2333 479 2395 Ῥοίόεννκν
499 2333 701 2415 παραγενέσθαι.
724 2333 820 2413 Ἄκρον
835 2333 861 2391 δέ
874 2341 964 2393 τοῦτον
978 2325 1044 2392 εἰναι

263 2423 420 2481 τελεστικόν.
442 2421 495 2480 Καὶ
515 2421 639 2480 δύνασθαι
657 2421 685 2480 δέ
709 2445 772 2502 φησι
792 2420 838 2480 καλ
863 2425 1044 2499 ὑπισχνεῖσθαι

264 2509 342 2567 αὐτὸν
356 2511 434 2588 χωρὶς
445 2512 557 2568 ὁπλιτῶν
573 2509 637 2586 (καί)
650 2509 707 2587 [καί
717 2508 798 2588 χωρίς
810 2510 871 2566 δττλ.
886 2507 954 2565 κατὰ
966 2510 1042 2582 conj.

264 2597 361 2673 Nieb]
382 2595 450 2654 κατά
466 2595 605 2676 βαρόοίρων
630 2599 751 2674 ἐνεργεῖν.
775 2587 843 2656 Eira
864 2603 957 2673 πεῖραν
972 2593 1043 2667 δούς,

264 2685 354 2764 φησίν,
369 2676 442 2749 οὑτος
458 2689 504 2754 τῆς
518 2683 683 2762 ὑποσχέσεως
693 2727 701 2758 ,
712 2683 758 2741 καί
767 2687 814 2754 τῆς
825 2681 914 2762 φήμης
929 2682 1043 2759 δραμού-

266 2793 322 2841 σης,
335 2767 402 2828 ώστε
412 2769 456 2827 καὶ
470 2770 617 2829 Πλακιδίαν
628 2769 675 2842 τήν
688 2771 810 2850 βασιλίδα
821 2773 922 2845 μαθεῖν,
932 2772 1044 2846 ἀναιρεῖ-

264 2861 331 2914 ταιὸ
345 2857 475 2928 τελεστής·
489 2857 590 2928 ἠπείλει
604 2857 664 2937 γάρ,
679 2857 769 2936 φησίν,
787 2862 805 2928 ῆ
822 2857 954 2916 Πλακιδία
971 2860 1044 2917 Kosa·

266 2943 378 3024 σταντίῳ
389 2946 523 3025 χωρισμὸν
537 2950 583 3004 τοῦ
597 2945 693 3022 γάμου,
703 2947 726 3004 εί
738 2953 792 3013 τοῖς
808 2948 870 3014 ζῶσι
882 2944 1044 3024 περιλέποιτο

265 3029 405 3108 Λιόάνιος,
421 3031 486 3108 ἀνὴρ
501 3031 563 3107 γόης
576 3032 620 3090 καί
636 3032 753 3098 ἄπιστος.

305 3139 342 3178 aa.
362 3117 427 3179 Ὅτι
449 3119 630 3186 Κωνστάντιος
648 3119 774 3201 Ἰλλυριὸς
792 3109 823 3191 ῆν
837 3117 867 3176 τό
885 3118 970 3196 γένος,
988 3119 1040 3177 άπδ

297 3294 336 3336 au.
349 3289 428 3337 Refert
440 3289 498 3336 item
507 3289 644 3350 lristoricua,
654 3302 732 3350 quum
743 3288 808 3350 apud
819 3287 913 3338 ‘silebas
921 3291 946 3336 et
954 3290 1049 3350 Syenen

266 3363 444 3414 lustrandorum
461 3366 569 3415 locorum
590 3365 796 3427 cognoscendique
808 3365 888 3414 studio
903 3368 1045 3424 versarctur,

267 3441 330 3490 lama
343 3443 460 3491 excitatos
472 3443 598 3504 praetactos
606 3455 635 3491 ac
649 3449 715 3491 rates
724 3456 808 3492 corum
821 3442 995 3503 barbarorum,
1008 3443 1050 3502 qni

267 3521 360 3569 Talnrin
368 3520 555 3582 incolunt,quos
562 3523 698 3583 Blemmyas
708 3525 805 3582 vocant,
811 3522 885 3584 ipsius
894 3525 988 3583 optasse
995 3533 1049 3569 con·

267 3611 376 3658 gressum
390 3603 463 3659 atque
474 3599 631 3660 colloquium.
647 3618 660 3641 υ
671 3599 834 3660 aoupuerurt
849 3600 931 3660 itaque
942 3611 995 3658 mc,
1006 3598 1049 3657 ait,

268 3675 292 3723 in
306 3675 380 3736 ipsam
391 3688 467 3737 usque
476 3677 570 3725 Talmin
580 3713 587 3736 ,
598 3679 626 3724 ut
637 3677 689 3725 illas
698 3689 794 3738 quoque
804 3677 910 3740 regiones
921 3679 1051 3740 perlustra-

268 3765 333 3810 rem,
345 3765 359 3798 a
370 3752 557 3814 l‘lrilisquiuque
565 3752 659 3801 dicrum
671 3753 798 3803 intervallo
807 3753 923 3804 distantes
931 3767 1009 3816 usque
1020 3754 1050 3802 ad

269 3827 351 3876 urbem
359 3828 462 3886 scilicet,
475 3829 623 3890 quadicitur
634 3830 721 3878 Prima.
734 3833 793 3880 llaec
801 3830 943 3893 olimprlma
951 3830 1050 3880 Tlrebai·

268 3903 304 3952 dis
313 3904 370 3952 urbs
378 3906 429 3953 erat
438 3917 452 3953 a
461 3905 585 3954 barbarico
594 3907 646 3954 solo
657 3905 815 3968 proficiscenti
825 3943 832 3967 ,
842 3919 944 3969 eamque
952 3907 984 3956 ob
993 3920 1051 3955 cau·

268 3995 342 4031 sama
352 3985 463 4032 Romanis
472 3984 546 4032 latino
555 3983 675 4033 uocabulo
685 3985 764 4033 Prima
774 3985 912 4034 nominata:
924 3987 1051 4049 quoetlam

268 4072 334 4109 nunc
342 4061 439 4109 nomine
446 4061 576 4120 vocitatur,
583 4063 694 4124 quamuis
701 4063 771 4125 longo
779 4063 830 4124 iam
837 4067 946 4127 tempore
956 4065 1051 4115 barbari

268 4150 322 4185 eam
332 4137 375 4186 sibi
386 4137 529 4187 vindicarint
538 4151 595 4187 curn
604 4139 656 4189 aliis
663 4142 779 4201 quattuor
788 4141 890 4204 oppidis,
899 4143 1050 4203 Pboenicouc,

269 4212 380 4273 clriride,
391 4214 498 4276 ‘illapidu
506 4217 531 4264 et
540 4216 656 4266 Talmide.
670 4221 717 4266 »lu
726 4218 770 4266 bac
778 4219 1053 4283 regionesmaragdiesse

270 4289 538 4352 lndinaasecomperisae
544 4293 627 4342 scribit
635 4293 881 4356 :undeAEayptiorum
890 4297 984 4358 regibus
992 4297 1051 4346 olim

269 4366 388 4426 smaragdi
395 4367 435 4415 illa
446 4370 511 4417 tanta
521 4372 589 4430 copia
598 4369 779 4432 suppeditasset.
788 4373 817 4420 ut
826 4371 878 4420 lraec
889 4373 987 4434 quidem
999 4375 1053 4424 bar-

270 4442 385 4491 barorum
398 4447 465 4492 vates
482 4446 598 4507 inspicere
616 4446 767 4496 invitabant:
786 4461 871 4498 rerum
884 4449 908 4498 id
920 4453 972 4501 alne
989 4451 1053 4502 bona

271 4519 332 4578 regis
340 4520 410 4568 uenia
423 4533 472 4568 non
484 4520 579 4570 licebat.

304 4603 342 4646 aa.
360 4601 393 4646 De
407 4598 505 4648 Libanio
521 4601 626 4660 quodam
637 4601 777 4652 admiranda
788 4605 870 4665 rciert,
880 4604 993 4655 Asianum
1011 4619 1052 4666 ge·

1086 941 1121 1004 εἰς
1138 937 1350 1020 φιλοχρηματίαν
1364 939 1493 1006 ἐξώκειλε.
1518 939 1594 999 Μετὰ
1614 941 1702 1018 μέντοι
1720 942 1762 1000 τδν
1780 948 1849 1002 αὐτοῦ

1086 1025 1195 1084 θάνατον
1211 1026 1310 1096 δεήσεις
1321 1029 1381 1084 κατ’
1391 1028 1469 1086 αὑτοῦ
1481 1030 1532 1084 τῶν
1545 1029 1580 1094 είς
1589 1027 1715 1108 χρήματα
1728 1031 1850 1102 ἀδικηθέν-

1086 1135 1137 1170 των
1152 1114 1194 1171 έπί
1209 1113 1355 1175 Ῥοίόενναν
1369 1113 1534 1192 πανταχόθεν
1549 1115 1694 1194 συνέρρεον.
1710 1115 1777 1175 Ἀλλ’
1787 1123 1802 1187 ἡ
1812 1124 1850 1176 τοῦ

1087 1198 1228 1279 Ὀνωρίου,
1245 1201 1323 1280 φησί,
1339 1201 1466 1281 κουφότης
1481 1201 1525 1258 καί
1538 1205 1555 1272 ἡ
1570 1205 1616 1271 τῆς
1637 1203 1781 1270 Πλακιδίας
1799 1206 1853 1282 πρὸς

1088 1287 1165 1346 αὑτὸν
1176 1287 1303 1359 οἰκειότης
1314 1289 1463 1367 ἀπράκτους
1477 1290 1561 1346 αὐτῶν
1576 1287 1623 1356 τθς
1637 1289 1753 1360 αἰτήσεις
1762 1291 1803 1349 καί
1812 1293 1853 1361 τήν

1087 1373 1162 1454 ἰσχὺν
1170 1380 1215 1433 τοῦ
1225 1376 1325 1434 δικαίου
1334 1375 1475 1455 ἀπέφηνεν.

1127 1481 1164 1522 tu.
1178 1459 1243 1522 Ὀτι
1253 1461 1367 1533 τοσαύτη
1381 1463 1492 1528 διάθεσις
1502 1460 1622 1542 Ὁνωρίιρ
1633 1462 1697 1540 πρὸς
1709 1462 1757 1534 τῆν
1769 1465 1855 1523 οἰκείαν

1089 1549 1215 1630 ἀδελφήν,
1228 1549 1253 1617 ἐξ
1267 1542 1369 1631 οὑπερὺ
1381 1549 1477 1621 ταύτης
1487 1547 1551 1628 ἀνήρ
1562 1550 1740 1618 ίίωνστάντιος
1752 1553 1854 1622 atarbio»,

1088 1636 1302 1716 πορεμπεφύκει,
1316 1637 1351 1702 ab<
1365 1634 1412 1706 τήν
1424 1637 1535 1714 ἄμετρον
1548 1637 1654 1712 ἀγάπην
1669 1639 1755 1696 αὐτῶν
1770 1640 1811 1697 καί
1825 1641 1852 1696 τί

1090 1728 1187 1803 συνεχῆ
1205 1723 1274 1783 κατθ
1295 1723 1381 1798 στόμα
1394 1722 1530 1801 φιλήματα
1552 1728 1586 1789 εἰς
1607 1723 1735 1804 ὑπόληψιν
1756 1729 1856 1806 αἰσχρὰν

1090 1811 1245 1878 αὐτοὺςτοῖς
1264 1813 1370 1876 πολλοῖς
1391 1810 1526 1887 έμόαλεῖν.
1552 1809 1630 1868 ’alil
1651 1811 1766 1885 τοσαύτη
1786 1817 1856 1872 πόλιν

1089 1899 1177 1966 αὑτοῖς
1194 1899 1354 1976 ίναπετέχθη
1367 1897 1448 1978 ἔχθρα
1464 1899 1563 1975 σπουδῇ
1577 1899 1733 1970 Σπαδούσης
1750 1903 1791 1960 καί
1802 1901 1858 1960 Ἐλ-

1089 1987 1176 2052 πιδίας
1198 1985 1305 2064 (τροφός
1329 1987 1352 2043 δ’
1373 1979 1404 2056 ῆν
1428 1983 1495 2055 αὕτη
1517 1986 1692 2066 Πλακιδίαςί,
1716 1979 1758 2054 αἶς
1776 1989 1817 2047 καί
1831 1988 1859 2044 τά

1089 2072 1174 2132 πολλδι
1193 2075 1333 2152 προσεῖχε,
1349 2073 1562 2152 συμπράττοντος
1576 2076 1665 2142 αὑταῖς
1681 2075 1725 2133 καί
1739 2077 1860 2140 Λεοντέως

1091 2167 1137 2220 τοῦ
1148 2160 1244 2229 ταύτης
1261 2159 1430 2240 κουράτορος,
1447 2158 1515 2217 ὥστε
1528 2161 1632 2226 στάσεις
1646 2159 1693 2237 μέν
1707 2161 1829 2227 πολλάκις
1838 2165 1860 2218 ἐν

1089 2253 1121 2327 τῇ
1142 2248 1271 2327 Ῥαόέννῃ
1298 2252 1424 2318 συστῆναι
1446 2248 1552 2324 (περιῆν
1572 2249 1622 2326 γδρ
1642 2249 1752 2328 κάκείνῃ
1774 2254 1861 2318 πλῆθος

1092 2335 1230 2414 βορόάρων
1253 2339 1282 2394 ἐκ
1298 2340 1344 2406 τῆς
1361 2335 1425 2416 πρὺς
1442 2335 1598 2414 Ἀδοίουλφον
1622 2337 1762 2416 συναφείας
1779 2338 1820 2396 καί
1838 2340 1861 2393 ἐκ

1093 2428 1139 2493 τῆς
1152 2425 1216 2502 προς
1234 2422 1413 2483 Κωνστάντιον
1429 2419 1580 2498 συζυγίαςί,
1593 2423 1638 2481 καὶ
1654 2417 1757 2502 πληγδις
1771 2426 1796 2482 δὲ
1808 2446 1861 2501 προ

1092 2515 1172 2570 ελθεῖν
1181 2510 1336 2589 έξὲκατέρου
1346 2509 1449 2589 μέρους.
1456 2509 1538 2575 Τέλος
1547 2513 1575 2567 ἐκ
1582 2515 1627 2580 τῆς
1638 2513 1795 2591 ἀναφθείσης
1803 2509 1861 2569 ἐκεί

1089 2622 1134 2668 νης
1149 2597 1241 2676 ἔχθρας
1255 2597 1299 2656 καί
1314 2601 1359 2656 τοὺ
1370 2597 1524 2677 ἀντιρρόπου
1538 2601 1585 2666 τῆς
1598 2597 1658 2678 πρίν
1676 2598 1765 2678 φιλίας
1781 2598 1861 2675 μίσους

1091 2687 1126 2751 εἰς
1139 2684 1278 2752 Βυζάντιον
1295 2685 1427 2744 Πλακιδία
1438 2731 1446 2760 ,
1459 2689 1504 2742 τοῦ
1515 2685 1626 2765 ἀδελφοῦ
1637 2688 1861 2765 ὑπερισχύσαντος,

1092 2770 1138 2829 σὺν
1153 2779 1205 2837 τοῖς
1227 2771 1330 2838 οἰκείοις
1348 2771 1439 2830 παισίν
1459 2769 1610 2850 ίξορίζεται.
1631 2772 1684 2832 Καί
1704 2775 1781 2848 μόνος
1803 2775 1861 2846 αὐτῆ

1093 2858 1250 2938 ίίονηφάτιος
1263 2859 1297 2916 adr
1307 2857 1389 2917 πιστίι
1404 2859 1547 2939 φυλάττων,
1564 2859 1616 2918 ἀπὸ
1632 2864 1678 2931 τῆς
1694 2861 1827 2940 Ἀφρικῆς,
1838 2852 1861 2928 {a

1091 2919 1173 3025 ήρχε,
1196 2947 1241 3005 καί
1260 2945 1388 3024 χρήματα
1413 2950 1448 3012 ὡς
1473 2944 1579 3005 ἐδύνατο
1602 2947 1721 3020 ἔπεμπε,
1743 2949 1788 3006 καί
1810 2946 1861 3024 πρὸς

1092 3033 1140 3104 τὴν
1162 3033 1244 3103 ἄλλην
1265 3034 1342 3100 αὐτὸς
1361 3034 1468 3091 ἔσπευδε
1484 3033 1640 3113 θεραπείαν·
1660 3035 1768 3114 ὕστερον
1789 3035 1814 3092 δέ
1828 3029 1861 3089 τιό

1094 3123 1130 3187 εἰς
1143 3120 1191 3192 τῆν
1206 3125 1252 3191 τῆς
1266 3120 1399 3200 βασιλείας
1414 3121 1542 3202 ἀνάληψιν
1562 3121 1669 3179 όίπαντα
1684 3122 1849 3180 συνεὺάλετο.

1094 3287 1235 3337 Constantio
1246 3287 1385 3348 diuortium,
1395 3288 1440 3336 nisi
1451 3287 1538 3338 cuivis
1548 3287 1672 3338 tolleretur
1683 3289 1797 3338 Libanius
1816 3299 1861 3349 prm

1093 3365 1198 3427 stigiator
1210 3369 1282 3427 atque
1294 3365 1405 3414 infidelis.
1484 3423 1488 3430 ι

1125 3447 1165 3491 ab.
1178 3442 1332 3492 Constantius
1342 3455 1428 3502 genere
1435 3442 1531 3504 illyrius
1538 3442 1591 3505 iult,
1603 3443 1706 3492 ellaisso
1715 3443 1778 3492 urbe
1787 3443 1861 3492 Daciae

1095 3519 1138 3579 qui
1151 3520 1235 3568 multis
1250 3519 1322 3568 obitis
1331 3519 1381 3580 jum
1400 3519 1456 3569 inde
1467 3519 1618 3569 aTlreodosii
1634 3521 1712 3582 ldagni
1724 3519 1861 3581 temporibu

1095 3595 1186 3644 militia
1198 3597 1352 3656 muneribus,
1365 3596 1395 3646 ad
1407 3609 1529 3645 summum
1538 3597 1650 3657 mudena,
1663 3598 1689 3646 ut
1699 3596 1819 3655 diximus,
1832 3595 1861 3644 im

1094 3672 1152 3734 perii
1163 3673 1255 3735 apicem
1265 3679 1365 3722 erectus
1373 3679 1416 3723 est.
1430 3677 1454 3722 is
1465 3687 1541 3735 quum
1552 3674 1633 3722 cetera
1641 3673 1687 3722 fuit
1696 3673 1768 3723 laude
1778 3673 1861 3732 dignus

1093 3751 1146 3797 turn
1155 3749 1220 3812 quod
1231 3750 1283 3798 auri
1291 3749 1357 3798 nulla
1369 3750 1500 3812 cupiditate
1509 3751 1631 3811 ilagraret,
1643 3751 1772 3812 antequam
1780 3749 1861 3811 quiden

1095 3827 1207 3878 Placidiae
1216 3829 1400 3890 coniungeretur
1409 3846 1416 3890 ;
1424 3841 1480 3876 nam
1490 3841 1519 3877 ea
1530 3841 1607 3878 rasore
1617 3828 1706 3890 ducta,
1719 3829 1861 3890 perarmarur

1095 3905 1180 3954 aridus
1188 3907 1273 3956 erasit.
1306 3909 1360 3967 ipso
1373 3919 1429 3966 ergo
1441 3911 1551 3964 mortuo,
1561 3918 1618 3954 cum
1628 3906 1755 3967 postulatis
1769 3907 1861 3954 bomine

1094 3985 1231 4032 Rauennam
1244 3981 1349 4044 undique
1363 3981 1544 4043 conduxerunt,
1557 3995 1619 4044 quos
1629 3983 1698 4032 bonis
1710 3983 1751 4033 ilie
1759 3995 1803 4045 per
1814 3981 1861 4042 inju

1095 4059 1155 4107 rium
1164 4060 1276 4110 exuisset.
1310 4077 1322 4102 r
1336 4061 1425 4109 Verum
1438 4057 1536 4108 llonorii
1546 4094 1552 4119 ,
1562 4059 1652 4120 iuquit,
1663 4059 1756 4120 lenitas,
1766 4062 1791 4108 et
1803 4058 1861 4108 Plaol

1096 4137 1142 4186 diae
1155 4151 1212 4186 cum
1222 4151 1250 4187 co
1260 4140 1325 4188 arcta
1334 4138 1406 4187 nimis
1422 4139 1587 4198 familiaritas,
1603 4139 1692 4187 trustra
1703 4141 1731 4186 ut
1742 4144 1824 4188 casem
1839 4138 1861 4184 ln

1096 4215 1252 4278 querimoniae
1270 4215 1396 4278 omnisque
1407 4215 1467 4264 adeo
1474 4215 1535 4276 juris
1544 4215 1580 4264 vis
1590 4228 1619 4264 ac
1629 4215 1749 4276 potentia,
1761 4216 1852 4265 etlecit.

1127 4297 1166 4344 lo.
1185 4295 1285 4343 lionorii
1305 4307 1361 4357 erga
1380 4307 1486 4343 sororem
1506 4294 1601 4342 allectio
1619 4297 1685 4342 tanta
1704 4293 1762 4354 luit,
1781 4307 1814 4342 cx
1830 4305 1861 4353 qu

1097 4374 1264 4434 Constantius,
1277 4373 1328 4435 ojus
1350 4375 1463 4434 maritus,
1482 4373 1532 4422 rita
1550 4372 1663 4434 neoestt,
1683 4376 1711 4420 ut
1728 4372 1825 4434 perdite
1845 4385 1861 4418 n

1096 4450 1141 4499 mis
1151 4449 1254 4499 amando
1263 4455 1287 4498 et
1296 4449 1389 4498 assidue
1397 4463 1424 4500 oa
1433 4449 1485 4512 ejus
1491 4449 1620 4500 osculando
1630 4449 1706 4511 turpis
1715 4449 1781 4509 apud
1790 4449 1861 4496 mulir

1097 4527 1277 4576 consuetudinis
1289 4527 1449 4588 suspicionem
1460 4540 1507 4576 non
1517 4527 1634 4588 effugerit.
1666 4526 1712 4576 Sed
1725 4526 1764 4574 liic
1774 4539 1846 4573 amor
1857 4525 1861 4570 i

1097 4607 1192 4655 tantum
1204 4605 1270 4654 brevi
1283 4607 1356 4655 vertit
1367 4605 1464 4666 odium,
1476 4603 1666 4654 allaborantibus
1680 4603 1789 4666 spadusa
1807 4606 1861 4664 atqu

272 4685 329 4721 nere
340 4672 414 4733 bunc,
425 4674 531 4722 Honorio
544 4677 567 4723 et
576 4677 718 4726 constantio
727 4677 910 4739 imperatoribus
921 4680 995 4742 (itt),
1006 4683 1052 4729 lla-
1097 4683 1189 4744 Elpidia
1201 4683 1312 4732 Placidiae
1325 4683 1431 4743 nutrice,
1442 4683 1532 4744 quibus
1540 4682 1581 4732 illa
1597 4681 1719 4731 tribuebat
1728 4681 1861 4742 plurimum

273 4762 376 4797 renuam
386 4751 477 4799 venisse
485 4786 492 4809 ,
501 4764 673 4815 summumque
683 4755 815 4805 veneticum
828 4768 857 4805 ac
866 4769 961 4818 magum
972 4759 1052 4808 tuisse.
1097 4761 1220 4821 adjutante
1229 4760 1286 4808 item
1294 4760 1355 4821 ipsas
1362 4762 1475 4818 leonton,
1483 4759 1547 4808 iilius
1556 4761 1675 4816 curatore,
1685 4761 1712 4806 ut
1719 4757 1861 4808 etsedilionr

274 4827 338 4875 Dicit
355 4829 420 4876 enim
437 4831 569 4891 pmiessum
590 4845 654 4893 osse,
671 4833 812 4882 admiranda
829 4848 898 4897 posse
917 4848 942 4885 se
964 4836 1053 4898 absque
1096 4833 1861 4897 Ravennafrequentarerstsrerent(adliaerebatenimipsiadln

273 4904 372 4952 crinalis
391 4906 529 4956 bominibus
546 4909 660 4958 aduersus
673 4911 787 4960 barbaros
800 4913 903 4973 patrare.
935 4916 965 4962 At
977 4927 1052 4974 qurrm
1098 4913 1253 4962 barbarorum
1263 4912 1347 4974 turba,
1360 4925 1436 4974 quum
1445 4926 1476 4962 εκ
1487 4911 1620 4974 ainulphi,
1633 4913 1686 4961 tum
1700 4924 1730 4960 ex
1740 4909 1861 4958 Constant

274 4979 359 5029 deinde
377 4983 566 5043 experimentum
590 4987 697 5047 promissi
716 4987 833 5048 dedisset,
844 4989 869 5037 et
888 4989 950 5036 lama
962 4990 1054 5050 longius
1097 4989 1431 5052 imperatorisconjugiia),et
1442 4989 1620 5038 vulneraetiam
1633 4988 1861 5048 utrimqucinlorrer

275 5071 375 5107 manans
395 5061 426 5108 ad
445 5062 506 5123 ipsas
527 5077 602 5125 nsque
622 5067 731 5116 t'lacidiae
753 5080 823 5116 aures
845 5081 965 5116 rumorem
985 5068 1053 5117 deta·
1098 5070 1150 5128 tur;
1163 5067 1240 5115 donec
1251 5067 1348 5116 tandem
1360 5067 1392 5116 ob
1409 5081 1449 5116 eas
1461 5068 1523 5129 ipsas
1537 5067 1705 5115 inimicitiaset
1716 5065 1790 5127 priori
1803 5077 1861 5110 nmo

276 5135 470 5194 taratarantium
490 5139 556 5188 illum
568 5155 637 5192 csse:
658 5143 819 5194 comminante
839 5143 944 5194 Placide
959 5145 1054 5208 conjugi
1099 5159 1141 5209 par
1157 5159 1221 5196 nuuc
1232 5145 1313 5196 odium
1324 5145 1555 5209 Constantinopolim
1566 5144 1685 5208 Placidia,
1696 5145 1767 5194 tratre
1781 5155 1861 5204 praere
