3908 5732
845 375 1092 434 FRAGMENTA.
1712 397 1767 446 ειε

173 497 218 557 καί
233 497 328 576 ἀνδρας
342 497 386 556 καὶ
399 503 523 574 γυναῖκας
535 501 564 557 οὐ
584 499 661 574 μόνον
684 505 735 560 τῶν
754 503 789 569 εἰς
808 502 850 561 τὸν
867 505 949 579 δῆμον
998 509 1011 563 ὁ
1026 505 1116 586 Νέρων
1127 507 1173 579 τήν
1184 507 1301 580 Σαύίνην
1315 511 1439 588 ἠγάγετο.
1453 513 1477 572 Τ
1479 511 1522 570 ότιΙ
1531 511 1581 593 γδρ
1599 514 1643 572 καλ
1656 515 1703 587 τήν
1714 541 1768 595 μη-

173 587 218 644 καὶ
232 585 291 652 τούς
305 585 392 652 ίππιῒς
408 586 559 659 τελούντων,
575 587 699 647 ἀλλὰκαὶ
716 595 760 648 τοῦ
783 593 950 669 βουλευτικοῦ
998 593 1059 674 τέρα
1069 595 1214 676 ἐφόνευσεν.
1230 597 1324 658 Αίτίαν
1338 598 1367 657 δέ
1377 605 1425 672 τῆς
1437 601 1616 679 ἀνοσιουργίας
1631 605 1709 673 τῆσδε
1724 629 1769 684 γε-

174 669 334 747 ἀξιώματος,
345 673 390 730 καὶ
404 674 452 751 οὐχ
469 673 538 739 ὅπως
549 673 632 745 νέους,
648 675 705 733 ἀλλ’
728 675 778 749 ήδη
802 677 846 736 καί
863 701 950 758 παρη·
997 687 1119 758 γενῆοθαι
1135 683 1252 744 Σαύίναν
1264 687 1374 761 γυναῖκα
1388 685 1475 764 γένους
1494 689 1644 767 ἐπιφανοῦς·
1661 683 1692 760 ἧς
1710 694 1771 772 ἐρα-

174 758 288 830 ύηκότας
304 762 466 838 ὁπλομαχεῖν
479 762 568 827 ἐντοῖς
583 761 696 842 θεάτροις
705 763 835 840 ήνάγκαζε
850 765 895 823 καί
905 771 952 836 θη-
998 769 1064 834 σθείς
1076 774 1089 826 θ
1100 767 1191 848 Νέρων
1205 775 1307 848 πρῶτον
1320 771 1367 848 μὲν
1382 774 1460 844 αὐτὴν
1475 773 1538 852 πρὸς
1551 775 1609 853 βίαν
1625 783 1669 835 τοῦ
1681 781 1772 858 ἀνδρὸς

174 847 217 926 ρέα
237 846 350 926 φονεύειν
373 847 418 904 καί
440 849 572 927 ὀρχεῖσθαι
591 849 635 906 καὶ
655 849 724 930 ᾄδειν
747 851 791 908 καί
819 853 881 930 πρὸς
899 861 951 910 πᾶν
1000 854 1116 914 Ποπλίου
1131 856 1280 934 ἀπήγαγεν·
1295 857 1384 918 έπειτα
1405 859 1451 918 σύν
1468 869 1524 926 ταῖς
1542 864 1686 922 παλλακίσι
1705 867 1771 926 τάτ-

174 930 359 1011 ἀσχημοσύνης
377 934 454 990 ἴέναι·
467 932 510 992 ίνα
523 933 550 992 δέ
564 933 596 1004 δὴ
611 934 735 1015 εὐπρεπές
745 935 800 1007 εἴη,
811 939 857 996 καὶ
875 939 951 1005 αὐτὸς
997 965 1049 1000 τειν
1062 945 1108 1000 οὐκ
1120 944 1296 1022 ἀνασχόμενος
1301 991 1309 1017 ,
1330 948 1398 1004 ἀλλὰ
1413 945 1532 1025 γαμετὴν
1551 949 1710 1020 ποιήσασθαι
1723 955 1770 1012 διε·

174 1019 239 1086 ἐςτδ
253 1018 359 1098 θέατρον
370 1018 474 1096 παρῄει.
497 1019 553 1080 Καὶ
573 1011 639 1081 εἶδον
661 1025 684 1080 οἱ
701 1023 759 1080 τότε
774 1021 903 1102 ἄνθρωποι
917 1025 950 1082 τά
996 1027 1114 1105 γνωκύις,
1132 1030 1181 1101 τήν
1200 1031 1247 1106 μέν
1262 1033 1429 1110 Ἀγριππίνης
1447 1037 1595 1113 ἀφαιρεῖται
1610 1037 1698 1113 τιμὴν,
1716 1043 1771 1102 Αὖ-

174 1107 235 1184 γένη
254 1107 287 1166 τά
302 1106 490 1184 μιγάλοι,τούς
508 1108 646 1188 Φουρίους,
659 1109 717 1176 τούς
734 1109 951 1190 Ὁρατίους,τούς
996 1115 1108 1192 γούσταν
1129 1115 1157 1174 δέ
1177 1115 1225 1188 τήν
1249 1117 1368 1176 Σαύίναν
1382 1120 1573 1178 ἀποδείκνυσιν·
1587 1125 1621 1188 ῶς
1637 1125 1666 1181 ἐκ
1680 1125 1771 1186 τούτου

174 1194 305 1264 ψαύέους,
319 1193 377 1259 τούς
393 1195 534 1272 Πορκίους,
548 1194 605 1261 τούς
626 1197 768 1277 Βαλερίους
787 1197 860 1256 κάτω
879 1200 952 1269 έσιη·
998 1203 1098 1260 ἀνόσιόν
1112 1227 1138 1262 τι
1158 1203 1203 1262 καὶ
1225 1203 1390 1282 μιαρώτατον
1412 1207 1486 1285 ἔργον
1505 1206 1551 1277 τήν
1570 1208 1671 1288 μητέρα
1692 1215 1771 1272 αὐτοῦ

175 1281 254 1348 κότας
266 1281 311 1338 καὶ
325 1285 433 1338 τοιαῦτα
452 1283 515 1360 δρῦν
530 1282 768 1360 ἀναγκαζομένους,
783 1275 818 1342 ῶν
827 1285 882 1343 ἔνια
894 1285 950 1344 οὐδέ
997 1291 1150 1365 μελετῆσαι.
1164 1285 1333 1371 Ὧσπεργδιρ
1348 1293 1390 1350 τδν
1407 1298 1473 1352 θεῖον
1488 1297 1569 1366 αὐτῆς
1582 1296 1625 1353 τὸν
1640 1300 1771 1359 Κλαύδιον

174 1369 224 1426 ὐτὸ
242 1367 329 1426 ἀλλων
343 1368 466 1444 γινόμενα
480 1367 590 1446 πρόσθεν
615 1374 678 1450 δρᾶν
699 1371 847 1450 ήνείχοντο·
872 1375 949 1432 Αίλία
997 1379 1031 1442 εἶς
1045 1376 1129 1456 ἔρωτα
1143 1378 1317 1456 φαρμακείαις
1329 1379 1477 1457 εἰσήγαγεν,
1489 1379 1556 1439 οὕτω
1567 1381 1611 1440 καί
1620 1383 1771 1447 τδνέαυτοῦ

173 1460 233 1532 γοῦν
251 1455 373 1515 Κατέλλα
398 1454 462 1531 γυνή
488 1461 565 1515 τοῦτο
587 1457 634 1532 μέν
654 1456 738 1534 γένει,
758 1465 836 1517 τοῦτο
859 1459 950 1518 δὲκαὶ
997 1467 1079 1521 παῖδα
1104 1464 1167 1544 πρὸς
1194 1465 1241 1535 τήν
1271 1466 1394 1538 τοιαύτην
1422 1465 1574 1527 δυσοέύειαν
1601 1471 1771 1553 παρέτρεψεν.

173 1542 281 1622 πλούτῳ
295 1541 465 1622 προήκουσα,
478 1543 542 1620 πρὸς
555 1544 636 1622 γῆροίς
656 1568 684 1602 τε
705 1546 804 1626 μακρὸν
820 1547 949 1626 ἀφιγμένη
997 1549 1065 1609 Ἀλλ’
1075 1550 1144 1625 ὅμως
1158 1551 1204 1610 καί
1217 1552 1283 1628 μετδι
1301 1552 1347 1620 τάς
1362 1552 1485 1620 τοιαύτας
1507 1553 1612 1635 προέξεις
1626 1558 1771 1632 διαύληθεῖ.

172 1629 397 1708 (θγδοηκοντοῦτις
408 1627 459 1709 γδιρ
482 1621 531 1708 ἦν)
548 1631 591 1688 ἐπί
611 1635 658 1702 τῆς
680 1637 778 1704 σκηνῆς
794 1633 948 1712 ὠρχήσατο,
995 1636 1044 1694 σάν
1059 1641 1082 1696 οί
1096 1638 1161 1718 πρὸς
1171 1644 1218 1710 τῆς
1233 1639 1365 1717 Σαύίνης,
1381 1641 1508 1721 Ἀνικήτῳ
1520 1643 1569 1700 τινί
1584 1647 1635 1702 τῶν
1651 1667 1770 1722 σωματο·

172 1717 199 1776 σί
208 1740 237 1775 τε
251 1715 326 1775 ἄλλοι
337 1721 388 1774 τῶν
404 1719 546 1797 ἐπιφανῶν,
560 1717 577 1789 ἣ
593 1719 634 1777 διδι
647 1723 728 1800 γῆρας
742 1720 810 1791 ήδιά
822 1722 895 1780 νόσον
904 1724 949 1781 οὐ·
996 1723 1117 1802 φυλάκων
1129 1725 1193 1804 πρὸς
1204 1727 1343 1806 διαφθορὰν
1359 1727 1469 1795 ἐξέδοτο.
1485 1720 1526 1788 Οῦ
1540 1733 1692 1806 γενομένου,
1706 1733 1771 1811 ἔγνω

172 1805 215 1863 δέν
230 1806 283 1885 ἐδίσρ
296 1809 404 1875 ποιῆσαι
417 1805 584 1880 δυνηθέντες,
605 1798 668 1886 ᾖδον
682 1809 750 1866 κατὰ
765 1808 859 1888 χοροῦς
875 1811 950 1868 ίστά-
995 1833 1024 1868 τε
1035 1811 1120 1882 ἐκείνη
1131 1812 1175 1870 καί
1185 1814 1346 1885 ἀνεπήδησεν
1361 1819 1390 1874 ἐκ
1405 1819 1451 1887 τῆς
1465 1815 1565 1889 κλίνης,
1578 1817 1625 1886 τήν
1638 1842 1665 1876 τε
1675 1822 1771 1892 ἐσθῆτα

172 1916 254 1966 μενοι.
270 1891 406 1952 Ἐπιτέλει
421 1892 447 1950 δέ
459 1891 557 1960 ταύτας
567 1891 613 1958 τδις
632 1895 773 1972 ἐκθέσμους
791 1895 849 1962 θέας
867 1895 910 1954 ε’πί
922 1921 949 1956 τε
995 1898 1195 1978 περιερρήξατο,
1207 1899 1252 1958 καλ
1263 1901 1309 1974 τήν
1321 1901 1436 1982 γαστέρα
1453 1902 1628 1979 γυμνώσασα,
1651 1933 1663 1958 ι
1687 1909 1770 1984 Παῖε,

171 1983 210 2059 τῷ
221 1979 312 2058 γενείῳ
329 1979 473 2060 τὸπρῶτον
486 1980 637 2060 ψιλωθέντι,
652 1981 698 2040 καί
718 1983 761 2040 ἐπὶ
780 1986 818 2063 τῷ
832 1987 878 2052 τῆς
897 2008 954 2058 μη-·
995 1984 1044 2066 ἔφη
1050 2033 1058 2058 ,
1074 1987 1184 2059 ταύτην,
1201 1987 1331 2060 Ἄνίκητι,
1354 1987 1393 2048 ὅτι
1409 1988 1517 2068 Νέριονα
1531 1989 1611 2049 ἔτεκε.
1628 2020 1640 2044 ν
1660 1993 1714 2052 Καὶ
1725 1979 1772 2063 τὰς

174 2065 233 2146 τρύς
247 2067 332 2146 φόνῳ·
351 2067 518 2125 ἀπολελοίπει
537 2067 588 2148 γδιρ
612 2069 690 2126 αὐτύν
718 2069 825 2128 οὐδὲτὸ
845 2070 948 2150 φονικόν
994 2073 1116 2152 περιττὰς
1126 2074 1440 2155 μιαρίαςπροεγράψαμεν
1450 2079 1480 2136 ἐκ
1488 2077 1654 2156 τῆςίστορίας
1662 2081 1768 2160 Δίωνος,

172 2154 261 2212 τεκαὶ
275 2152 388 2227 ἀπηνὲς,
404 2153 491 2212 καίτοι
504 2177 533 2232 γε
556 2155 656 2224 παίζειν
680 2159 815 2215 δοκοῦντα·
837 2158 897 2215 ἀλλ’
914 2150 945 2230 ήν
996 2159 1057 2238 περί
1073 2183 1101 2219 τε
1121 2166 1168 2232 τ’ής
1193 2161 1379 2240 μητροκτονίας
1394 2161 1440 2221 καί
1462 2168 1507 2222 τοῦ
1523 2163 1628 2244 Σπόρου
1643 2171 1689 2224 τοῦ
1705 2169 1770 2248 ἐρω-

171 2239 219 2316 μὲν
232 2240 355 2308 καθάπαξ
362 2242 414 2306 τοῖς
430 2243 534 2319 ἀγαθοῖς
547 2264 575 2300 τε
586 2243 632 2300 καί
640 2243 856 2321 πεπαιδευμένοις
870 2243 946 2322 έγκο-
996 2245 1074 2321 μένου
1086 2249 1131 2306 καὶ
1145 2251 1196 2306 τῶν
1210 2249 1315 2308 λοιπῶν.

170 2343 222 2386 τος.
234 2320 273 2379 Τὀ
288 2317 316 2376 δέ
329 2321 451 2377 πλεῖστον
463 2320 508 2378 καί
527 2321 666 2398 κράτιστον
681 2323 724 2380 ἐπί
736 2323 894 2400 παραλόγοις
907 2326 949 2381 αἰ·
1246 2329 1247 2332 ’

170 2405 239 2472 τίαις
255 2405 425 2478 ἀπανηλώκει
440 2409 485 2476 τ’ής
505 2407 709 2488 βουλῆςμέρσς,
723 2409 781 2476 τούς
793 2410 840 2484 μέν
854 2409 893 2468 ὅτι
907 2412 948 2467 εὐ·
1358 2399 1405 2455 9¹¹

170 2501 263 2571 γενεῖς,
290 2491 349 2560 τούς
371 2491 398 2550 δέ
423 2492 462 2551 ὅτι
478 2495 627 2575 περιουσίας
655 2496 776 2575 ἔχοντας,
790 2497 847 2563 τούς
872 2495 949 2555 δὲδτι
1034 2503 1158 2558 Εκε.Ι)ο
1173 2503 1223 2560 ins.
1241 2521 1271 2576 p.
1288 2507 1324 2567 είς
1350 2499 1442 2560 ιὈτι
1471 2503 1498 2559 ἐν
1521 2505 1552 2581 τῇ
1572 2501 1675 2584 Ἰύηρίρ
1694 2506 1772 2574 Γάϊος

170 2579 299 2660 σώφρονες
317 2570 385 2651 ήσαν
407 2584 490 2656 μισῶν
510 2604 538 2640 τι
558 2581 603 2640 καί
615 2584 739 2652 κολάζων.
754 2583 907 2644 Μουσώνιόν
920 2609 948 2644 τε
995 2585 1101 2654 Ἰούλιος
1114 2587 1219 2655 Οὐίνδιξ
1240 2587 1412 2646 ἐπανίσταται
1424 2591 1461 2668 τῶ
1479 2588 1600 2668 Νέρωνι,
1613 2592 1724 2660 πολλούς
1742 2617 1770 2652 τε

171 2668 217 2723 καὶ
232 2669 380 2746 Κορνοῦτον
402 2673 495 2746 μικροῦ
520 2667 568 2744 μίν
589 2670 692 2740 ἐδέησεν
716 2672 882 2747 ἀποκτεῖναι,
902 2676 948 2742 τῆς
994 2677 1045 2730 τῶν
1061 2678 1107 2745 τῆς
1130 2673 1276 2752 συγκλήτου
1301 2677 1395 2752 βουλῆς
1413 2675 1536 2755 φυγάδων
1556 2677 1768 2754 προσλαύόμενος

171 2753 198 2812 δέ
213 2753 320 2829 Ῥώμης
339 2753 477 2824 ἐξήλασεν·
493 2755 558 2814 ἀλλο
575 2756 621 2832 μὲν
648 2756 720 2816 οὐδέν
743 2759 885 2828 ἐπικαλῶν,
910 2757 949 2816 ὅτι
995 2759 1101 2820 Γαίλύαν
1119 2759 1284 2819 ἀποδέίκνυοι
1301 2759 1425 2838 βασιλέα·
1442 2761 1467 2828 δς
1481 2761 1527 2826 τάς
1541 2763 1663 2839 δυνάμεις
1677 2765 1771 2834 εὐθέως

171 2839 200 2899 δέ
212 2839 284 2921 σοφοί
292 2840 337 2898 καί
350 2841 451 2920 ἄριστοι
462 2841 529 2920 [τὸν]
539 2841 594 2920 βίον
609 2845 755 2920 ἐγενέσθην.
772 2845 908 2922 Συγγενῶν
920 2868 948 2904 τε
994 2846 1142 2919 ἐξοπλίαας,
1155 2847 1199 2906 καί
1211 2846 1298 2905 πάντα
1307 2848 1340 2905 τδι
1349 2848 1413 2924 πρὸς
1419 2847 1462 2906 τὸν
1476 2849 1593 2922 πόλεμον
1602 2873 1769 2930 παρασκευα-

170 2927 254 3008 φόνοις
272 2927 397 3002 ἑκάστης,
413 2931 448 2996 ὐις
462 2931 552 3003 εἰπεῖν,
567 2932 697 3008 ἐμιαίνετο
712 2936 758 3002 τῆς
771 2929 880 3010 ἡμέρας.
895 2932 949 2991 Τόν
995 2935 1106 3011 σάμενος
1119 2933 1161 2992 ἐπί
1176 2933 1222 3005 τήν
1239 2933 1349 3009 Ῥώμην
1367 2933 1479 2998 ἐλαύνει.
1498 2935 1532 2995 Ὀ
1546 2942 1606 3013 γοῦν
1624 2936 1770 3018 Νέρων,οὐ

169 3039 198 3074 τε
214 3014 264 3094 γάρ
278 3015 451 3093 Βρεττανικὸν
465 3017 574 3096 ἀδελφόν
590 3021 614 3076 οἱ
628 3009 693 3076 ε’ίναι
706 3019 843 3090 δοκοῦντα,
857 3022 948 3098 πρῶτα
998 3021 1109 3102 μετρίως
1122 3021 1163 3078 ἐπὶ
1177 3021 1261 3102 τούτῳ
1275 3021 1428 3101 ταραχθείς,
1443 3023 1588 3101 στρατηγὸν
1601 3029 1646 3082 τοῦ
1656 3025 1771 3102 πολέμου

170 3103 218 3179 μέν
237 3105 273 3170 είς
296 3102 344 3173 τήν
360 3100 430 3184 ῶραν
452 3106 567 3184 ἀσελγῶς
586 3104 701 3184 ῦύρισεν,
718 3105 806 3164 ἔπειτα
828 3105 855 3164 δὲ
876 3106 949 3186 πορά
995 3109 1105 3188 Ῥοῦφον
1120 3109 1222 3170 Γάλλον
1236 3111 1378 3183 ἐκπέμπει·
1389 3109 1416 3174 δς
1424 3108 1481 3168 οὐδὲ
1491 3111 1515 3175 ἐς
1525 3113 1699 3190 χεῖραςέλθεῖν
1711 3115 1772 3172 ἀνο-

170 3192 272 3250 δεῖπνον
295 3191 447 3270 δηλητηρίῳ
472 3193 605 3274 φαρμάκῳ
627 3191 781 3272 διέφθειρεν·
806 3197 841 3260 ὡς
868 3195 948 3252 δεινὸν
995 3197 1118 3277 σχόμενος
1132 3201 1195 3274 ττρὸς
1207 3195 1251 3254 τὸν
1266 3195 1384 3270 Γάλύαν,
1395 3200 1559 3272 ὁμολογεῖται
1572 3197 1617 3256 καί
1635 3198 1772 3259 σπένδεται

170 3277 208 3354 μὴ
228 3278 305 3354 μόνον
318 3277 469 3350 ἀκούεσθαι,
488 3279 557 3337 ἀλλά
577 3281 622 3339 καί
634 3283 752 3359 δρᾶσθαι·
767 3279 885 3347 πελιδνὸς
898 3281 948 3361 γάρ
994 3285 1056 3364 πρδς
1070 3284 1112 3342 τθν
1125 3283 1266 3341 Οὐίνδικα·
1278 3283 1352 3348 αὐτὸς
1364 3283 1410 3358 μέν
1420 3287 1472 3341 τῶν
1485 3286 1604 3344 Ιάλλιῶν
1617 3285 1704 3364 ἀρχειν
1715 3288 1771 3345 ἐπι·

169 3368 227 3432 ὅλος
254 3364 370 3444 ἐγένετο,
387 3365 431 3422 καὶ
454 3368 477 3423 οἱ
492 3367 622 3446 ὀφθαλμοί
637 3370 715 3425 αὐτοῦ
733 3367 889 3446 ἀνεῳγμέναι
904 3369 948 3426 καὶ
994 3372 1145 3448 λεξάμενος,
1162 3369 1279 3428 Οὐΐνδικι
1290 3368 1317 3428 δέ
1331 3369 1378 3440 τὴν
1389 3370 1408 3429 Ἰ
1414 3369 1507 3450 ῦηρίαν
1517 3371 1668 3449 προσήκειν,
1680 3372 1771 3454 καὶτῷ

169 3450 229 3518 τούς
241 3451 346 3530 ἐφόρους
357 3451 420 3530 πρὸς
427 3453 554 3533 τιμωρίαν
563 3456 711 3520 καλοῦντες.
754 3455 807 3514 Καί
821 3455 867 3525 τήν
884 3459 947 3514 ἐαυ-
995 3457 1088 3539 Γοίλύῳ
1101 3466 1188 3514 πᾶσαν
1201 3460 1265 3533 δμοῦ
1276 3455 1324 3528 τήν
1336 3455 1462 3528 Ἰταλίαν,
1473 3457 1518 3515 καί
1527 3457 1616 3537 δσαπῇ
1629 3459 1771 3535 Ῥωμαίων

168 3547 214 3599 τοῦ
228 3539 346 3617 γαμετήν
362 3537 506 3602 Ὀιιταῦίαν
520 3543 553 3599 δι’
565 3541 597 3613 ἣν
613 3543 648 3608 εἰς
662 3539 710 3612 τήν
724 3540 806 3621 ἀρχήν
821 3545 871 3622 οὐχ
885 3543 946 3614 ήκι-
994 3547 1063 3624 ἀρχῇ
1075 3543 1139 3625 πρὸς
1149 3543 1265 3615 ὑπακοήν
1273 3542 1332 3614 ἔθνη
1347 3544 1480 3622 τυγχάνει.
1504 3543 1610 3604 Τούτων
1623 3549 1709 3614 αὐτοῖς
1719 3549 1771 3606 διο-

168 3652 219 3686 στα
229 3626 415 3706 παρεληλύθει,
423 3631 525 3706 πρῶτον
537 3629 583 3704 μὲν
599 3629 788 3708 ἀπεπέμψατο,
798 3628 888 3688 ἔπειτα
903 3631 947 3688 καί
993 3631 1198 3708 μολογηθέντων,
1213 3629 1279 3698 τινές
1290 3635 1341 3689 τῶν
1355 3637 1399 3689 τοῦ
1410 3629 1521 3712 Ῥούφου
1531 3637 1696 3709 στρατιωτῶν
1711 3635 1770 3692 ἐπι-

169 3713 313 3773 ἀπέκτεινε.
334 3711 388 3772 Καὶ
403 3715 429 3772 ἐν
448 3713 521 3772 νυκτὶ
542 3713 660 3793 ἐκώμαζε
683 3715 752 3774 κατδι
771 3725 859 3775 πᾶσαν
878 3717 947 3796 [τὴν]
992 3717 1143 3776 ύουλεύουσι
1156 3720 1193 3796 τῷ
1208 3717 1339 3789 Οὐίνδικι,
1354 3719 1446 3797 ἀγνοίφ
1459 3719 1506 3793 μὲν
1520 3721 1572 3776 τῶν
1584 3719 1770 3796 ὁμιληθέντων,

169 3801 256 3874 πόλιν,
274 3799 385 3881 ὑύρίζων
410 3799 456 3868 τάς
473 3810 597 3880 γυναῖκας
619 3801 665 3860 καλ
683 3803 842 3880 ἀσελγαίνων
861 3806 895 3870 εἷς
914 3804 947 3862 τδι
992 3804 1062 3883 ζήλῳ
1071 3803 1098 3862 δέ
1112 3809 1157 3874 τῆς
1164 3803 1226 3883 πρδς
1235 3804 1312 3862 αὐτὸν
1320 3803 1481 3868 δυναστείας.
1494 3803 1642 3881 Ἀλλ’δμίν
1655 3805 1770 3876 Οὐίνδιξ,

169 3887 307 3965 μειράκια,
322 3885 442 3944 ἀποδύων
461 3910 490 3945 τε
510 3887 568 3954 τούς
587 3893 771 3963 ἀπαντῶντας,
792 3891 887 3963 παίων,
901 3915 942 3948 τι·
992 3892 1076 3949 καίτοι
1099 3892 1193 3972 ῥαδίως
1215 3891 1354 3967 δυνάμενος
1375 3897 1503 3962 σωθῆναι,
1525 3893 1708 3969 ἀγανακτήσας
1726 3896 1771 3952 καλ

168 3975 305 4054 τρώοκων,
327 3973 454 4055 φονεύων·
477 3974 523 4034 καί
543 3977 626 4036 ἐδόκει
644 3976 778 4035 λανθάνειν
799 3977 945 4056 ἀλλοτρίαις
991 3980 1193 4059 ὀλοφυράμενος,
1204 3978 1243 4038 δτι
1258 3982 1287 4038 ἐκ
1301 3984 1352 4038 τῶν
1365 3979 1573 4060 ὁμοφρονούντων
1588 3981 1716 4053 ἐκακώθη,
1726 3983 1772 4040 καί

168 4065 259 4131 ἐσθῆσι
272 4060 419 4140 χρώμενος·
433 4062 479 4128 τάς
502 4085 530 4120 τε
550 4067 600 4121 τῶν
616 4061 755 4141 ἐλευθέρων
770 4067 894 4140 γυναῖκας
919 4063 945 4132 ἐξ
991 4065 1030 4124 δτι
1040 4066 1073 4124 τδι
1083 4065 1185 4124 ἐναντία
1197 4070 1234 4144 τῶ
1258 4064 1360 4145 Νέρωνι
1383 4066 1523 4144 ἀμφότεροι
1541 4066 1697 4145 πράττοντες
1711 4071 1771 4126 δαυ-

169 4148 292 4229 έπηρείας
307 4149 426 4228 θύρίζυιν,
449 4149 494 4208 καί
510 4157 567 4216 ταῖς
581 4150 715 4230 παρθένοις
728 4155 762 4216 ῶς
776 4152 821 4208 καὶ
836 4150 946 4229 ἑταιρίσι
991 4153 1049 4220 τούς
1060 4153 1233 4225 ἀπώλλυσαν,
1245 4152 1291 4210 καί
1302 4153 1409 4232 προσέτι
1419 4160 1464 4210 τού
1481 4155 1640 4232 ἀνθρωπείου
1654 4155 1710 4233 βίου
1722 4179 1771 4214 κα-

169 4239 236 4313 μετδ
246 4241 298 4295 τῶν
311 4237 391 4313 φίλων
402 4236 546 4316 χρώμενος.
559 4235 595 4298 Ἦ
617 4239 644 4296 δέ
658 4239 815 4318 Ἀγριππίνη
831 4237 857 4304 ἔς
874 4261 901 4298 τε
913 4238 947 4296 τά
991 4239 1113 4318 ταγνούς,
1126 4239 1172 4298 καί
1184 4263 1209 4297 τι
1228 4239 1291 4317 πρὸς
1305 4240 1335 4296 τὸ
1345 4239 1476 4316 δαιμόνιον
1491 4239 1583 4313 είπύιν,
1601 4240 1640 4300 δτι
1656 4241 1771 4300 τοιούτου

169 4323 290 4402 συνέδρια
305 4323 412 4404 ἐφοίτα,
424 4326 480 4391 ταῖς
496 4348 525 4383 τι
543 4309 694 4404 πρασύείαις
714 4327 890 4406 ἐχρημάτιζε,
902 4327 947 4385 καί
990 4328 1144 4405 πράγματος
1156 4325 1298 4405 ἀρξάμενος
1314 4327 1360 4384 οὐκ
1373 4325 1535 4405 ἐπλήρωσεν,
1550 4329 1641 4386 ἑαυτὸν
1655 4351 1771 4406 προσκα-

169 4409 307 4476 ἐπιστολδις
320 4411 411 4487 δήμοις
420 4410 466 4469 καί
478 4411 587 4491 ἄρχουσι
601 4412 647 4471 καὶ
666 4415 815 4491 βασιλεῦσιν
824 4412 944 4472 ἐπέστελ·
990 4413 1157 4492 τειργοίσατο.
1178 4413 1213 4474 Ὁ
1226 4419 1287 4491 γοῦν
1311 4413 1420 4494 Ῥοῦφος
1439 4416 1526 4480 δεινῶς
1543 4415 1586 4474 ἐπί
1608 4419 1646 4493 τῷ
1664 4415 1772 4496 τοιούτῳ

168 4499 225 4559 λεν.
244 4497 322 4556 ’Λλλά
333 4502 415 4556 ταῦτα
429 4499 476 4576 μὲν
489 4499 643 4583 Ἀγριππίνη
666 4502 800 4581 ἔπραττεν,
818 4501 894 4581 ἄχρις
915 4497 945 4560 οδ
990 4503 1067 4560 πάθει
1082 4500 1279 4580 ὑπεραλγήσας,
1293 4500 1339 4560 καί
1356 4524 1426 4568 τινας
1440 4505 1490 4559 τῶν
1510 4507 1675 4580 στρατιωτῶν
1690 4504 1772 4561 κολά-

170 4664 275 4719 -τοὺς
288 4661 451 4726 Φουρίονς]
463 4681 484 4713 τ.
495 4665 594 4728 Φορίονς
603 4666 687 4714 codex.
697 4667 756 4723 Τοὺς
763 4667 882 4729 Ὁρατίους
892 4679 940 4716 non
948 4667 1019 4717 habet
1028 4665 1141 4728 xiphian.
1152 4667 1168 4715 Ι.
1179 4666 1195 4715 l.
1204 4695 1235 4707 -
1245 4666 1308 4716 Αίλί
1313 4682 1329 4714 α
1337 4679 1352 4715 e
1361 4665 1430 4715 Dion.
1440 4679 1462 4714 ο.
1474 4674 1510 4727 19,
1522 4681 1545 4727 μ.
1557 4671 1617 4726 998,
1627 4671 1672 4726 θθς
1683 4667 1772 4716 δειλαια

169 4732 255 4782 τοδεκ.
266 4735 379 4782 ceterum
390 4734 417 4782 ιιι
429 4735 513 4783 Nostra
523 4735 610 4796 passim
621 4735 761 4797 εΧιμΙιὶΙίιιο
770 4737 918 4785 emendanda
926 4741 997 4796 ευιιι,
1009 4737 1043 4786 sic
1055 4737 1078 4784 in
1088 4736 1176 4784 nostris
1188 4735 1311 4798 σοπηιΙυτε
1323 4735 1396 4784 habes
1406 4749 1461 4796 quoe
1471 4737 1544 4798 ipsius
1554 4735 1636 4784 Dionis
1646 4735 1718 4784 verba
1729 4749 1771 4784 ac·

169 4803 278 4850 curatius
291 4815 362 4864 quam
377 4805 485 4863 epitome
499 4805 544 4853 ista
556 4809 735 4866 ιιριωοειιιοιιι.
748 4835 779 4846 -
791 4807 965 4871 ψιλωθέντι]
981 4807 1025 4856 Ιιεο
1041 4806 1125 4856 Dionis
1144 4818 1204 4853 νυοε
1217 4805 1242 4853 h.
1262 4817 1279 4854 ι.
1293 4805 1364 4854 etiarn
1378 4817 1436 4853 ιιουε
1455 4805 1527 4854 suerit
1540 4805 1674 4866 xiphilinus
1692 4818 1712 4852 ε.
1727 4809 1771 4860 ει,

169 4871 212 4920 nbi
224 4871 295 4919 codd.
307 4873 445 4934 ψιλπθήναι,
458 4872 524 4934 quod
534 4877 615 4923 Stura.
626 4875 729 4922 mutavit
745 4874 769 4922 in
781 4875 920 4936 ψιλιοθῆναι.
929 4903 962 4912 -
973 4875 1145 4926 Μονοὼνιόν
1158 4876 1247 4924 τεκαὶ
1261 4873 1440 4939 Κορνοῦτον]
1453 4875 1482 4922 V.
1498 4875 1542 4924 Dio
1553 4881 1596 4929 [52.
1617 4877 1645 4922 27
1662 4873 1693 4922 de
1711 4873 1772 4922 Ruso

170 4941 291 5002 musonio,
310 4955 333 4991 ο.
351 4949 381 4992 29
396 4941 427 4991 de
440 4945 800 5006 (Ἀνανία-Βρεττανικὸν
818 4944 886 5008 κτλ]
901 4950 931 4998 v.
950 4945 996 4996 Dio
1013 4953 1056 5007 οι,
1075 4946 1324 5008 7.-’οκτα6ίαν]
1338 4951 1359 4990 v
1381 4948 1480 5006 υἰοοι,
1501 4943 1773 5007 isa—mmmm]

169 5015 200 5060 V.
215 5011 294 5060 θέσει
307 5048 314 5069 ,
326 5019 339 5059 9
349 5018 535 5073 ειμι-παῖε,
545 5012 615 5075 ἔφη]
629 5015 659 5060 V.
671 5013 715 5062 Dio
725 5021 768 5074 οι,
781 5019 816 5064 1³.
827 5041 858 5050 —
868 5015 973 5079 Σκύρου]
984 5020 1014 5065 v.
1026 5017 1122 5077 ὓίοοε,
1136 5021 1175 5067 27.
1186 5023 1229 5076 63,
1246 5023 1281 5065 19.
1292 5019 1353 5066 Mul
1363 5019 1393 5065 de
1402 5021 1478 5078 sporo
1488 5017 1511 5064 in
1523 5019 1582 5064 Exn.
1593 5016 1685 5064 nostris.

205 5083 246 5130 Fr.
257 5085 295 5130 91.
310 5081 355 5131 Ἐν
369 5080 495 5146 Ὶθηρίηι]
506 5081 560 5132 deb.
572 5083 595 5130 ἐν
606 5084 700 5144 Γαλλίᾳ.
716 5087 746 5131 v.
758 5084 804 5134 υίο
814 5087 904 5146 ιΧΙΙΙ,
917 5091 945 5133 22
955 5097 1009 5147 sqq.
1020 5086 1149 5147 complura
1161 5086 1247 5134 uostris
1257 5086 1352 5146 insunt,
1362 5099 1417 5147 ηιιεε·
1429 5086 1451 5134 in
1464 5085 1586 5146 xiphihno
1596 5084 1770 5134 θιαὶιΙι-ικιιῑυτ.
