3916 5728
602 364 774 428 DlONYSll
796 364 1072 428 ClthClDENSIS
1092 365 1341 428 FRAGMENTA.
1714 377 1772 431 893

190 561 481 651 n10ursius
510 559 917 648 culucinnuns,
991 498 1771 662 temetsi?ltet‘jt‘tilttt:

991 677 1034 731 De
1048 676 1222 732 Thuriorum
1234 675 1307 747 Rep.
1322 693 1351 749 p.
1369 673 1405 728 16
1415 673 1438 748 ).·
1459 676 1528 731 Vice
1548 691 1629 730 versa
1647 693 1682 730 ex
1697 677 1772 732 Dio·

204 765 357 836 Dionysius
381 763 572 819 Chalcidensis
591 765 635 818 De
654 761 770 817 urbium
789 762 947 836 originibus
990 763 1071 834 nysio
1083 760 1261 817 Chalcidensi
1278 762 1356 815 nasci
1369 762 1464 835 potuit
1482 761 1519 819 D.
1534 761 1547 816 δ
1560 759 1691 838 χαλκοῦς,
1704 762 1771 819 hinc

164 852 279 926 scripsit
292 851 382 905 libros
394 851 531 922 quinque.
552 850 641 904 Testis
658 859 701 904 est
713 847 851 922 Scymnus
862 849 947 905 Chius
992 848 1124 923 deinceps
1139 845 1306 918 δἈθηναῖος.
1322 849 1502 922 Quamquam
1518 848 1574 904 hoc
1589 848 1707 906 sortasse
1725 869 1771 906 ar·

163 956 193 995 v.
219 935 293 1010 115,
307 936 358 992 ubi
376 955 435 1010 prae
449 937 549 992 ceteris
563 935 729 992 auctoribus
746 954 776 992 se
792 955 876 991 usum
888 954 948 992 esse
991 937 1085 1010 gutius
1095 946 1137 991 est
1148 953 1235 1008 quam
1245 935 1339 991 verius
1350 932 1392 1010 (ν.
1404 947 1466 990 not.
1478 935 1515 990 ad
1525 934 1558 991 fr.
1574 935 1634 1010 ια).

164 1025 236 1081 dicit
247 1024 449 1093 Eratosthene,
1030 1027 1074 1081 De
1089 1025 1258 1080 auctoritate
1280 1025 1428 1098 scriptoris
1446 1034 1479 1078 ut
1500 1023 1573 1079 bene
1587 1041 1770 1097 nugaretum,

991 1112 1120 1185 inprimis
1138 1111 1244 1168 faciunt
1254 1111 1343 1166 rerba
1357 1112 1472 1184 Scymui
1485 1111 1573 1166 modo
1585 1112 1714 1185 appicta,
1737 1130 1771 1166 ac

991 1199 1074 1255 tacite
1097 1200 1258 1274 principem
1279 1200 1353 1254 iuter
1374 1195 1491 1256 Κτίσεων
1518 1209 1648 1254 auctores
1675 1199 1772 1258 locum

991 1288 1146 1360 Dionysius
1168 1286 1335 1342 obtinuerit.
1358 1285 1441 1345 Certe
1463 1285 1568 1340 malam
1583 1285 1611 1340 ei
1623 1296 1723 1342 uotam
1737 1305 1773 1344 ex

163 1369 275 1443 Quodsi
293 1371 395 1426 ordine
415 1371 620 1444 chronologico
638 1373 811 1447 scriptorum
831 1373 948 1428 nomina
990 1375 1165 1448 parcisque
1184 1373 1377 1449 perdurarunt
1399 1373 1586 1448 fragminibus
1601 1371 1771 1448 adspergere

163 1477 194 1513 se
218 1459 380 1533 excipiunt,
409 1459 527 1532 Ephoro
549 1459 702 1532 Dionysius
726 1461 873 1533 antiquior
894 1471 945 1515 est.
991 1463 1137 1520 nonlicet.
1150 1463 1433 1534 Siquaminusrecte
1449 1461 1558 1535 posita,
1573 1469 1684 1515 suntea
1697 1460 1771 1532 ejus·

164 1546 304 1619 Opinioui
318 1545 394 1600 favet
404 1545 512 1600 Plinius
524 1546 576 1614 lv,
590 1563 624 1600 αι
642 1543 693 1619 (fr.
709 1546 763 1620 9),
779 1548 829 1620 qui
843 1546 879 1602 de
891 1549 948 1602 Eu·
990 1548 1087 1618 modi,
1115 1560 1148 1604 ut
1174 1549 1278 1604 summi
1299 1549 1421 1602 nominis
1446 1549 1616 1622 scriptorum
1642 1549 1771 1623 exemplo

163 1632 233 1688 bore
243 1632 363 1706 loquens
379 1629 477 1688 laudat
492 1634 655 1702 Dionysium
668 1645 697 1688 et
710 1634 850 1707 Ephorum
857 1655 869 1701 ,·
881 1652 948 1690 nam
992 1636 1121 1690 excusari
1135 1645 1251 1709 queant.
1265 1634 1351 1705 Quod
1370 1633 1583 1709 dispositionem
1597 1636 1692 1709 operis
1705 1637 1771 1692 etti·

162 1718 377 1774 OEralcideusem
391 1719 470 1774 innui
481 1721 530 1775 vix
541 1719 661 1776 dubium
673 1739 730 1777 esse
739 1732 841 1795 potest.
857 1725 947 1778 Porro
991 1733 1057 1791 net,
1070 1722 1140 1776 nibil
1153 1723 1207 1777 uisi
1224 1722 1422 1796 chronologici
1433 1721 1542 1778 ordinis
1555 1721 1663 1778 indicia
1675 1741 1708 1778 ex
1723 1741 1771 1780 rc-

163 1806 269 1862 Strabo
285 1805 334 1880 (ir.
353 1802 386 1882 7]
401 1806 437 1862 de
456 1807 541 1880 Mysis
562 1807 701 1880 Bithyniae
720 1819 849 1866 veterum
871 1812 947 1865 testi-
992 1809 1086 1884 liquiis
1102 1807 1472 1886 [1.a.aa)eruerepctui.

225 1175 317 1240 Ἐφόρῳ
325 1191 351 1224 τι
362 1176 402 1224 καί
411 1179 445 1238 τῷ
454 1174 494 1230 τὰς
506 1173 592 1232 κτίσεις
602 1174 702 1238 εἰρηκότι

227 1246 252 1295 δν
261 1247 330 1295 πέντε
340 1246 427 1310 βίδλοις
436 1246 548 1296 Χαλκιδεῖ
560 1246 685 1310 Διονυσίῳ.

162 1895 433 1950 moniareceusens:
444 1893 564 1971 Πρῶτον,
572 1896 626 1963 ait,
638 1893 799 1975 μαρτυρήσει
809 1893 946 1963 Σκύλαξ...

163 1969 223 2038 εἶτα
233 1977 368 2046 Διονύσιος
380 1982 394 2037 δ
406 1977 452 2046 τὰς
465 1977 568 2046 Κτίσεις
578 1981 740 2060 συγγράψας.
752 1985 849 2042 Schol.
863 1985 948 2060 Apol·

163 2069 225 2126 lun.
244 2070 276 2137 1,
292 2067 350 2124 538
370 2067 421 2143 (fr.
440 2067 474 2144 6)
493 2069 681 2141 ajuuioribus
702 2072 739 2127 ad
755 2074 946 2146 antiquiores,

163 2167 198 2210 ut
205 2156 332 2226 videtur,
342 2157 529 2231 progrediens
539 2159 643 2212 excitat
655 2177 662 2213 :
674 2158 791 2237 Spidam
801 2171 829 2215 et
838 2162 948 2216 Aristo·

164 2243 267 2312 telem,
287 2244 338 2316 qni
356 2243 392 2299 de
406 2245 511 2300 uuum
523 2245 715 2322 scripserunt,
732 2243 776 2302 τδν
790 2242 849 2311 τοὺς
870 2247 947 2325 Φρυ-

164 2328 240 2406 γίους
260 2327 351 2404 λόγους
370 2327 525 2408 γράψαντα,
553 2332 753 2403 Daimachum‚
781 2335 949 2408 Dionysium

163 2417 390 2477 Chalcidensem.
415 2417 545 2476 Certiora
565 2419 672 2475 iudicia
692 2420 838 2490 desider03
858 2422 949 2477 exiis

165 2523 230 2578 qun
241 2504 414 2579 praebentem,
428 2505 544 2580 colligas
553 2507 720 2580 Dionysium
731 2505 859 2564 floruisse
872 2509 949 2565 circa

167 2591 226 2648 350
238 2611 265 2647 a.
281 2593 314 2651 C.
328 2592 373 2648 vel
386 2594 472 2648 etiam
482 2595 580 2668 paullo
593 2595 681 2669 prius.

205 2679 232 2733 Δ
245 2679 365 2732 Tatiano
377 2678 428 2735 Or.
445 2679 511 2734 adv.
524 2681 574 2736 Gr.
591 2699 618 2736 c.
634 2687 687 2756 49,
701 2683 835 2738 intereos
849 2683 900 2756 qui
914 2682 950 2738 de

166 2765 287 2820 Homeri
298 2783 400 2839 genere
414 2777 442 2821 et
455 2777 535 2822 aetate
550 2767 692 2837 dixerint,
706 2781 808 2844 praeter
822 2771 949 2844 Tbeage·

164 2870 241 2922 uem,
251 2853 479 2923 Stesimbrotum,
491 2855 700 2926 Antimachum,
709 2855 866 2913 afferuntur
874 2853 950 2934 Ἡρό-

167 2937 242 3002 δοτος
253 2939 267 2994 δ
278 2935 359 2996 Ἀλικ.
369 2936 414 2996 καλ
426 2939 558 3006 Διονύσιος
567 2943 581 2996 δ
591 2937 848 3012 ’ολύνθιος,ι1εἰιι(ίτ
857 2945 951 3019 pro·

169 3043 232 3094 rus,
247 3026 306 3084 alii.
319 3027 422 3082 Nescio
435 3045 472 3082 an
483 3029 633 3102 Olynthius
646 3029 693 3084 ille
705 3031 834 3086 aNostro
845 3033 951 3086 nonsit

167 3113 295 3168 diversus
310 3111 358 3189 (⁴).
374 3115 572 3172 Chalcidenses
586 3113 765 3192 quatriduum
783 3119 949 3175 Dicaearcho

167 3209 250 3268 sunt,
275 3201 413 3273 Olynthus
434 3201 662 3258 Chalcidensium
683 3203 810 3274 σολοικίας
833 3207 951 3260 Homeri

165 3287 287 3342 historia
304 3289 381 3344 baud
396 3308 455 3345 uuo
469 3288 557 3345 modo
570 3309 636 3346 cum
649 3287 741 3348 Κτίσει
761 3287 862 3356 Ἰωνίας
881 3312 952 3348 cou-

164 3371 349 3448 jungebatur.

166 3481 194 3530 r,
206 3462 242 3516 In
252 3461 415 3536 fragmentis
428 3463 580 3536 Dionysius
592 3473 689 3520 noster
700 3465 789 3520 sexies
804 3464 854 3539 (fr.
874 3485 901 3522 1.
917 3464 945 3526 5.

166 3548 197 3604 6.
224 3566 271 3604 ιο.
301 3567 347 3606 rr.
375 3547 429 3626 13)
453 3552 621 3606 nominatur
644 3553 658 3608 δ
681 3547 842 3621 Χαλκιδεύς,
865 3557 951 3610 semel

171 3635 225 3710 (fr.
243 3654 276 3690 ra
286 3635 295 3710 )
307 3637 321 3692 δ
335 3631 483 3708 Ἀδηναῖοςς
498 3649 597 3693 contra
608 3639 761 3712 Dionysius
771 3651 857 3714 poeta
866 3641 914 3698 ille
923 3653 951 3698 et

168 3732 269 3778 orator
277 3734 306 3778 et
314 3721 456 3792 πολιτικός,
465 3743 549 3798 quem
557 3745 654 3782 omnes
663 3728 952 3800 novimus‚quumce·

168 3811 238 3864 teris
250 3811 287 3863 sit
299 3810 490 3880 Atheniensis,
504 3813 608 3868 Photio
623 3824 651 3868 et
669 3813 762 3870 Suidae
779 3814 823 3888 ίν.
837 3813 951 3892 Θουριο-

168 3892 290 3970 pterim
301 3891 349 3964 τλν
358 3895 409 3972 γὰρ
420 3897 455 3960 είς
466 3893 583 3976 Σίδαριν
595 3898 716 3956 ἀποικίαν
726 3899 749 3956 ol
760 3897 807 3972 μίν
819 3898 951 3972 Λάμπωνι

169 3980 370 4042 amcitiam...
382 3983 405 4040 ol
414 3983 440 4039 dl
451 3985 489 4062 τῷ
499 3985 626 4044 Χαλκιδεῖ
632 3983 759 4064 Διονυσίῳ
767 3988 838 4062 κτλ.)
847 3989 952 4046 dicitnr

168 4069 369 4128 Chalcidensis.
379 4073 476 4128 Putari
484 4075 571 4148 igitur
579 4077 668 4148 possit
681 4073 797 4132 Κτίσεων
807 4088 953 4134 auctorem

167 4157 290 4214 cundem
304 4176 363 4214 csse
381 4178 446 4215 cum
460 4162 598 4234 Dionysio
610 4173 707 4237 poeta.
725 4164 763 4217 At
780 4181 883 4238 parum
896 4165 952 4222 hoc

140 4311 146 4340 Ι
167 4245 332 4318 probabile.
347 4245 510 4305 Chalcidem
519 4249 744 4326 patriampoetae
755 4254 953 4328 pepereritro'i

201 4407 235 4470 (')
252 4407 331 4458 Simili
341 4409 415 4460 modo
430 4411 567 4474 Ephippum
584 4414 727 4476 Olynthium
743 4415 774 4466 ab
793 4416 893 4468 Arriano
905 4417 953 4468 (ilci

168 4478 351 4530 Olulcldeusem
365 4481 519 4544 probabiliter
529 4485 613 4534 statuit
625 4485 704 4534 Geier.

374 4673 528 4737 UllllllJM
543 4671 746 4740 ¹OllltilllllS.

551 4841 576 4893 l.

201 4935 306 4985 Arcades
318 4936 496 4989 vtdenturaute
511 4939 592 4991 tunam
608 4941 694 5006 mun,
708 4945 821 4996 atellam
838 4947 954 4999 Ευᾱοκιιι

170 5011 196 5062 tu
207 5013 308 5064 Petiodc
317 5016 358 5066 ait.
367 5017 573 5070 'theodomerem
581 5019 606 5070 in
617 5021 729 5073 vicesimo
738 5037 802 5074 nouo
812 5027 954 5088 panticante

170 5092 283 5144 fluentia
299 5095 384 5146 centn
402 5097 516 5161 Gigantes
529 5097 620 5151 betium
636 5100 719 5152 lunam
737 5105 873 5168 apparuisse
885 5106 953 5158 dicit.

1298 1991 1464 2052 ΚΤῙΣΕΙΣ.

1229 2151 1252 2204 Ε
1271 2149 1385 2206 LIBRO
1405 2149 1532 2209 PRIMO.

1274 2327 1275 2330 ,
1369 2309 1381 2347 1
1387 2333 1395 2350 ·

1033 2412 1129 2468 Schol.
1145 2412 1279 2486 Apollou.
1299 2412 1356 2472 Ith.
1375 2414 1430 2484 tv,
1446 2412 1503 2482 264
1520 2429 1528 2471 t
1543 2413 1579 2472 Ol
1595 2410 1718 2492 Ἀρκάδες
1729 2415 1772 2473 δα·

995 2501 1071 2556 κοῦσι
1092 2495 1143 2576 πρὸ
1161 2502 1207 2568 τῆς
1221 2496 1331 2571 σελήνης
1345 2497 1497 2576 γεγονίναι,
1513 2503 1547 2567 ὡς
1559 2498 1604 2558 καί
1621 2499 1731 2568 Εὔδοξος
1745 2504 1772 2560 ίν

993 2588 1026 2663 τῇ
1044 2583 1174 2664 Περιόδιρ.
1193 2583 1330 2664 Θεόδωρος
1343 2583 1372 2644 dl
1386 2586 1413 2644 ίν
1427 2587 1538 2667 ιίκαστῷ
1552 2586 1650 2665 ίννᾶτιρ
1666 2588 1708 2664 (lu
1727 2587 1770 2647 et·

994 2673 1062 2730 cod.
1075 2677 1139 2734 Par.
1149 2674 1173 2748 ),
1187 2673 1267 2750 ὀλίγῳ
1284 2671 1409 2753 πρότερον
1429 2673 1494 2753 φησί
1513 2678 1557 2732 soii
1572 2675 1636 2752 πρὸς
1651 2674 1708 2742 τοὺς
1729 2674 1774 2752 γί·

994 2781 1092 2836 γαντας
1103 2759 1221 2834 πολίμου
1236 2759 1396 2838 Ἡρακλέους
1404 2759 1452 2832 τὴν
1462 2760 1574 2831 σελνίνην
1584 2766 1705 2842 φανῆναι.
1720 2763 1774 2824 Καὶ

995 2843 1141 2923 Ἀρίστωνὸ
1155 2845 1218 2910 Χῖος
1227 2846 1253 2902 ίν
1265 2853 1321 2912 ταῖς
1332 2846 1431 2906 Θέσεσι
1447 2846 1571 2923 (Κτίσεσι
1581 2869 1636 2905 em.
1651 2852 1774 2924 Rutger-

995 2933 1087 3008 sius),
1102 2931 1148 2990 καί
1161 2929 1294 2997 Διονύσιος
1306 2935 1320 2989 δ
1331 2932 1476 2999 Χαλκιδεὺς
1495 2936 1522 2992 ἐν
1537 2933 1634 3015 πρώτῳ
1655 2935 1772 2994 Κτίσεων

994 3017 1029 3076 ἰδ
1039 3017 1107 3075 αὐτά
1118 3039 1196 3098 quot·
1209 3017 1254 3077 καὶ
1268 3018 1338 3086 ίθνος
1350 3017 1378 3077 δὲ
1393 3017 1529 3098 Ἀρκαδίας
1539 3019 1683 3090 Σεληνίτας
1695 3012 1773 3084 εἶναι.

997 3102 1120 3172 Μνασίας
1133 3102 1160 3162 δί
1174 3105 1232 3165 κτλ.
1244 3108 1406 3180 Sequuntur
1415 3110 1558 3165 sententiae
1566 3111 1701 3181 Mnaseas,
1712 3113 1774 3167 Ari·

994 3194 1119 3262 stotelis‚
1133 3193 1260 3250 Duridis.
1271 3196 1374 3250 Totum
1388 3195 1484 3250 locum
1494 3199 1624 3252 Musnrns
1633 3199 1776 3254 transtulit

996 3281 1026 3334 in
1033 3281 1122 3338 schol.
1135 3281 1200 3340 Ald.
1212 3281 1250 3336 ad
1258 3283 1404 3357 Aristopb.
1420 3283 1497 3338 Nub.
1517 3283 1574 3357 397
1594 3284 1638 3361 (p.
1652 3285 1707 3353 431
1722 3285 1769 3342 ed.

996 3363 1149 3446 Diibuer.).
1163 3366 1207 3427 Cf.
1221 3368 1333 3426 Eudoc.
1349 3388 1380 3444 p.
1394 3369 1463 3436 481.

1220 3524 1243 3578 E
1266 3524 1379 3581 LlBllO
1399 3525 1546 3582 TERTIO.

1369 3679 1400 3720 Ἀ.

1035 3781 1206 3853 Harpocrat.
1219 3797 1249 3835 v.
1263 3775 1407 3858 Ἦραιστία
1418 3796 1426 3837 :
1437 3775 1502 3840 Ὅτι
1515 3778 1540 3857 β’
1551 3777 1640 3845 πόλεις
1650 3769 1718 3855 ᾖσαν
1729 3783 1776 3852 τῆς

996 3861 1104 3940 Λήμνου
1124 3862 1247 3943 Μύρρινιί
1260 3887 1288 3922 τε
1310 3864 1356 3923 καί
1374 3863 1518 3945 Ἡραιστία
1532 3867 1607 3938 δηλοῖ
1621 3866 1665 3923 καί
1680 3866 1776 3926 Διονύ-

996 3973 1050 4015 σιος
1062 3953 1076 4007 ὁ
1090 3948 1235 4018 Χαλκιδεὺς
1249 3951 1275 4008 ίν
1288 3950 1313 4030 γ’
1328 3951 1457 4012 Κτίσεων.

1036 4041 1162 4095 Crameri
1181 4040 1287 4098 Auecd.
1308 4041 1362 4098 Ox.
1376 4042 1430 4112 1v,
1444 4061 1475 4117 p.
1493 4060 1547 4112 αρτ
1567 4059 1575 4099 :
1599 4041 1739 4107 Χαλκιδεῖς
1751 4043 1776 4100 οί

997 4126 1023 4182 ίν
1038 4121 1138 4204 Εὐὸοίιρ
1156 4125 1210 4191 ταῖς
1231 4124 1331 4204 ῥήμασι
1351 4133 1404 4192 τοῖς
1427 4125 1643 4202 ουντασσομίνοις
1663 4129 1777 4194 δοτικαῑς

997 4211 1141 4275 αίτιατικδις
1161 4211 1284 4292 πρότερον
1306 4211 1471 4292 ίπιρίραντες
1494 4211 1541 4280 τὰς
1568 4211 1671 4280 δοτικδς
1692 4212 1777 4272 συνεί-

997 4321 1119 4356 πτουσιν·
1131 4287 1184 4357 οἷον
1198 4297 1330 4365 Διονύσιος
1344 4303 1358 4356 δ
1376 4299 1538 4367 Χαλκιδεύς·
1553 4327 1565 4354 ι
1578 4300 1714 4381 Μυρρίνην
1726 4300 1775 4372 τὴν

998 4383 1153 4460 Ἀμαζονίδα
1167 4384 1408 4466 περιὸλεψιίμινος,
1428 4387 1523 4447 ἔδωκεν
1537 4389 1609 4468 αὐτῷ
1627 4388 1674 4456 ‘ebt
1694 4388 1776 4456 ἄλλας

997 4471 1165 4548 ’Ἀμαζονίδας
1177 4471 1416 4548 μιτακαλίσασδαι.
1431 4501 1445 4528 ιν

998 4639 1076 4700 atque
1085 4638 1180 4688 Arbion
1191 4639 1266 4688 cutus
1275 4639 1299 4688 in
1313 4640 1484 4702 originibuset
1494 4642 1620 4704 Dionysius
1631 4643 1692 4691 libro
1701 4641 1779 4704 primo

997 4717 1122 4779 Ortgtnum
1130 4716 1214 4768 eadent
1223 4720 1330 4782 narrant,
1340 4721 1414 4782 atque
1422 4721 1539 4784 populum
1545 4720 1655 4772 Αιοεδλιο
1662 4721 1779 4772 selenites

998 4805 1057 4844 esse.

1029 4972 1779 5039 DusstuiaseLemniurbashtyrrhtnametttephnatiametiam

999 5050 1126 5115 Dionysius
1135 5051 1297 5104 Chalcidensis
1306 5053 1378 5105 tertio
1387 5052 1513 5118 originum
1524 5051 1639 5104 declarat
