3830 5720
204 351 258 402 liiii
909 343 1090 403 snoilllll

199 492 281 528 νιιιιιι
293 492 327 528 aa
347 491 466 530 consuas
482 493 640 530 onnrnssno
659 491 766 528 ιττιιιιιι
782 493 914 532 nunnius
928 493 976 532 ss.-
1022 471 1127 539 ίαυτοθις
1140 475 1178 554 τῷ
1194 473 1275 556 Κάριρ
1289 476 1515 556 παραδεδώκασιν.
1527 480 1560 542 ‘0
1575 484 1600 542 θέ
1621 486 1713 566 Πρόάος
1727 492 1770 548 inl

196 579 307 617 cunnus
319 579 383 618 τιυο
398 581 421 618 r.
435 587 446 612 ν
464 560 532 617 lin.
543 591 583 604 -
602 561 620 635 S
639 561 667 616 3.
689 583 702 610 ι
714 565 756 618 De
772 564 924 618 Aureliano
939 563 976 619 ad
1025 560 1076 618 τῶν
1090 559 1191 619 οἰκείων
1209 562 1356 642 δορυφόρων
1379 566 1508 647 ἀνῄρητο,
1524 569 1650 648 μαθόντων
1669 573 1711 646 τήν
1729 583 1770 636 τῶν

195 649 367 703 Placentiam
387 651 511 722 primurn
531 650 608 704 victo
630 666 646 705 a
665 650 889 718 Marcomannis,
908 669 976 706 mox
1021 648 1187 725 στρατιωτῶν
1201 647 1265 728 πρὸς
1278 649 1366 731 Κάρον
1381 654 1574 736 προσχώρησιν.

196 735 351 790 eorundem
365 737 474 790 victore
489 733 563 810 (²7⁰
572 735 598 810 )‚
611 736 709 810 legesis
720 737 871 812 Vopiscum
883 755 909 791 e.
925 755 974 810 as,

195 823 291 878 Aurei.
304 821 449 880 Victorem
461 824 535 898 Epit.
546 842 572 878 c.
583 822 632 879 35.
647 847 659 873 ν
672 821 743 879 Μαι.
754 853 788 866 -
800 823 817 897 S
829 829 857 888 l.
871 823 975 879 Eadem
1200 857 1246 899 ια,
1270 841 1408 902 ΚΑΡΟΣ.
1432 841 1510 920 (ι83
1521 867 1551 922 p.
1567 849 1614 924 C.)

194 918 290 964 namat
300 912 437 984 Vopiscus
450 912 479 964 in
492 913 587 966 Aurel.
602 930 627 966 c.
643 930 679 966 aa
695 912 703 984 (
712 929 809 986 spap.
822 911 852 969 C.
862 909 884 985 ).

1058 979 1121 1040 Ὅτι
1158 982 1214 1059 ἅμα
1246 988 1279 1063 τῇ
1314 987 1481 1068 ἀναγορεύων
1509 989 1622 1068 λέγουσιν
1658 995 1770 1074 εἰρηκέναι

405 1087 447 1122 ιι.
469 1065 633 1125 ΠΡΟΒΟΣ.
658 1066 760 1142 (282.)
1019 1067 1064 1126 τὸν
1081 1067 1168 1149 Κόραν
1190 1071 1229 1130 ότι
1243 1072 1287 1132 ἐπί
1304 1079 1378 1156 κακῷ
1403 1078 1512 1156 Περσῶν
1534 1081 1569 1146 είς
1594 1079 1640 1154 τήν
1657 1083 1774 1160 βασιλείαν

234 1203 298 1265 Ὅτι
311 1203 375 1284 πρὸς
396 1203 538 1285 ἀνταρσίαν
559 1203 674 1270 ἐλθόντος
695 1204 787 1286 Κόρου
801 1204 974 1266 ἐάουλεύσατο
1020 1149 1108 1228 ἦλθεν·

193 1293 207 1347 θ
222 1291 327 1372 lipsio<
339 1292 365 1350 τί
377 1293 416 1351 δεῖ
433 1295 543 1362 ποιῆσαι
558 1293 644 1353 αὐτόν.
662 1291 716 1354 Καὶ
731 1293 838 1352 πάντων
852 1293 973 1352 σιωπῶν·
1220 1317 1264 1374 13·
1288 1318 1587 1382 Apoxfflflffloz·

193 1401 256 1450 των,
268 1378 626 1460 Μαρτινιανόςτιςχιλίαρχος
632 1381 880 1461 παρρησιασάμενος
887 1380 973 1440 πολλά

194 1464 310 1522 ἐνεκάλει
331 1467 419 1546 αὐτῷ,
433 1470 467 1533 ὡς
482 1465 525 1524 nl
538 1465 582 1524 τὸν
597 1465 671 1526 ὄκνον
686 1470 764 1526 αὐτοῦ
778 1471 830 1526 τῶν
845 1467 971 1546 πραγμά·
1057 1487 1077 1527 i.
1087 1464 1152 1530 Ὅτι
1166 1471 1192 1528 ἐν
1204 1473 1237 1550 τῇ
1248 1471 1330 1552 alseio
1344 1473 1513 1555 ἀναγορεύσει
1526 1481 1541 1536 θ
1554 1481 1776 1552 Διοκλητιονθς,τθ

194 1573 246 1608 των
263 1552 465 1629 ἀπολλυμένων·
479 1552 525 1612 καὶ
537 1551 696 1634 προίτρεπιν
710 1552 788 1612 αὐτὸν
806 1558 972 1633 παραχρῆμα
1015 1555 1074 1614 τότε
1092 1555 1221 1632 οεύάμτνα
1239 1562 1295 1616 θεῖα
1314 1562 1523 1642 μαρτυρόμενος,
1540 1565 1625 1644 ἔλεγεν
1637 1566 1672 1646 μή
1686 1568 1725 1626 διὰ
1737 1573 1776 1640 τῆς

192 1641 297 1710 κινῆσαι
309 1637 355 1698 καὶ
366 1638 475 1708 ἐξελθεῖν
487 1642 523 1708 εἷς
536 1640 703 1717 πόλεμονκαὶ
714 1643 865 1713 ἀπαντῆσαι
879 1645 917 1722 τῷ
925 1665 971 1700 τυ·
1017 1643 1151 1720 βασιλείας
1162 1643 1278 1726 ἐφίεσθαι
1289 1648 1402 1727 Καρῖνον
1418 1652 1529 1726 ἀνελεῖν,
1543 1655 1611 1712 ἀλλά
1621 1654 1662 1714 θιθ
1671 1656 1776 1716 abiistis

193 1725 286 1805 ράννῳ.
1015 1729 1217 1802 τὴνπολιτείαν.

231 1818 306 1872 Nihil
316 1817 352 1873 de
361 1819 433 1874 Caro
443 1819 597 1874 rebellante
607 1820 744 1894 Vopiscus
756 1821 785 1874 in
796 1822 860 1875 Vita
872 1817 970 1880 Probi.
1058 1838 1080 1878 a.
1102 1814 1167 1878 Ὅτι
1176 1819 1207 1878 ri
1218 1819 1304 1880 πολλά
1315 1822 1438 1902 πράττειν
1450 1827 1676 1910 ἀντικλιματήρων
1686 1830 1727 1889 καί
1735 1855 1780 1889 κεν·

191 1903 270 1959 ldem
286 1907 421 1959 tamenin
437 1908 498 1960 Vita
513 1907 591 1975 Cari,
612 1925 637 1961 e.
657 1905 674 1960 6
694 1923 700 1963 :
717 1907 768 1961 Hic
787 1906 901 1982 (Carus)
917 1913 969 1982 igi-
1016 1901 1098 1962 δύνων
1111 1907 1215 1964 πολλῶν
1228 1906 1309 1990 οιίτιον
1323 1909 1432 1987 γίνεται.

191 2001 265 2045 tur...
275 1989 426 2062 praesecius
432 1997 586 2065 praerutila
598 1993 687 2047 Probo
688 1990 789 2061 sactus
801 2004 908 2050 tantum
917 1997 971 2050 sibi
1055 2010 1077 2052 a.
1101 1990 1198 2065 Ὀτιή
1218 1995 1365 2073 ἀνθρωπίνη
1381 1996 1455 2078 φύσις
1474 2001 1711 2080 annominemus
1730 2004 1781 2062 ἐπί-

190 2078 270 2148 npud
289 2081 390 2132 milites
410 2084 512 2134 ειιιπτιιὶι
527 2082 637 2146 ocavit,
665 2092 695 2134 ut
714 2077 858 2148 interfecto
879 2083 970 2138 Probo
1016 2100 1110 2137 σταται
1133 2080 1237 2162 φέρειν,
1260 2081 1278 2154 ἢ
1302 2083 1395 2165 με’τρον
1418 2088 1445 2144 ἀν
1462 2095 1522 2156 ταῖς
1538 2091 1668 2170 εὐτυχίαις
1691 2093 1781 2172 φυλάτ-

191 2175 268 2218 lanto
285 2170 428 2238 principe,
444 2168 519 2221 solus
534 2167 711 2238 dignissimus
725 2167 865 2222 videretur
880 2173 969 2242 impe·
1013 2187 1080 2224 τειν.

190 2255 241 2308 ινό.
257 2255 321 2306 ll'on
333 2272 377 2308 ine
391 2260 519 2327 [trieteris
531 2260 684 2327 suspicatos·
700 2273 759 2310 esse
766 2257 927 2329 plerosque,
943 2271 971 2312 es
1052 2270 1076 2312 s.
1098 2249 1163 2310 Ὅτι
1179 2253 1225 2312 καί
1239 2253 1282 2312 ni
1295 2256 1325 2316 ςθ
1343 2257 1402 2330 [θιθ
1417 2265 1529 2336 reieci]
1545 2268 1625 2340 τιμῆς
1639 2264 1713 2322 αὐτὸν
1726 2269 1782 2324 ἀθα-

189 2355 234 2390 eos
257 2343 285 2391 in
299 2335 395 2408 fastos
416 2343 539 2394 recidisse
565 2341 632 2394 Curi
645 2338 775 2412 factione
796 2347 968 2399 interemtum
1013 2337 1091 2397 νάτου
1113 2339 1173 2418 (τε)
1193 2345 1356 2422 τετυχηκότα
1370 2351 1466 2426 χρῆναι
1489 2355 1641 2428 μεμνῆσθαι
1654 2352 1692 2410 ότι
1705 2353 1784 2424 θνητός

188 2425 307 2479 Probum
313 2447 324 2492 ;
340 2428 392 2480 sed
407 2447 495 2500 neque
516 2433 640 2482 nierilum
659 2429 741 2482 Probi
761 2447 831 2500 erga
846 2431 962 2498 Carens,
1013 2426 1068 2484 ἐστι
1081 2425 1126 2483 καί
1141 2431 1191 2485 τῶν
1204 2430 1371 2509 ἀνθρωπίνων
1386 2440 1527 2515 συμφορῶν
1544 2441 1594 2498 οὐκ
1611 2441 1749 2519 ἀλλότριος.

190 2521 277 2576 neque
292 2506 359 2560 Cari
372 2525 461 2561 mores
478 2509 509 2560 id
520 2509 596 2561 credi
606 2514 754 2580 patiuntur
770 2525 781 2564 .·
801 2510 885 2562 simul
902 2517 969 2582 quia
1053 2533 1076 2571 a.
1099 2511 1164 2572 Ὅτι
1178 2515 1287 2584 Λούκιος
1302 2518 1442 2588 'oxelare
1454 2525 1490 2590 εἰς
1503 2525 1609 2585 δεῖπνον
1625 2527 1725 2598 κληθεὶς
1740 2533 1786 2608 ορς.

187 2589 272 2645 Probi
284 2606 398 2648 inertem
412 2607 440 2649 et
456 2601 591 2649 acerrime
603 2607 633 2648 et
644 2599 862 2650 constantissime
872 2600 968 2652 vindi·
1013 2599 1113 2675 ἀμύου,
1124 2599 1169 2658 καὶ
1184 2605 1340 2674 ἀποκληθεὶς
1353 2607 1511 2687 ἀπήγγειλεν
1529 2613 1624 2672 ἑαυτὸν
1639 2617 1674 2681 el<
1685 2615 1713 2673 τθ
1727 2639 1789 2692 συμ-

188 2684 269 2734 cueit.
283 2681 390 2735 Unicus
402 2682 675 2754 testisquidisertins
688 2681 758 2755 quid
769 2682 857 2738 dehis
869 2685 965 2755 tradit,
1012 2687 1103 2745 πόστον
1122 2687 1191 2759 ἥξειν
1211 2693 1234 2748 εί
1254 2692 1290 2768 μή
1310 2698 1345 2762 ὡς
1370 2686 1453 2755 οἷόντε
1480 2699 1616 2763 κάλλιστα
1639 2703 1705 2782 μέρη
1725 2705 1789 2782 αὐτῷ

188 2767 312 2821 Zonaras
324 2779 365 2822 est
377 2769 427 2823 lib.
439 2769 509 2838 XII,
520 2767 566 2838 30,
576 2789 607 2844 p.
619 2769 676 2824 610
691 2788 697 2823 ι
711 2769 732 2826 Γ
733 2765 802 2843 ι’γονε
810 2765 837 2824 δέ
848 2777 906 2826 κατ’
920 2771 966 2827 αθ·
1011 2773 1152 2853 πεμφθείη.

186 2853 232 2907 τοῶ
248 2851 387 2931 (Πράάου)
400 2853 445 2910 καί
458 2853 524 2923 άλλη
538 2877 576 2920 τις
594 2853 780 2920 ἐπανάστασις.
797 2853 898 2933 λίέρους
916 2855 966 2938 γάρ
1050 2883 1072 2921 e.
1094 2859 1157 2921 Ὅτι
1169 2867 1365 2941 Διοκλητιανθς,
1377 2869 1461 2950 ὄψεώς
1474 2895 1545 2940 τινος
1558 2875 1586 2932 ἐν
1598 2874 1686 2943 ὕπνοις
1698 2877 1791 2934 πολλά.

187 2941 234 3008 τῆς
244 2937 373 3018 Εὐρώπης
383 2943 397 2997 θ
409 2940 495 3020 Κάρος
505 2941 594 3020 ἀρχων
605 2941 670 3020 ἔγνω
681 2939 739 3008 τοὺς
749 2941 790 2998 ὑπ’
802 2941 879 3000 αὐτὸν
889 2966 967 3024 στρα-
1010 2969 1049 3013 κις
1062 2945 1140 3006 αὐτὸν
1155 2950 1325 3030 ἐνοχλούσης,
1337 2953 1405 3014 ῶστε
1418 2956 1502 3037 ἀρχὴν
1515 2961 1677 3042 ἐγχειρῆσαί
1689 2987 1752 3040 τινε,
1765 2961 1790 3022 όν

187 3022 283 3092 τιῶτος
296 3025 495 3106 βουλευομένους
507 3029 621 3086 ἀνειπεῖν
633 3025 709 3086 αὐτὸν
723 3029 910 3111 αὐτοκράτορα,
920 3031 965 3091 καλ
1009 3058 1039 3113 γε
1054 3036 1179 3112 ὀνομαστί
1189 3042 1205 3108 ἡ
1216 3037 1273 3119 ὄψις
1285 3041 1423 3119 ἐσήμανεν,
1438 3048 1591 3119 ὑπονοήσας
1602 3041 1670 3109 εἶναι
1683 3057 1756 3110 τοῦτο
1765 3054 1791 3108 ἐκ

187 3116 263 3170 τοῦτο
283 3115 322 3192 τῷ
337 3113 435 3195 Πρόδῳ
455 3115 585 3188 ἐδήλωσε,
600 3115 719 3192 δεόμενος
734 3117 829 3174 ἐκεῖθεν
847 3121 965 3190 ἀνακλη-
1010 3123 1142 3201 γοητείας,
1154 3123 1180 3182 ἐν
1192 3148 1242 3184 τινι
1257 3129 1345 3210 ἡμίρορ
1360 3135 1613 3213 μετακαλεσάμενος
1625 3139 1791 3214 αιίτθν,το’ῦτο

186 3205 273 3270 θῆναι.
291 3199 327 3262 Ὁ
342 3200 369 3260 δέ
388 3203 435 3260 οὐκ
449 3203 539 3274 ἤθελεν
555 3203 696 3284 ἀφελέσθαι
713 3205 790 3261 αὐτὸν
804 3205 851 3276 τήν
866 3207 961 3286 ἀρχήν.
1011 3211 1088 3287 μόνον
1103 3211 1151 3291 ἔφη
1166 3213 1230 3292 πρὸς
1242 3215 1334 3274 αὐτόν·
1346 3245 1358 3269 ε
1367 3219 1445 3288 Agim
1459 3222 1547 3301 ἀρχὴν
1563 3225 1599 3297 ἣν
1613 3229 1676 3286 mos
1686 3228 1792 3298 ἑκάστην

186 3287 359 3369 Περιστάντες
373 3279 416 3348 νύν
431 3292 453 3348 οἱ
473 3295 630 3368 στρατιῶται
649 3290 692 3350 τθν
709 3291 795 3371 Κάρον
809 3293 853 3351 καὶ
866 3296 963 3352 ἀκοντα
1010 3297 1089 3358 νύκτα
1105 3301 1185 3366 αἰτεῖς
1205 3304 1269 3380 παρ’
1288 3304 1368 3380 ipos,
1383 3307 1428 3364 καλ
1440 3307 1478 3380 μὴ
1494 3313 1633 3389 φθονήσῃς
1646 3319 1684 3374 τῶ
1699 3317 1794 3394 βασιλεῖ

186 3375 435 3446 καταδέξασθαιτὴν
444 3379 494 3434 τῶν
510 3375 651 3454 Ῥωμαίων
664 3377 748 3458 ἀρχὴν
759 3379 907 3454 ἐθεάσαντο,
917 3379 963 3440 καί
1006 3389 1052 3455 τῆς
1067 3387 1097 3444 ἐκ
1109 3391 1154 3444 τοῦ
1167 3390 1308 3466 ἡσυχάζειν
1320 3393 1492 3469 θεραπείας.»
1606 3379 1611 3392 ⁸
1670 3377 1676 3397 ⁸

186 3463 279 3520 αὐτίκα
289 3461 334 3522 ciis
345 3466 416 3545 αὐτῷ
427 3463 584 3530 εἶς’ίταλίαν
594 3465 764 3543 ὡρμήκεσαν.
777 3467 963 3547 Καὶὸίίρόύος
1045 3475 1062 3548 S
1079 3493 1098 3533 1.
1114 3475 1138 3532 Τ
1145 3472 1162 3530 ἐι
1179 3474 1253 3532 τότε
1268 3476 1428 3554 σεὸόμενα
1443 3483 1535 3561 θεῖοι]
1559 3511 1572 3537 ν
1591 3490 1669 3545 Hinc
1685 3509 1793 3564 eogno-

184 3555 261 3608 τοῶτο
278 3549 367 3626 μαθὼν
381 3549 532 3628 στράτευμα
545 3550 645 3631 ἔπεμψε
657 3551 704 3609 σὺν
716 3552 822 3631 ἄρχοντε
837 3556 961 3626 ἀντιστῆ-
1006 3563 1109 3616 scimus
1125 3561 1293 3620 historicum
1307 3567 1504 3630 Christianum.
1527 3597 1540 3623 υ
1559 3577 1637 3634 Μαι.
1653 3610 1695 3619 -
1706 3575 1797 3652 liupi-

184 3659 226 3694 ναν
250 3640 329 3716 αύτῷ.
351 3634 424 3706 Ἤδη
446 3639 474 3695 lt
490 3639 682 3709 πλησιάσαντες
705 3643 728 3698 ol
745 3641 904 3721 πεμφθέντες
922 3647 961 3722 τῷ
1006 3668 1059 3703 νον
1075 3649 1216 3720 ἀνελεῖν]
1233 3655 1357 3710 Zonaras
1370 3657 1447 3728 llll,
1466 3658 1515 3732 30,
1532 3681 1567 3736 p.
1586 3663 1646 3720 612
1660 3681 1668 3723 ε
1683 3661 1796 3744 Θάτερος

186 3727 286 3803 Ιίόρῳ,
299 3724 478 3801 δεσμήσαντες
490 3724 533 3783 τθν
544 3727 658 3805 ἄρχοντα
669 3729 778 3798 ἑαυτῶν,
788 3732 906 3787 κάκεῖνον
916 3733 960 3788 καὶ
1007 3732 1095 3809 μέντοι
1114 3737 1166 3792 τῶν
1181 3735 1271 3816 Κόρου
1286 3741 1348 3798 υίῶν
1362 3743 1376 3798 θ
1395 3742 1506 3822 Καρῖνος
1520 3747 1559 3814 εἷς
1572 3745 1691 3826 Ῥώμην
1705 3749 1798 3827 διάγων

183 3839 1789 3876 Ἣ

467 3921 508 3972 γγ,
522 3917 677 3974 PROBUS·
1029 3903 1058 3988 ,²⁸
1069 3899 1199 3988 llnlloruns
1218 3905 1367 3994 negotiorum
1386 3911 1505 3972 susceptio
1528 3926 1609 3965 eausa
1621 3917 1652 3968 fit
1669 3917 1800 3970 infelicium

212 4039 409 4089 carereliellanle
415 4038 563 4090 deliberabat
570 4041 594 4090 ia
601 4041 701 4091 coneilio
708 4043 798 4092 Probus
805 4043 864 4106 qirid
871 4047 958 4105 ageret.
1004 3975 1292 4106 οιιθιέλλθῶιίῶθῶῃθάίύάῶ
1299 3985 1561 4118 ῶέιάἀθῶῶοωίοοθθωε
1573 4069 1642 4120 serre
1657 4084 1733 4133 quam
1749 4085 1800 4120 mo.

182 4116 282 4166 cunctis
301 4117 439 4178 silentibus,
457 4118 613 4168 martinianus
635 4119 734 4181 quidam
756 4121 867 4170 lriliunus
887 4121 961 4171 libem
1004 4127 1104 4178 desliam
1114 4132 1245 4182 servarein
1260 4133 1466 4200 rebnsproaperis.

181 4193 268 4242 fiducia
288 4196 359 4256 coepit
379 4195 458 4246 Probo
478 4197 583 4258 graviter
598 4199 758 4259 exprobrare,
779 4199 844 4260 qnod
867 4200 898 4248 ob
910 4201 961 4262 ejus
1041 4210 1064 4255 l.
1074 4209 1201 4270 Propterea
1208 4225 1278 4272 enm,
1288 4215 1332 4263 elsi
1343 4215 1491 4268 immortales
1506 4227 1678 4274 consecutum
1691 4225 1801 4284 honores,

180 4271 303 4331 segnitiem
320 4272 453 4332 respublica
470 4273 597 4322 interiret:
616 4275 759 4336 impulilque
769 4289 825 4324 enm
840 4278 867 4324 ut
879 4279 960 4326 eonle·
1004 4283 1137 4334 meminisse
1152 4289 1233 4336 tamen
1243 4287 1330 4340 ἀείνων
1346 4305 1371 4342 se
1383 4295 1511 4345 mortalem
1522 4311 1581 4350 esse
1598 4303 1627 4351 et
1641 4301 1675 4352 ab
1689 4303 1804 4354 humanis

183 4347 238 4396 stim
250 4361 317 4396 arma
328 4351 449 4410 moveret,
462 4349 551 4399 bellum
561 4350 703 4414 susciperet,
713 4357 863 4416 tyrannoqne
877 4355 900 4403 in
910 4355 960 4405 acie
1004 4358 1098 4408 casibus
1108 4373 1156 4410 non
1170 4362 1284 4413 alienum.

179 4429 323 4476 occurreret.
1036 4443 1057 4486 5.
1070 4439 1096 4488 t.
1109 4440 1224 4490 oetavim
1233 4443 1264 4491 ad
1275 4445 1444 4508 triumphalem
1455 4461 1553 4500 eoensm
1565 4453 1705 4514 inritatus,
1715 4457 1802 4508 (lande

479 4523 519 4574 γη,
533 4521 661 4578 ρμγηῃς,
772 4519 774 4526 ’
1005 4517 1102 4575 rogatus
1116 4517 1144 4565 nl
1152 4519 1234 4568 venire
1245 4522 1410 4586 supersedeat,
1419 4527 1540 4576 nuntiavit
1552 4543 1584 4580 se
1594 4535 1719 4586 convivio
1730 4537 1803 4586 inier-

210 4646 293 4701 Quum
303 4652 434 4704 purpuram
443 4642 529 4690 sismsil
540 4643 616 4692 cartis
627 4641 716 4694 dixisse
734 4645 810 4695 ierim
829 4647 919 4698 netum
934 4661 960 4700 se
1003 4591 1127 4720 ἐξέξὲῒήῖ’
1143 4597 1188 4645 ωδ,
1199 4596 1376 4662 mmmmroe’
1392 4606 1420 4653 Μ
1433 4617 1476 4666 ¹³⁸¹
1488 4610 1570 4670 ‘m’
1584 4618 1676 4672 Imm
1691 4616 1740 4665 “hi
1752 4617 1806 4664 ¹⁰³¹·

179 4721 348 4784 imperatorem
358 4716 387 4767 ιθ
399 4720 525 4767 Persarum
542 4720 651 4769 militm·
1034 4753 1057 4796 ο.
1070 4748 1245 4813 Diocletianus,
1255 4755 1349 4816 spectro
1363 4757 1468 4818 quodam
1482 4761 1618 4818 insomnis
1635 4782 1698 4820 eum
1714 4775 1807 4833 pertnr

404 4839 734 4898 13‘9100LET13NU5·
1003 4823 1087 4885 banio,
1108 4829 1136 4876 ul
1153 4829 1281 4891 imperium
1299 4833 1394 4884 cuidam
1410 4838 1529 4901 traderet,
1556 4846 1607 4906 qui
1626 4850 1808 4900 minimum&

325 4958 331 4970 ι
545 4959 550 4970 1
616 4961 622 4973 ι
1002 4903 1621 4972 spectrodesignabalnr:suspicatushooaoeidere
1634 4930 1809 4990 εκμεωεεὶςὶο,

212 4965 233 5006 l.
245 4961 375 5020 imperium
384 4969 508 5019 capessens
523 4959 683 5012 Diocletianus
694 4961 751 5013 detis
764 4966 823 5014 lune
837 4969 914 5019 cultos
925 4974 959 5020 le-
1001 4977 1106 5036 qnadam
1124 4979 1163 5029 die
1174 4985 1258 5034 vocato
1269 4985 1299 5035 ad
1314 4989 1390 5038 sellio
1409 4990 1519 5055 iserniae,
1536 4995 1590 5046 lioc
1604 5003 1712 5052 tantum
1725 5005 1807 5054 dixit:

180 5037 245 5121 stans
254 5069 262 5094 ,
272 5049 320 5084 non
331 5033 529 5122 regniobtinendi
542 5049 613 5122 eausa
623 5039 719 5124 sedisti
730 5045 812 5103 optare
821 5057 904 5096 necem
914 5051 958 5099 ca·
1005 5073 1016 5095 ι
1029 5055 1115 5116 Accipe
1122 5057 1258 5121 imperium,
1266 5063 1330 5124 quod
1340 5078 1378 5126 ine
1388 5067 1619 5128 singulisnoclilius
1626 5081 1723 5143 poscis,
1731 5095 1811 5145 neque

183 5123 243 5170 imi,
254 5111 293 5160 sed
301 5111 365 5172 qtiod
373 5113 525 5162 misererelur
538 5113 682 5174 reipublice.
1002 5130 1106 5182 invideas
1119 5133 1256 5197 imperatori
1265 5141 1351 5200 quietis
1363 5145 1471 5204 gratiam.
1486 5166 1497 5189 ι
