3908 5732
201 409 258 459 662
744 397 927 460 innuant
948 399 997 460 ET
1017 399 1267 464 cottttttatttttut

200 532 311 588 dit-ibus
326 531 564 601 exercitatissimi,
581 529 641 604 jam
659 533 887 608 transcripseram
901 541 981 590 ante·
1028 533 1064 593 fr.
1080 534 1130 608 65,
1145 537 1165 592 l.
1189 537 1223 607 6;
1237 556 1267 612 p.
1285 533 1352 608 4ο5,
1365 537 1386 592 Ι.
1411 535 1463 608 37,
1480 537 1554 594 adde
1568 557 1596 612 p.
1622 539 1689 612 366,
1705 541 1744 603 fr.
1762 543 1810 616 15,

199 640 283 693 quam
300 623 329 676 ia
342 623 504 695 Hispaniam
518 619 726 695 proficiscerer.
741 621 852 678 Deinde
865 623 924 697 ipse
933 641 998 702 eo··
1029 622 1115 696 l.13,
1131 626 1182 680 ubi
1195 625 1375 681 ¹llellanicum
1386 626 1594 702 logographum
1603 629 1730 686 ionicum
1747 631 1812 688 l'on·

199 709 292 764 dicem
305 729 371 764 cum
381 711 546 784 apographo
557 709 651 766 denuo
666 721 797 766 accurate
811 711 936 780 contuli,
950 729 982 766 ac
1030 720 1085 766 tem
1108 731 1166 768 esse
1190 713 1221 768 in
1245 723 1305 769 not.
1327 716 1485 770 statuimus.
1520 715 1651 772 Orationi
1672 720 1811 792 pendenti

198 817 257 874 prae
276 801 376 854 ceteris
393 817 426 854 ea
443 817 505 873 quae
517 795 651 853 mendam
669 797 787 853 traxisse
799 799 981 866 ridebantur,
1028 816 1193 856 succurrere
1204 799 1270 856 licet
1278 801 1399 876 legendo
1414 799 1481 880 επρὸ
1491 803 1542 859 τῶν
1555 805 1638 880 θυρῶν
1650 797 1718 883 [Μ.
1731 809 1811 865 Idem

200 887 411 962 diligentissime
435 889 554 944 excussi.
579 919 617 930 -
635 887 681 944 lb.
703 887 755 942 lin.
779 888 832 945 ult.
858 887 983 943 Federus
1027 887 1152 944 Federus
1171 887 1284 944 elficere
1306 889 1415 947 studuit
1438 890 1667 966 interpungendo
1683 896 1760 954 hunc
1780 902 1812 953 in

198 977 310 1050 scripsit
325 975 395 1054 αὐτῷ
410 995 464 1051 pro
479 975 573 1046 αὐτοῦ,
587 975 666 1050 quod
679 985 761 1032 tenor
773 977 910 1031 orationis
922 993 982 1030 nou
1028 974 1145 1032 modum
1223 975 1249 1032 ίν
1273 967 1349 1054 ⁸ditio
1368 973 1445 1034 ἵπποι
1466 975 1672 1056 ίξιρατνίζαντο,
1694 981 1742 1040 καί
1755 1005 1812 1049 πως

198 1065 332 1124 admittit.
1028 1061 1054 1117 ίν
1072 1061 1240 1142 μισημὸρίιρ,
1258 1061 1416 1144 κατέδαρθεν
1430 1062 1530 1127 absidi.
1550 1098 1590 1109 -
1602 1071 1666 1126 Liu.
1690 1073 1739 1130 26.
1758 1075 1812 1132 Καὶ

238 1151 306 1226 Pag.
333 1150 401 1221 354,
416 1151 435 1210 l.
458 1151 485 1208 3.
499 1183 537 1194 -
553 1147 749 1211 Ἐπικᾶλαυν...
772 1146 859 1220 ἠξίουν
875 1139 982 1223 (ἀξιοῦν
1028 1147 1083 1228 δὴ]
1105 1149 1151 1208 καί
1164 1151 1187 1208 el
1209 1149 1241 1222 δὴ
1262 1156 1384 1209 serravit
1397 1153 1523 1210 Federua
1544 1165 1647 1212 notatas
1662 1177 1669 1214 ι
1687 1183 1700 1210 ι
1714 1161 1737 1216 ei
1759 1160 1810 1239 bl,

174 1297 175 1300 ,
199 1241 263 1298 cod.
278 1240 312 1318 l]
333 1240 458 1298 Federus
478 1242 518 1296 ita
543 1259 550 1296 :
578 1237 878 1316 ίαιιιαλοῦν....ᾶξιοῦν,
902 1241 981 1315 quod
1026 1242 1172 1314 siquidem,
1186 1240 1310 1316 quadam
1320 1242 1393 1298 forte
1401 1243 1710 1319 elegantia,tamquam
1719 1251 1812 1310 nunus

197 1333 294 1386 nescio
306 1348 341 1384 an
353 1327 558 1404 praeferendum
568 1330 613 1387 sit.
1027 1325 1148 1386 fidenter
1165 1331 1235 1385 itae
1253 1340 1348 1386 mente
1365 1331 1472 1386 scilicet
1493 1331 1573 1386 istius
1590 1332 1738 1408 loquenti,
1753 1359 1813 1414 pra

238 1417 307 1494 Pag.
322 1415 424 1490 355,1.
445 1435 490 1474 ²0.
501 1447 541 1460 -
556 1413 610 1474 Καὶ
622 1413 781 1494 διατριὸῶν]
802 1416 854 1474 xcix
868 1415 890 1472 δ.
904 1415 979 1488 conj.
1009 1419 1013 1428 ’
1027 1418 1115 1490 magis
1137 1421 1239 1473 usitato
1261 1419 1350 1474 altero
1370 1405 1413 1475 oie
1428 1413 1460 1486 δὴ
1482 1419 1602 1493 placuit.
1623 1443 1636 1472 ν
1661 1425 1813 1486 Dfibneffls

197 1508 325 1564 Piecolo.
338 1535 378 1549 -
391 1505 412 1562 l.
432 1523 478 1561 aa.
493 1499 597 1581 πόνου]
612 1500 706 1580 φθόνου
721 1504 797 1576 conj.
811 1505 899 1562 idem.
1026 1504 1065 1558 ita
1079 1518 1086 1560 :
1105 1527 1118 1553 ι
1132 1505 1268 1560 Miillenrs
1278 1505 1301 1561 ti
1315 1506 1434 1576 delerit,
1446 1523 1499 1582 ego
1509 1517 1616 1564 mutem
1626 1510 1657 1564 ia
1669 1511 1719 1582 ὣς,
1730 1515 1813 1594 qujus

236 1595 306 1669 Pag.
320 1591 389 1666 356,
404 1593 440 1651 ir.
454 1611 484 1663 7,
502 1595 549 1648 lin.
567 1611 610 1650 ιο.
621 1623 661 1636 -
675 1590 873 1668 ίιπορθάσανιας
887 1589 899 1668 ]
914 1591 980 1648 ἀπο·
1027 1593 1228 1667 compendium
1246 1595 1345 1668 paullo
1362 1597 1454 1650 minus
1472 1615 1558 1669 quam
1575 1607 1691 1671 oportet
1708 1620 1812 1658 curra·

197 1683 346 1760 φθάσαντας
356 1681 467 1756 codex3
484 1681 563 1754 quod
577 1689 678 1736 notare
688 1683 781 1737 omisi.
1027 1689 1087 1734 tum
1105 1681 1197 1738 simile
1220 1681 1252 1736 fit
1271 1683 1444 1758 compendio
1467 1703 1499 1741 ιι.
1515 1683 1592 1740 Infra
1609 1686 1715 1761 legitur
1730 1689 1812 1748 πλέον

237 1769 306 1846 Pag.
325 1767 393 1839 357,
417 1771 437 1825 l.
456 1789 480 1824 1.
494 1765 613 1832 -Τούς
634 1788 663 1840 γι
681 1769 689 1842 ί
705 1765 731 1824 ii
746 1767 832 1843 cod.)
855 1765 978 1844 νεανίας]
1026 1765 1076 1846 γαίρ
1089 1789 1113 1824 τι
1128 1765 1201 1832 εἰδὼς
1214 1766 1283 1845 λίγα)
1302 1781 1330 1826 et
1349 1768 1427 1826 πλέον
1442 1791 1467 1826 τι
1482 1769 1703 1849 τεκμαιρόμενος,
1715 1787 1747 1832 ut
1761 1779 1811 1834 hic

196 1856 315 1924 τοααύςδι
341 1856 443 1920 νεανίας
472 1856 563 1912 Feder
588 1857 671 1911 tacite
692 1874 909 1930 perperamque.
940 1887 980 1900 -
1026 1875 1142 1930 quoque
1157 1869 1253 1931 putem
1267 1859 1307 1913 sic
1321 1859 1680 1916 locutumesseNieolaum
1697 1883 1703 1920 ε
1720 1863 1767 1920 καί
1776 1868 1813 1933 ὡς

195 1949 260 2010 Lin.
275 1967 321 2006 ιι.
334 1944 378 2002 ἐπ’
387 1943 468 2022 ιίιιρου
482 1947 526 2000 τοῦ
534 1941 622 2020 ὄρους]
639 1937 680 2000 ἐπ’
690 1941 769 2020 ἄκραν
783 1947 828 2000 τοῦ
841 1941 915 2020 ὄρους
923 1945 978 2018 leg.
1026 1941 1057 2012 δή
1068 1966 1093 2000 τι
1103 1942 1181 2001 πλέον
1195 1941 1288 2026 [κατὰ]
1302 1941 1334 2002 τὰ
1345 1945 1400 2002 θεῖα
1411 1944 1496 2008 εἰδώς.
1511 1970 1523 1997 ν
1535 1949 1604 2003 Mihi
1615 1951 1682 2005 olim
1694 1953 1723 2006 in
1735 1973 1814 2010 men.

197 2048 291 2094 censet
309 2036 468 2092 Diibnerus.
482 2035 525 2088 De
541 2035 751 2090 constructione
765 2033 845 2102 verbi
865 2029 979 2088 ἀναὸαί-
1026 2043 1083 2088 tem
1095 2035 1173 2088 venit
1187 2031 1246 2090 ικαὶ
1261 2030 1324 2104 sliri
1335 2055 1384 2107 τις,
1396 2045 1426 2089 et
1435 2039 1532 2108 siquis
1546 2038 1627 2090 alius.
1639 2043 1750 2096 -Lim
1762 2043 1812 2102 αδ.

197 2149 248 2184 νειν
271 2143 356 2202 agens
375 2124 503 2178 Bremius
523 2122 559 2176 ad
581 2122 695 2193 Lysiam
709 2120 790 2178 Cont.
816 2123 879 2175 Alc.
902 2119 918 2193 5
945 2140 979 2175 ιο
1026 2117 1099 2197 παρὰ
1123 2118 1167 2176 τὸν
1190 2119 1461 2198 Τίγριν][)ίοι1ιιιιια
1483 2123 1540 2197 (ll,
1565 2124 1593 2180 3.
1620 2145 1647 2196 7.
1671 2127 1728 2202 ad)
1756 2131 1813 2186 Ni.

195 2237 226 2290 p.
246 2217 299 2270 128
316 2235 323 2269 :
339 2213 548 2283 «Plerumque,
563 2213 617 2277 ait,
635 2211 787 2284 scriptores
804 2209 914 2264 addunt
928 2228 978 2264 ac·
1025 2228 1094 2264 num
1110 2209 1148 2264 ad
1173 2210 1345 2296 Euphratem
1368 2213 1451 2268 sitam
1474 2212 1558 2267 luisse
1579 2213 1664 2284 dieit;
1686 2217 1775 2290 idque
1797 2239 1814 2274 e

196 2307 323 2360 cusativo
337 2300 566 2376 praepositionem
581 2293 642 2365 tet,
663 2316 717 2352 nec
737 2295 867 2366 rejicitur
878 2298 980 2371 geniti·
1025 2298 1117 2353 Ctesia
1133 2301 1242 2354 narrari
1261 2311 1376 2354 eatenus
1399 2309 1460 2356 erat
1484 2299 1649 2374 probabile,
1670 2315 1814 2376 quatenus

195 2385 397 2454 vuscumlrl,
413 2402 585 2460 quamquam
604 2385 627 2438 is
643 2385 736 2438 rarior
755 2395 806 2440 est.
820 2407 831 2434 ι
847 2385 979 2440 Ceterum
1025 2387 1100 2442 ltunc
1114 2405 1173 2460 prae
1193 2389 1294 2444 ceteris
1311 2399 1457 2444 auctorem
1471 2387 1617 2445 Diodorus
1634 2393 1664 2445 in
1687 2393 1812 2451 historia

195 2481 269 2538 iniis
282 2497 344 2550 quae
364 2475 416 2529 sub
429 2491 516 2530 manu
530 2482 624 2536 erant,
639 2471 813 2526 locutionem
829 2469 980 2527 ἄναόαίνιιν
1024 2476 1289 2548 Assyriacasecutus
1297 2493 1364 2544 esse,
1373 2493 1546 2548 quamquam
1553 2477 1635 2531 etiam
1643 2479 1813 2537 Athemeum

196 2565 240 2624 tet
253 2587 321 2628 τινας
335 2562 450 2638 quaesivi
466 2561 575 2615 frustra.
594 2561 772 2632 Quamquam
788 2559 871 2615 l'aeile
892 2561 978 2616 credo
1025 2563 1166 2637 quendam
1186 2576 1215 2619 et
1235 2566 1306 2618 alios
1319 2562 1458 2636 quosdam
1478 2564 1553 2618 inter
1568 2564 1660 2622 fontes
1673 2585 1742 2624 auos
1762 2589 1813 2626 ne-

196 2653 435 2711 constructionem
446 2648 527 2703 verbi
543 2643 684 2703 ίπιὸαίνιιν
695 2646 838 2701 interdum
851 2648 935 2702 etiam
950 2649 979 2702 in
1025 2663 1129 2710 censet.
1144 2653 1206 2707 Jam
1220 2669 1289 2706 vero
1304 2669 1360 2726 pro
1375 2653 1499 2724 epitome
1513 2652 1661 2710 Diodorea
1675 2657 1762 2712 variis
1776 2677 1814 2714 ex

195 2762 222 2796 ν.
238 2736 386 2796 ἀναίαίνειν
402 2737 565 2792 translatam
585 2753 654 2789 esse.
668 2765 705 2776 —
719 2734 781 2790 Lin.
800 2753 848 2792 ao.
874 2732 979 2813 ὦσιτι]
1025 2739 1189 2796 auctoribus
1203 2740 1398 2796 consarcinata
1410 2739 1565 2815 fragmenta
1576 2741 1713 2798 habemus
1724 2744 1814 2802 histo·

195 2829 292 2887 ιίιααιτε
306 2827 457 2883 Diibnerus
467 2825 523 2897 legi
536 2825 596 2877 vult
611 2822 766 2878 secundum
775 2825 911 2897 regulam,
931 2827 978 2880 ln·
1024 2829 1072 2884 riae
1080 2827 1242 2898 uberrime,
1252 2846 1314 2901 quae
1325 2837 1383 2882 tam
1389 2825 1538 2882 manifesto
1546 2829 1673 2886 colorem
1683 2832 1812 2888 ionicum

196 2920 349 2978 dicativum
361 2915 448 2970 futuri
459 2923 555 2968 tuetur
564 2910 702 2982 Federus,
716 2928 809 2985 neque
820 2930 873 2987 ego
886 2925 978 2970 muta·
1024 2924 1086 2969 toto
1098 2914 1233 2970 narrandi
1246 2933 1349 2988 genere
1360 2913 1535 2988 singulisque
1548 2914 1621 2971 adeo
1640 2918 1734 2973 verbis
1752 2939 1813 2994 prce

193 3009 295 3064 aerim.
1023 3021 1052 3058 se
1064 3003 1173 3071 lerunt,
1187 3014 1220 3057 ut
1230 3003 1401 3057 verbotenus
1413 3001 1497 3058 ieree
1508 3001 1587 3059 fonte
1597 3003 1694 3062 ionico
1704 3046 1712 3075 ,
1722 3025 1813 3080 quem

235 3095 304 3170 Pag.
322 3089 394 3161 358,
416 3091 452 3148 l'r.
473 3110 501 3164 9,
511 3091 560 3144 lin.
585 3109 611 3146 1.
625 3121 665 3134 -·
683 3085 770 3164 Ἐπί]
792 3088 864 3146 hanc
878 3111 978 3148 vocem
1024 3101 1126 3165 praeter
1145 3091 1336 3166 logographos
1350 3109 1440 3145 unum
1455 3090 1577 3148 Ctesiam
1591 3095 1736 3164 novimus,
1760 3096 1813 3151 de-

196 3185 290 3239 omisit
299 3181 401 3238 Feder.
418 3210 454 3222 -
466 3180 530 3236 Lin.
549 3181 576 3235 3.
594 3179 629 3242 είς
643 3181 702 3234 νοῦν
714 3175 851 3236 testitum
863 3178 907 3236 καί
922 3182 979 3237 lue·
1023 3179 1127 3252 scripta
1137 3197 1195 3235 esse
1207 3179 1270 3234 luce
1282 3177 1384 3234 clarius
1392 3180 1439 3233 sit.
1451 3179 1502 3234 vet
1511 3178 1578 3235 hinc
1590 3180 1678 3254 igitur
1690 3181 1813 3238 dubita-

197 3269 300 3346 θυμήθη
311 3269 321 3346 ]
334 3269 433 3332 είςνοῦν
444 3263 552 3323 {brileto
560 3267 712 3322 scribivult
721 3268 882 3326 Diibnerus.
893 3270 979 3342 Quod
1024 3269 1097 3323 veris
1105 3285 1173 3322 num
1182 3285 1244 3340 quae
1254 3265 1291 3321 de
1297 3266 1373 3322 Nino
1380 3265 1542 3340 Euphrates
1550 3269 1692 3342 leguntur,
1703 3270 1815 3328 diutius

195 3361 268 3416 iuret
281 3359 435 3432 elegantius
453 3357 540 3410 vitata
553 3357 724 3429 repetitione
739 3375 859 3430 praepos.
876 3357 911 3414 ἐν.
925 3360 977 3415 Ce·
1024 3356 1145 3412 Ctesiani
1165 3355 1288 3410 nominis
1302 3355 1446 3429 praestigio
1464 3355 1593 3411 ornanda
1609 3367 1759 3431 putemus,
1776 3379 1812 3416 an

194 3461 284 3504 terum
305 3447 387 3502 luisse
410 3445 447 3508 είς
465 3465 490 3501 ν.
515 3440 668 3514 heddium,
690 3444 770 3516 quod
787 3464 841 3518 per
861 3465 890 3502 se
905 3447 978 3504 bene
1023 3445 1119 3518 potius
1133 3461 1168 3498 ex
1191 3444 1291 3518 ignoto
1314 3441 1440 3516 quodam
1463 3453 1580 3498 auctore
1601 3445 1749 3502 Diodorus
1765 3468 1813 3504 ar·

193 3537 294 3604 babet,
308 3537 337 3590 in
350 3533 467 3601 codice,
480 3551 566 3604 quem
577 3534 676 3587 scribae
689 3535 864 3590 Constantini
877 3535 976 3592 discer-
1024 3533 1184 3601 cessirerit,
1209 3549 1244 3585 an
1262 3529 1386 3604 denique
1400 3531 1460 3605 ipse
1484 3533 1583 3587 ceteris
1604 3535 1761 3590 oscitantiae
1784 3548 1815 3592 et

194 3636 329 3699 pserunt,
354 3621 480 3697 probant
501 3622 639 3694 Excerpta
653 3623 695 3676 De
720 3624 799 3692 virt,
822 3624 852 3676 in
873 3625 977 3698 quibus
1024 3621 1131 3674 acrisiae
1146 3619 1326 3677 documentis
1344 3619 1429 3674 etiam
1451 3617 1559 3675 hancce
1572 3617 1726 3678 fluviorum
1747 3625 1815 3679 hie-

194 3716 274 3768 locus
292 3722 388 3766 noster
407 3709 545 3781 repetitur
568 3709 623 3782 (fr.
648 3707 666 3762 8
685 3709 785 3783 exto).
802 3743 841 3754 —
855 3714 919 3768 Lin.
947 3713 975 3770 6.
1023 3709 1188 3782 sopotamlae
1202 3705 1396 3762 confusionem
1409 3715 1555 3779 tamquam
1569 3708 1736 3766 coronidem
1755 3711 1813 3765 ad·

194 3797 328 3876 Ἀσσύριον
341 3799 353 3874 ]
365 3793 514 3874 aucupati
529 3798 613 3851 tacite
626 3807 652 3852 et
665 3797 770 3870 absque
780 3817 863 3854 causa
876 3803 975 3861 Feder.
1023 3794 1107 3852 derit·
1122 3795 1213 3849 Multo
1227 3794 1317 3868 111³ng
1330 3793 1456 3862 dubites,
1469 3793 1493 3846 δί
1506 3811 1567 3848 rem
1588 3794 1677 3868 ipsam
1694 3808 1812 3870 specta-

194 3921 235 3934 ..
249 3889 309 3945 [in.
328 3894 371 3953 ι4,
387 3887 500 3964 μαντικῇ
510 3887 542 3962 τῇ
553 3906 580 3941 τε
593 3885 626 3941 δι’
638 3883 776 3962 ὀνειράτων
788 3885 800 3969 ]
812 3891 976 3964 Pimpositio
1023 3885 1106 3941 veris.
1117 3885 1188 3938 Nam
1198 3881 1300 3937 salsum
1311 3899 1370 3937 esse
1380 3881 1540 3937 Diodotum
1551 3899 1586 3937 ex
1595 3885 1811 3960 unanimiopti-

195 3973 237 4032 διὰ
252 3976 359 4031 excidit
370 3993 418 4048 ap.
434 3975 582 4032 Federum.
597 3975 770 4032 -Lin.·18.
786 3973 977 4054 ἐξερριπίζοντο
1022 3990 1135 4026 morum
1150 3981 1300 4026 auctorum
1309 3987 1447 4024 consensu
1456 3970 1509 4022 viri
1516 3969 1621 4025 eruditi
1632 3971 1813 4046 collegerunt

194 4063 239 4122 καί
249 4069 322 4134 πως]
339 4066 381 4118 De
397 4065 451 4117 ltoc
466 4065 532 4118 loeo
543 4063 693 4119 Diibnerus
707 4083 713 4117 :
733 4087 745 4112 a
760 4065 977 4124 constructione
1022 4059 1193 4127 rectissime3
1210 4057 1350 4130 ejusmodi
1361 4076 1430 4113 vero
1445 4075 1572 4113 errorem
1584 4057 1621 4113 ad
1635 4059 1732 4116 ctestae
1744 4074 1813 4120 aeta-

194 4152 307 4208 nullaet
316 4151 412 4206 medio
422 4151 614 4224 verboposito
624 4151 673 4204 ubi
683 4153 806 4206 activum
816 4157 974 4230 oportebat.
1024 4159 1079 4202 tem
1097 4146 1210 4201 nonnisi
1222 4157 1338 4201 coaetus
1351 4146 1496 4213 retuleris;
1511 4164 1548 4200 ne
1561 4164 1709 4220 cogamur,
1728 4149 1813 4206 adest

193 4239 295 4294 Scribo
308 4259 315 4292 ε
332 4237 359 4292 ἐν
376 4227 393 4310 ᾖ
408 4233 453 4291 δύο
473 4231 550 4292 lanai
565 4233 724 4317 ἐξιριίτνιζαν
743 4235 780 4298 τὸ
794 4239 833 4296 καί
842 4261 930 4318 ρρος,
949 4244 975 4300 lv
1022 4237 1164 4292 Nicolaus.
1182 4236 1292 4290 Primus
1307 4235 1343 4290 de
1356 4235 1431 4289 Nino
1446 4233 1484 4288 ad
1496 4234 1604 4308 Tigrim
1618 4237 1672 4290 sita
1684 4255 1739 4292 nos
1754 4239 1812 4294 do-

196 4345 256 4395 μεσ.
273 4323 332 4382 κτλ,
356 4325 512 4396 Sequitur}
535 4323 665 4402 ἑπιραρεῖν
683 4325 721 4403 τῷ
736 4324 848 4401 στόματι
869 4329 912 4385 ἐπὶ
932 4328 975 4390 τὸν
1022 4334 1067 4377 cet
1089 4323 1268 4396 Herodotus,
1294 4322 1344 4395 qni
1363 4322 1453 4376 tribus
1475 4323 1523 4395 virt
1544 4334 1611 4396 post
1631 4327 1813 4382 eversionem

194 4409 340 4490 Ἄρῧαίκην,
353 4408 510 4466 καθεύδοντα
525 4410 570 4467 καί
581 4409 658 4467 αὐτὸν
666 4455 674 4482 ,
689 4411 784 4492 ἄχυρα.
798 4441 809 4466 ν
823 4415 887 4472 Haec
901 4421 976 4492 opti·
1022 4412 1099 4467 urbis
1111 4411 1342 4486 generationibus
1351 4411 1587 4485 Mesopotamiam
1596 4411 1675 4468 adiit.
1684 4415 1726 4468 Eo
1740 4434 1813 4472 vero

192 4519 238 4556 me
249 4501 407 4560 Diibnerua.
423 4501 553 4580 Ceterum
562 4521 661 4556 vocem
673 4500 772 4580 κᾶρρος
785 4507 976 4580 suppleverim
1023 4511 1150 4574 tempore
1173 4498 1231 4570 jam
1250 4501 1395 4554 evanuisse
1416 4499 1584 4556 mem'oriam
1607 4499 1755 4570 locorum,
1780 4504 1813 4557 in

193 4591 297 4643 intacta
311 4588 472 4660 relinquens
487 4590 573 4643 verba
588 4587 633 4644 καί
652 4611 723 4663 πως,
737 4610 799 4663 quae
813 4595 928 4650 minime
942 4597 974 4649 li.
1022 4589 1126 4662 quibus
1141 4589 1356 4644 celebratissima
1367 4588 1478 4642 steterit
1489 4587 1675 4660 metropolis,
1689 4589 1763 4644 adeo
1777 4604 1814 4646 ut

193 4677 318 4733 brorium
334 4676 465 4731 redolere
474 4677 617 4744 videntur,
631 4678 680 4732 sed
692 4680 820 4753 apprime
831 4681 898 4736 huie
909 4701 974 4740 nar·
1022 4696 1057 4732 ne
1081 4677 1116 4731 de
1141 4673 1258 4732 flumine
1279 4675 1396 4749 quidem
1418 4673 1626 4750 praeterfluente
1648 4689 1811 4748 constaret,

192 4763 387 4837 randigenere
402 4765 630 4832 conveniunt,et
643 4766 884 4838 quemadmodum
898 4771 976 4843 apud
1022 4765 1085 4838 quis
1109 4765 1223 4819 tandem
1247 4763 1411 4838 persuaderi
1434 4765 1487 4820 sibi
1509 4765 1648 4844 patiatur!
1675 4765 1813 4822 ceterum

193 4854 372 4910 ltcrodmum
395 4854 496 4926 sapius
512 4851 696 4925 adhibentur,
712 4856 752 4908 sic
773 4855 803 4911 in
817 4857 850 4910 iis
864 4857 975 4914 Nicotai
1022 4871 1087 4907 cum
1110 4851 1260 4908 Herodoto
1281 4854 1387 4927 optime
1407 4854 1532 4907 concinit
1555 4853 1661 4908 Ctesias
1682 4853 1810 4913 Nicolai.

193 4943 370 5016 fragmentis,
393 4961 454 5013 quae
468 4961 502 4998 ex
518 4943 618 4999 ionicis
632 4943 836 5014 scriptoribus,
858 4945 975 5002 Xantho
1021 4939 1271 5013 Quemadmodum
1291 4942 1367 4996 enim
1386 4959 1421 4996 ex
1437 4939 1543 4996 Het0d·
1565 4941 1606 5010 Π,
1627 4937 1683 4996 150
1697 4940 1812 4998 elicue-

192 5041 219 5084 et
240 5030 345 5098 Ctesia,
361 5031 450 5104 petita
470 5041 551 5100 sunt,
573 5031 674 5086 iterum
691 5032 850 5105 iterumque
872 5051 974 5090 occur·
1021 5039 1088 5084 runt
1101 5031 1154 5084 riri
1170 5028 1249 5084 docti
1265 5030 1370 5104 regiam
1384 5030 1463 5084 urbis
1475 5028 1553 5084 haud
1567 5029 1673 5103 procul
1686 5048 1704 5084 a
1717 5027 1813 5087 fluvio

190 5129 273 5188 mint,
283 5129 315 5174 ut
328 5139 355 5196 p.
372 5119 445 5188 380,
458 5119 494 5174 sr.
512 5127 549 5194 49
563 5121 613 5176 Ιίη.
628 5127 655 5191 4,
670 5131 697 5176 et
712 5121 781 5179 ibid.
795 5123 843 5176 lin.
856 5125 973 5196 penult.;
1022 5118 1147 5174 dissitam
1158 5118 1259 5192 luisse,
1269 5119 1309 5174 sic
1323 5117 1396 5173 idem
1408 5117 1493 5174 etiam
1506 5136 1522 5172 e
1533 5127 1632 5172 nostro
1644 5117 1812 5193 fragmento

192 5225 221 5280 p.
242 5205 308 5276 385,
323 5209 371 5262 lin.
392 5205 460 5262 5ab
476 5209 536 5278 ull-3
560 5228 588 5284 p.
614 5207 683 5285 3dss,
705 5209 755 5264 l'tn
784 5207 834 5280 153
856 5229 887 5285 p.
907 5211 974 5286 397,
1023 5219 1215 5297 ωῃςρφρίιῃρ,
1238 5253 1276 5264 ....
1294 5209 1383 5264 PONO
1410 5205 1504 5263 Cieslae
1528 5205 1653 5262 biSiOl'lae
1676 5208 1811 5272 Asiatica*
