3890 5726
788 413 1041 476 intensum.
1295 453 1307 468 ,
1664 439 1720 490 ,,,

108 549 153 619 τήν
167 549 281 629 εἰρήνην,
296 553 366 610 καθά
385 573 436 610 που
453 552 626 632 ἐνεγέγραπτο
637 556 664 612 ἰν
676 559 732 621 ταῖς
747 555 891 628 ξυνθήκαις.
942 563 1044 620 στεῖλαι
1058 560 1084 620 δέ
1096 563 1166 638 ὅμως
1181 564 1238 623 τινὰ
1258 566 1302 625 τὸν
1323 562 1464 647 δυνάμενον
1479 572 1506 629 ἰν
1520 572 1611 650 κύσμω
1633 576 1721 633 θέσθαι

108 639 215 718 Σφόδρα
237 639 289 718 γὸρ
310 642 337 698 ἰν
360 641 454 719 ἀρχαῖς
476 639 582 721 ἐτάραξε
596 643 716 723 Χοσρόην
731 646 893 723 αἰσθόμενον,
939 649 973 705 τδι
987 650 1147 726 γεγενημένα
1166 652 1211 710 καί
1231 653 1275 712 τὸν
1291 655 1398 736 θύρυύον
1419 635 1633 722 καταπαύσοντα.
1657 662 1721 722 Ἰου-

107 729 141 790 ὡς
155 727 278 804 βασιλεὺς
288 726 432 804 Ῥωμαίων
443 727 506 808 πρὸς
516 727 629 806 πόλεμον
641 730 719 812 ὥρμα
729 730 762 789 τθ
776 735 893 812 εἰρηναῖα
940 744 1023 802 στῐνος
1033 737 1059 795 δέ
1073 741 1283 818 Περσαρμενίους
1291 743 1492 824 προφανέστατα
1503 748 1551 826 ἔφη
1561 747 1722 818 εἰσδέξασθαι

106 817 311 894 ταραττόμενος.
329 815 476 876 Ἔδεδοίκει
490 839 532 889 τε,
545 815 582 893 μή
596 841 653 884 πως
669 823 698 877 ἐκ
715 821 831 897 μεγάλης
846 846 895 881 πα·
941 827 1050 902 Περσῶν
1076 827 1318 910 ἀποχωρήσαντας,
1340 831 1385 891 καί
1409 834 1438 892 ού
1465 837 1633 914 περιόψεσθαι
1656 847 1723 913 σφᾶς

107 907 240 978 ρασεευῆς
263 903 378 961 ἰπιθοῖτό
400 925 429 960 τε
448 906 528 984 αὐτῷ.
546 904 600 964 Καὶ
623 905 709 972 ἄλλως
730 910 778 986 οὐχ
798 908 893 981 ἥκιστα
941 913 1137 990 ἀδικουμένους,
1158 907 1200 973 οία
1226 916 1257 988 δὴ
1281 918 1466 996 ὁμογνώμονας
1487 921 1521 978 τδι
1538 925 1573 988 εἰς
1587 922 1652 983 θεόν.
1672 926 1723 984 Σε-

107 991 233 1067 pennice
246 989 358 1067 ἐτίθετο,
370 994 405 1057 εἰς
416 989 526 1070 ἔσχατον
541 996 623 1073 γῆρας
635 993 771 1065 ἐληλακὼς
784 996 829 1056 καί
842 997 893 1068 ἤδη
941 997 1038 1078 θόχθης
1046 1001 1077 1071 δὴ
1089 991 1133 1060 σύν
1148 1005 1174 1060 ἐν
1185 1003 1300 1083 Πέρσαις
1308 1005 1547 1086 αἰγχίνους[τι]δίμα
1558 1009 1602 1068 καλ
1612 1011 1723 1088 νομίζων

106 1077 281 1154 ἐκλελυμένος
295 1081 351 1144 ταῖς
365 1080 458 1156 ὁρμαῖς
476 1085 521 1138 τοῦ
539 1078 673 1156 πολέμου,
688 1080 756 1140 ὥστε
767 1084 895 1164 ἐρρῶσθαι
940 1087 973 1143 τὰ
987 1087 1046 1167 περὶ
1069 1087 1097 1146 τὸ
1117 1093 1183 1148 θεῖον
1202 1092 1248 1148 οὐκ
1264 1091 1350 1160 ἄλλως
1370 1092 1387 1164 ἢ
1406 1095 1474 1153 sati
1501 1097 1634 1174 νομίζουσι
1654 1088 1724 1178 ‘xpi-

106 1163 144 1221 τίι
164 1167 297 1243 εἰρηναῖα,
316 1167 360 1224 καί
374 1164 464 1244 ὥσπερ
480 1165 571 1242 ἀμέλει
588 1171 711 1249 πατρῷον
732 1175 820 1246 κτῆμα
843 1179 895 1238 τοῖς
941 1175 1054 1251 στιανοί,
1069 1178 1262 1254 ίπιμελέστατσί
1278 1204 1332 1248 πως
1346 1181 1429 1241 ἐδεῖτο
1442 1187 1487 1241 τοῦ
1511 1187 1638 1260 βασιλέως
1652 1186 1723 1246 ’ἰου-

106 1275 140 1327 γτ
152 1255 232 1310 αὐτοῦ
244 1253 319 1310 παισὶ
337 1253 470 1311 ιίσάλευταί
490 1277 518 1311 τε
536 1253 581 1312 καί
602 1253 708 1335 ότρωτα
728 1259 893 1318 καταλιπεῖν.
941 1261 1028 1321 στίνου
1039 1262 1080 1340 μὴ’
1091 1266 1196 1336 κινῆσαί
1210 1289 1235 1324 τι
1249 1271 1301 1325 τῶν
1313 1271 1340 1326 ἐν
1357 1267 1459 1350 κόσμῳ,
1473 1274 1499 1330 ἰν
1509 1276 1546 1349 νῷ
1555 1297 1583 1330 τε
1600 1273 1724 1352 βαλέσθαι

108 1339 250 1418 Σεὸόχθην
266 1340 313 1416 μὲν
331 1331 375 1398 οἰίν
391 1339 528 1408 Ἰουστῖνος
542 1341 703 1420 φοιτήσαντα
720 1345 745 1410 ἐς
760 1343 803 1403 τὸν
819 1349 896 1424 βασι·
940 1349 984 1406 τὸν
998 1349 1124 1426 πόλεμον,
1140 1351 1220 1419 οὕτως
1240 1353 1336 1425 ἄδηλον
1351 1366 1462 1436 πρᾶγμα
1481 1357 1526 1416 καί
1542 1357 1600 1417 ούτε
1613 1360 1656 1419 ἐπὶ
1675 1366 1724 1436 βη-

108 1428 159 1484 λέα
178 1429 208 1486 ού
229 1451 254 1486 τι
267 1428 340 1504 μάλα
360 1429 493 1508 προσίετο,
506 1431 617 1488 ἰπτίκαί
630 1430 733 1509 ἄλλως,
750 1433 824 1504 ἡνίκα
842 1439 895 1493 εἰσ·
940 1441 993 1502 τοῖς
1006 1437 1114 1497 εἰωθότα
1126 1449 1231 1518 χωρεῖν.
1249 1441 1303 1501 Καί
1315 1441 1355 1502 ὁτι
1369 1443 1415 1516 δή,
1428 1445 1481 1524 εἰγε
1496 1444 1565 1504 σύτο)
1576 1447 1668 1526 τύχοι,
1680 1449 1725 1508 καί

107 1519 176 1586 ἦλθε
190 1514 260 1574 κατίι
274 1515 306 1587 δὴ
325 1516 356 1573 τὸ
373 1515 460 1584 εἰωθὸς
482 1517 526 1575 τὸν
541 1520 721 1599 αὐτοκράτορα
746 1521 896 1609 προσκυνή-
941 1525 1105 1603 κρατούντων
1118 1527 1272 1604 Ῥωμαίων,
1288 1531 1313 1597 ἐς
1326 1533 1475 1592 τούναντίον
1487 1535 1575 1602 αὐτοῖς
1585 1538 1724 1617 περισταίη

109 1627 179 1678 σειν,
198 1605 287 1684 χαμαί
310 1605 433 1686 βίψαντος
453 1605 553 1678 ἐαυτὸν,
568 1605 635 1664 οὕτω
656 1606 768 1684 ξυμύδιν,
790 1614 804 1668 ὁ
823 1611 897 1676 πῖλος
940 1610 974 1669 τό
988 1617 1034 1684 τῆς
1047 1613 1129 1684 νίκης.
1146 1613 1280 1683 Ἐσιόντες
1294 1615 1344 1694 γὰρ
1363 1622 1388 1685 ἐς
1410 1617 1457 1689 τὴν
1482 1623 1593 1700 Περσῶν
1614 1621 1660 1680 καί
1681 1623 1725 1682 ἐπί

108 1693 243 1773 δςίπίτῇ
258 1695 359 1772 κεφαλῇ
374 1691 488 1752 κατδτθ
505 1695 688 1770 νενομισμένον
704 1695 819 1777 Πέρσαις
838 1697 897 1782 ἐπέ·
942 1699 1097 1779 μικρότατον
1125 1701 1305 1780 (μακρότατον
1334 1707 1412 1779 conj.
1449 1707 1553 1785 Nieb.)
1578 1709 1726 1789 ὁδοιπορίας

108 1805 199 1856 κειτο,
216 1783 242 1848 ἐς
256 1782 381 1863 τοῦδαφος
395 1782 483 1842 ἔπεσε.
500 1781 594 1862 Τούτῳ
608 1783 685 1861 αἰσίῳ
700 1784 749 1840 τινί
771 1785 897 1866 συμύόλιρ
941 1786 1092 1854 ἐλαύνοντες
1104 1788 1256 1867 εὑρήσουσιν
1268 1789 1386 1858 ἅπαντάς
1397 1816 1427 1871 γε
1438 1793 1470 1864 δή
1480 1817 1530 1852 που
1543 1795 1603 1872 περί
1617 1797 1647 1854 τὸ
1658 1802 1725 1855 θεῖον

108 1871 278 1950 χρησάμενοι
293 1873 317 1928 ol
329 1872 356 1927 ἐν
371 1869 439 1928 τέλει
451 1870 496 1926 καί
508 1873 522 1927 ὁ
535 1871 617 1944 δῆμος
628 1871 685 1936 ταῖς
696 1871 844 1940 κολακείαις
854 1875 896 1931 τὸν
942 1875 989 1930 οὐκ
999 1873 1097 1946 ἄλλως,
1107 1875 1175 1956 ήπερ
1186 1875 1276 1953 αὐτὸν,
1284 1878 1494 1946 ἐσπουδακότας·
1506 1883 1554 1954 ὥς,
1564 1879 1616 1958 είγε
1627 1879 1726 1940 ἕλοιντο

110 1957 225 2034 βασιλέα
237 1955 399 2033 ἐπτέρωσεν,
412 1961 447 2022 ὡς
458 1957 517 2016 όσον
532 1955 605 2016 οὔπω
615 1960 784 2016 ὑποπεσείται
797 1962 896 2041 αὐτῷὴ
942 1961 1001 2028 τοὺς
1019 1963 1135 2022 τοιούσδε
1151 1965 1351 2037 ἀποκτιννύναι,
1371 1965 1444 2026 οὐδὲν
1457 1959 1535 2038 ἧττον
1551 1970 1624 2028 αὐτοὶ
1645 1970 1725 2028 πόλιν

115 2045 226 2124 Περσίς.
241 2047 289 2122 Τῷ
301 2068 339 2102 τοι
346 2043 543 2122 όραἸουστῐνος
552 2043 698 2124 ἐπηρμένος
708 2037 802 2118 ήνταῖς
812 2049 898 2106 ἐλπίσι
942 2049 1147 2122 ἡττηθήσονται.
1162 2054 1202 2112 Οὐ
1222 2053 1288 2125 δῆτα
1303 2045 1347 2111 οὖν
1361 2053 1446 2133 χρεὼν
1468 2057 1537 2114 κατὰ
1560 2059 1725 2136 Χριστιανῶν

110 2133 159 2191 τιαί
175 2133 394 2213 μετεωρίζετοτῇ
410 2133 524 2212 διανοίᾳ,
538 2133 571 2191 τό
589 2135 656 2192 κατὰ
675 2139 733 2192 νοῦν
756 2139 838 2216 ῥᾷστα
854 2141 899 2196 ἐκ·
942 2137 1000 2204 τοίις
1014 2137 1150 2214 ὁμοδόξους
1171 2139 1259 2216 θήγειν
1282 2139 1316 2198 τὰ
1338 2139 1407 2222 ξίφη.
1425 2141 1504 2202 ’Alit
1523 2144 1573 2225 γδιρ
1591 2147 1643 2211 τοῖς
1658 2143 1727 2204 ούτω

109 2221 242 2291 θήσεσθαι
258 2219 384 2297 οἰόμενος.
401 2220 539 2299 Σεόόχθην
560 2221 592 2292 δὴ
616 2213 660 2280 ούν
683 2222 841 2299 ἀγγείλαντα
857 2225 897 2304 ἐφ’
942 2223 1001 2281 λίαν
1025 2225 1132 2300 ὁμαλοῖς
1154 2247 1184 2284 τι
1204 2226 1250 2284 καλ
1272 2227 1397 2285 ἐπιεικέσι
1417 2227 1502 2306 λόγοις
1525 2229 1664 2298 ’ίουστῑνος
1679 2233 1727 2291 ούκ

109 2301 148 2375 εἷς
161 2309 337 2388 παρεγένετο,
351 2313 366 2366 ὁ
379 2307 499 2386 βασιλεὺς
511 2308 698 2388 περιεφρόνησί
710 2333 739 2388 γε
752 2312 839 2384 αὐτὸν,
853 2313 898 2370 καί
943 2311 1009 2390 ᾤετο
1019 2316 1118 2391 ,χρῆναι
1133 2311 1237 2372 ἔσεσθαι
1251 2314 1389 2386 πειθήνιος.
1404 2313 1477 2396 Ἔφη
1491 2317 1535 2390 δὲ,
1549 2322 1596 2390 ὡς,
1609 2321 1661 2398 εἴγε
1673 2343 1727 2377 πα·

110 2398 238 2457 scoteni
255 2395 326 2476 λόγῳ
346 2399 459 2455 ἐποιεῖτο
478 2397 521 2456 τὸν
542 2397 636 2478 ἄνδρα.
662 2397 736 2479 Ἔφη
761 2405 897 2480 τοιγαροῦν
945 2399 1035 2478 ραθείη
1062 2399 1188 2460 δάκτυλον
1217 2399 1278 2479 tue,
1303 2401 1484 2476 κινηθήσεται,
1509 2403 1555 2462 καί
1577 2409 1611 2472 ὡς
1632 2407 1657 2472 ἐς
1679 2405 1727 2475 τὴν

110 2490 147 2552 ὡς
172 2485 264 2555 αὐτόν,
286 2487 321 2550 ὡς
345 2490 363 2556 ἦ
391 2485 497 2564 φιλότης
515 2485 637 2566 χρήμασι
662 2487 835 2565 βεύαιουμένη
850 2491 898 2547 οὐκ
946 2490 1056 2565 Περσῶν
1071 2489 1174 2547 ἐλείσοι·
1188 2490 1291 2569 θαρρεῖν
1303 2513 1345 2563 τε,
1359 2493 1409 2561 ὡς,
1427 2493 1450 2549 εἰ
1469 2491 1534 2570 πρδς
1548 2493 1661 2569 πόλεμον
1680 2496 1727 2572 ὁρ-

112 2573 217 2651 ἀγαθή·
244 2572 345 2652 αἰσχρὰ
368 2571 419 2652 γὰρ
449 2574 493 2631 καί
526 2574 726 2653 ἀνδραποδώδης
751 2576 839 2648 ὧνητή
870 2599 898 2634 τε
946 2574 1025 2654 μήσοι
1032 2619 1040 2646 ,
1055 2578 1161 2634 καθελεῖ
1173 2599 1201 2634 τε
1218 2575 1339 2656 Χοσρόην
1353 2575 1399 2635 καί
1413 2577 1490 2642 αύτθς
1506 2578 1616 2656 βασιλέα
1637 2601 1730 2659 χειρα-

111 2661 351 2731 terdecentes
366 2659 394 2718 δέ
414 2659 461 2732 τὴν
476 2659 613 2740 ίσόρροπόν
625 2685 654 2720 τε
666 2661 711 2720 καλ
726 2663 785 2741 οὐχί
803 2664 898 2743 κερδα-
944 2662 1049 2732 τονήσοι
1065 2663 1188 2741 Πέρσαις.
1207 2663 1286 2724 Ούτω
1306 2663 1397 2736 τοίνυν,
1412 2665 1537 2746 ὁττερύρια
1558 2664 1637 2725 εἰπὼν
1663 2667 1729 2724 ἀπέ-

111 2749 175 2806 λεάν
187 2748 332 2828 ὁρίζεσθαι,
346 2750 373 2805 ἐν
386 2740 406 2826 ᾗ
418 2747 463 2806 καί
472 2747 501 2806 τδ
517 2749 621 2827 βέύαιον
635 2750 737 2828 πέπηγε
751 2750 826 2831 φύσει
835 2752 895 2812 τινί.
945 2752 1033 2831 πεμψι
1049 2750 1194 2830 Σεύόχθην.

115 2837 187 2916 Πρὸς
208 2837 295 2894 τοῖσδε
316 2835 505 2894 esem-cinei
525 2858 554 2912 γε
569 2837 632 2915 πρὸς
649 2839 745 2916 αὐτοῦ,
763 2838 799 2914 μή
815 2863 840 2896 τι
854 2839 900 2897 καί
990 2865 1001 2887 ι
1019 2843 1087 2896 Post
1100 2843 1174 2896 laune
1190 2842 1283 2896 locum
1299 2854 1457 2916 sequuntur
1476 2845 1506 2898 in
1525 2845 1602 2918 vulg.
1623 2843 1681 2900 duo
1696 2863 1730 2900 ex

37 2949 44 2960 ·
113 2925 237 3002 περὶτῆς
254 2923 323 2981 κατὰ
345 2922 560 3003 σφᾶςλίρμενίας
583 2923 701 3002 βούλοιτο
721 2925 896 3002 διαλέγεσθαι.
947 2929 1101 2984 simocatta
1112 2930 1475 3003 ρειίῑα,ειλειαιιιαε’κτῆς
1491 2929 1729 3008 β’βίύλου,(μιοιί

114 3011 252 3090 Σεὸόχθης
262 3011 293 3080 δὴ
306 3001 351 3068 cdv
365 3012 539 3089 ἀπεκρίνατο,
553 3009 693 3081 ἀκηκοέναι
704 3011 751 3086 μέν
762 3012 806 3069 τὸν
819 3015 899 3071 αὐτοῦ
947 3015 984 3072 ad
998 3016 1119 3072 eundern
1132 3019 1265 3091 pertinet.
1283 3021 1448 3074 τΝιιιειιιτιι.

113 3101 235 3179 βασιλέα,
244 3104 280 3166 ὡς
291 3099 341 3158 ili
352 3099 386 3157 τίι
398 3101 482 3176 ἐκείνῃ
498 3099 610 3179 βραχεῖιί
625 3125 663 3167 τις
675 3103 776 3178 ἐγένετο
787 3101 904 3181 ταραχή,
970 3145 972 3150 -

112 3273 217 3334 petebat.
230 3275 291 3321 liam
305 3283 382 3332 quiam
392 3270 461 3320 initio
473 3270 589 3320 cliosroes
599 3269 769 3332 suspicaretur,
782 3270 899 3321 Romano·
947 3275 976 3322 et
993 3274 1032 3322 ille
1043 3273 1140 3334 quidem
1158 3287 1238 3334 regern
1249 3287 1321 3323 suum
1335 3277 1453 3336 accepisse
1471 3275 1607 3336 respondit,
1618 3278 1729 3325 exortum

112 3364 166 3398 rum
177 3350 347 3412 imperatorem
357 3361 372 3396 ιι
381 3347 560 3396 conditionibus
570 3347 634 3408 pacis
647 3349 797 3398 recedentem
809 3349 839 3398 ad
851 3349 899 3399 bel·
947 3349 1068 3410 quendam
1083 3350 1107 3398 in
1120 3351 1160 3399 illa
1176 3352 1300 3412 provincie
1314 3352 1463 3412 tumultum,
1475 3350 1553 3400 levem
1562 3353 1586 3400 et
1602 3350 1730 3413 exiguum

112 3427 163 3475 lum
177 3427 243 3486 terri,
256 3425 327 3474 valde
337 3425 491 3487 perturbatus
502 3425 585 3473 lueret.
598 3426 817 3488 Verebatureuim',
830 3440 899 3476 neeri
944 3429 974 3477 sd
989 3441 1045 3477 eum
1058 3429 1190 3478 sedandum
1202 3429 1293 3478 misisse
1304 3430 1347 3492 qui
1363 3431 1532 3492 comprimeret
1545 3431 1569 3479 el
1581 3442 1618 3480 res
1630 3430 1730 3492 pristino

114 3505 244 3568 improviso
253 3505 382 3566 imperator
392 3516 449 3550 cum
458 3515 543 3564 magm
557 3506 673 3566 apparatu
685 3517 710 3553 se
719 3505 782 3553 bello
791 3503 901 3566 uggrede·
944 3507 1016 3555 statui
1027 3506 1172 3556 restitueret.
1189 3508 1299 3557 lustinus
1309 3520 1367 3555 vcro
1378 3507 1457 3568 palam
1470 3507 1547 3568 dixit,
1559 3520 1585 3556 εε
1594 3510 1731 3556 Persarmc·

115 3587 189 3632 retur.
203 3587 232 3631 itt
242 3582 342 3630 omnino
360 3581 393 3629 illi
405 3581 510 3628 maxime
520 3593 584 3627 curre
597 3583 657 3640 erat,
668 3595 743 3643 quum
754 3581 804 3642 jam
817 3581 846 3628 ad
856 3594 899 3630 cx·
945 3585 1010 3645 nios,
1029 3585 1070 3647 qui
1085 3598 1099 3633 ι
1114 3585 1192 3634 Persis
1203 3585 1360 3647 defecissent,
1375 3587 1400 3634 in
1410 3585 1482 3635 tidem
1492 3587 1643 3648 tutelamque
1660 3599 1731 3635 susm

113 3666 216 3710 trenam
231 3661 379 3708 senectutem
390 3657 548 3719 pervenisset,
566 3659 591 3706 et
602 3657 721 3706 bellorum
731 3657 829 3706 consilia
843 3658 901 3706 cml·
946 3665 1074 3726 recepisse,
1085 3678 1163 3726 neque
1175 3664 1195 3714 si
1207 3664 1262 3726 quis
1273 3677 1314 3713 ecs
1324 3665 1410 3726 iniuria
1421 3665 1527 3714 alliceret
1537 3665 1729 3727 ,neglecturum

114 3743 194 3794 esset.
205 3751 290 3800 pacem
304 3737 444 3786 inviolatam
461 3749 570 3796 serrare,
581 3739 606 3785 cl
623 3737 695 3785 nullis
707 3737 775 3784 bellis
784 3737 900 3785 intertur-
945 3745 1033 3804 quippe
1043 3743 1084 3804 qui
1096 3741 1195 3802 cedern,
1208 3742 1337 3805 συνείρετε,
1351 3741 1382 3792 de
1393 3743 1506 3803 religione
1518 3744 1642 3792 sentirent.
1657 3743 1731 3792 Sebo-

115 3819 197 3866 batam
207 3821 232 3864 et
243 3814 384 3876 impeditam
396 3814 461 3874 regni
479 3813 569 3875 luterni
581 3813 752 3874 possessionem
764 3813 844 3862 liberis
853 3815 902 3863 suls
945 3819 1029 3868 cbtliee
1040 3821 1132 3880 sutem,
1140 3819 1181 3881 qul
1192 3819 1255 3880 τιμαί
1267 3823 1350 3869 Persas
1359 3819 1486 3880 prudentie
1498 3820 1645 3881 excellebat,
1654 3831 1730 3882 quum

115 3895 262 3956 relinquere.
281 3893 413 3954 imperator
425 3893 506 3940 autem
524 3890 675 3940 seboclnucn
687 3891 717 3939 sd
730 3903 756 3940 se
767 3892 901 3940 venientem
946 3896 1058 3954 eandem,
1068 3909 1142 3958 qusm
1152 3896 1295 3957 Christiani,
1306 3897 1336 3946 de
1344 3897 1457 3958 religione
1467 3897 1604 3958 opinionem
1615 3898 1728 3959 liaberet,

115 3988 163 4022 ιιοιι
171 3970 251 4033 magni
262 3970 378 4029 laeieliat,
387 3969 518 4031 presertim
526 3982 601 4030 quum
611 3967 746 4031 accidisset,
757 3970 902 4032 simulatque
946 3974 1018 4022 etiam
1026 3974 1099 4034 atque
1106 3973 1179 4022 etiam
1189 3973 1342 4023 vehementer
1349 3973 1472 4023 lustinum
1480 3973 1577 4032 orabat,
1587 3987 1617 4023 ne
1627 3987 1664 4034 ea,
1675 3987 1731 4036 ηιιεε

115 4052 235 4112 ingressis
241 4050 280 4098 est
287 4047 317 4096 ad
325 4048 503 4108 imperatorem,
513 4047 540 4095 ut
550 4047 622 4095 moris
629 4049 690 4105 erut,
700 4060 827 4106 venerans,
838 4050 862 4097 et
871 4047 901 4095 ad
946 4063 971 4099 se
981 4049 1041 4098 benc
1055 4050 1183 4109 inherent,
1194 4052 1316 4108 moveret,
1326 4051 1351 4098 ct
1365 4052 1393 4098 ut
1404 4049 1513 4098 animum
1529 4049 1667 4111 induceret,
1682 4050 1731 4100 bel·

116 4128 187 4190 perles
197 4127 250 4187 εμιε
262 4125 330 4174 Ιιυιιιί
342 4123 484 4187 procubuit,
500 4126 527 4171 ul
536 4123 626 4186 pileus,
644 4137 717 4186 quem
729 4123 753 4173 in
765 4123 854 4187 capite,
875 4126 903 4174 ut
948 4131 997 4178 lum
1009 4143 1060 4178 esse
1079 4143 1131 4178 rem
1143 4129 1213 4178 raldo
1232 4129 1348 4178 ίιιτειιιιιι
1360 4141 1439 4194 neque
1454 4128 1527 4177 certis
1544 4129 1635 4190 legibus
1649 4129 1732 4180 liuere.

117 4210 245 4256 l‘rrsamm
260 4203 324 4265 leges
336 4202 430 4262 leniat,
446 4203 567 4264 gestabat,
586 4205 608 4251 in
627 4205 716 4252 terrum
727 4203 832 4252 caderet.
851 4205 903 4252 llcc
948 4207 1038 4265 Quodsi
1053 4208 1113 4256 torte
1126 4207 1221 4256 tortum
1235 4207 1397 4268 contingeret,
1410 4209 1438 4255 ul
1456 4206 1558 4255 Romani
1571 4207 1671 4256 victoria
1687 4220 1730 4268 po-

116 4285 198 4333 omine
216 4281 337 4345 principes
358 4281 402 4330 siri
420 4283 445 4330 et
459 4283 537 4330 cetera
553 4282 638 4342 turba,
653 4284 769 4343 tanquam
788 4281 903 4332 divinitus
946 4285 1058 4344 tuentur,
1072 4283 1145 4345 ipsam
1155 4283 1280 4332 victoriam
1290 4283 1389 4334 tortasse
1403 4284 1428 4332 in
1446 4283 1595 4332 contrarium
1610 4296 1730 4334 cmuram.

117 4365 240 4422 immisso,
254 4361 291 4410 usi
301 4362 325 4409 et
338 4359 401 4408 loeda
409 4359 547 4408 adulatione
559 4361 728 4422 imperatorem
739 4362 869 4423 extollere,
878 4364 904 4410 et
949 4361 1042 4410 Etenim
1054 4361 1095 4421 qui
1109 4364 1237 4409 Persarum
1251 4359 1371 4421 regionem
1382 4359 1419 4408 rel
1430 4359 1566 4422 longissimo
1579 4360 1663 4410 itinere
1674 4347 1731 4424 cog·

119 4441 215 4500 dicere,
232 4439 284 4488 lore
295 4439 322 4484 ut
338 4437 415 4486 Persis
427 4437 493 4486 brevi
508 4437 529 4488 ei
542 4437 732 4486 submitteretur.
746 4441 798 4487 llac
815 4439 904 4501 eogita-
947 4439 1071 4498 noverint,
1088 4451 1129 4487 ecs
1149 4438 1301 4498 compertum
1323 4437 1424 4497 babere,
1448 4449 1533 4486 omnes
1549 4438 1665 4486 nonalio
1683 4439 1730 4488 ritu

117 4519 186 4567 bone
199 4519 282 4566 mente
296 4517 375 4564 elatus
385 4515 495 4564 turstinus
508 4515 531 4564 ln
541 4527 607 4576 spem
621 4515 794 4576 adducebatur,
807 4517 902 4578 omnia,
948 4516 1101 4578 religionem,
1120 4529 1193 4578 qnam
1202 4515 1253 4578 ipsc
1262 4517 1340 4576 colet,
1349 4516 1428 4566 colere
1439 4516 1592 4578 etamplecti.
1606 4517 1684 4566 llossi
1693 4530 1732 4566 oc·

118 4609 173 4658 quse
182 4595 264 4644 animo
274 4593 402 4654 volvebat,
417 4592 447 4641 ad
458 4596 567 4656 optatum
577 4593 669 4642 exilum
682 4597 833 4654 perventura.
854 4596 904 4643 lta·
948 4594 1026 4642 cidere
1035 4594 1195 4655 susceperint,
1208 4593 1363 4656 nibilominus
1374 4595 1455 4654 postca
1468 4593 1524 4654 ipsis
1536 4593 1662 4642 interiores
1671 4593 1730 4643 lore.

118 4689 250 4737 quequum
261 4673 411 4723 Sebocblbes
421 4685 569 4734 eu,quonun
579 4685 651 4721 causa
662 4674 769 4734 venerat,
781 4673 902 4721 renuntia·
950 4669 1050 4720 Proinde
1060 4671 1196 4730 injusteeos
1207 4671 1291 4718 contre
1302 4669 1412 4719 immines
1425 4669 1508 4719 eadem
1519 4683 1574 4719 cum
1590 4670 1732 4720 Christianis

119 4759 168 4812 rel,
181 4755 314 4815 imperator
327 4765 383 4800 eum
403 4753 547 4813 contempsit
564 4755 588 4801 ct
600 4751 667 4800 nullo
685 4764 786 4800 numero
804 4751 901 4811 babuit,
949 4751 1059 4812 religione
1076 4753 1171 4798 utentes
1187 4762 1255 4798 enses
1273 4763 1324 4798 esse
1341 4749 1475 4798 stricturos.
1495 4750 1537 4798 llis
1552 4751 1601 4798 tum
1620 4749 1695 4810 equis
1708 4749 1733 4796 et

119 4831 227 4894 dixitque
254 4831 388 4880 amicitiam
413 4829 519 4892 pecumis
538 4833 685 4880 contractam
710 4830 774 4878 baud
795 4831 899 4892 probari.
949 4827 1042 4875 lenibus
1060 4827 1212 4876 sermonibus
1230 4829 1340 4875 lustinus
1357 4825 1511 4875 minimesibi
1530 4825 1730 4886 acquiescendum

120 4913 223 4972 turpem
240 4909 343 4960 enimet
362 4907 474 4955 servilem
485 4921 550 4968 esse,
569 4908 723 4969 quippcuum
734 4908 810 4968 pretio
823 4911 905 4969 empta
948 4905 1107 4964 exidnnmii,
1121 4904 1162 4953 sed
1178 4905 1254 4963 dixit,
1267 4903 1360 4954 etiamsi
1373 4917 1448 4952 unuin
1469 4903 1570 4964 digitum
1588 4904 1732 4963 apponeret,

119 4989 187 5036 esset.
207 4987 344 5036 imicitiam
365 4986 462 5042 autern,
479 4985 549 5042 cujus
569 4985 629 5032 ratio
645 4985 758 5032 constans
773 4986 799 5032 ct
819 4987 905 5032 natura
948 4983 1153 5044 scerprditioncm
1164 4981 1643 5044 suscepturumetPersideminvasurum.
1654 4979 1732 5028 conli-

120 5063 178 5112 θυαε
186 5063 286 5114 lenitate
295 5065 369 5124 esset,
377 5061 507 5122 uenalem,
517 5073 565 5109 nun
574 5063 668 5124 quaestu
679 5062 843 5122 comparatam
849 5059 907 5109 deli·
949 5059 1006 5108 dere
1016 5073 1055 5119 se,
1066 5059 1086 5108 si
1100 5060 1125 5108 in
1137 5060 1227 5108 bellum
1243 5061 1362 5122 eruperit,
1373 5060 1504 5108 chosroem
1519 5056 1548 5106 de
1561 5056 1639 5105 medio
1651 5056 1731 5105 subla·

120 5141 172 5189 niri.
190 5141 282 5191 Deinde
291 5153 323 5191 ei
335 5139 389 5200 ipso
399 5138 521 5199 quesivit,
532 5137 649 5200 numquid
662 5137 734 5186 vellet
749 5137 780 5186 de
789 5138 840 5198 lits,
851 5151 906 5200 quse
950 5140 1048 5196 turum,
1064 5139 1088 5185 et
1101 5149 1179 5198 regem
1199 5136 1274 5186 Persis
1290 5136 1414 5184 daturum.
1429 5136 1465 5184 Ad
1484 5135 1548 5182 bunc
1558 5132 1658 5182 mudum
1671 5133 1731 5182 inso·

121 5217 144 5266 in
151 5219 272 5281 Armenia,
283 5229 344 5280 qne
354 5227 441 5265 eorum
453 5213 512 5276 juris
523 5216 586 5278 erat,
597 5214 764 5276 contigerunt,
779 5213 906 5265 disserere.
952 5215 1029 5266 lenter
1046 5215 1154 5276 locutus,
1165 5215 1316 5267 Seltoclitlien
1327 5215 1426 5264 missum
1445 5213 1509 5262 lecit.
