3916 5728
180 349 237 400 432

174 468 315 530 Ἐκαλεῖτο
321 467 347 528 δέ
358 467 545 536 Κνωποόπολις
554 469 606 528 όπδ
614 467 734 530 Κνόεπου.
741 471 825 546 Apud
836 474 955 533 Pausen.

176 561 240 633 Vll,
258 559 312 630 3,7
334 579 388 634 pro
401 556 513 624 Κνωπδς
525 561 569 614 vel
584 560 697 624 Κνῶπος
715 571 847 634 corrupte
856 561 960 634 legitur

176 643 327 710 Κλέοπος
342 649 355 704 ό
370 645 482 724 Κόδρου.
496 647 537 705 Cl.
551 649 689 702 llleursius
703 651 764 704 Att.
778 650 858 703 Lect.
874 651 908 717 V,
925 647 961 724 83

177 735 280 806 Bayer.
302 735 442 808 Erythrai
460 735 540 790 numi
556 736 703 805 illustrati,
721 737 813 792 Conrt.
837 737 954 810 Petrop.

176 821 238 881 Vet.
253 831 322 882 tom.
334 825 374 893 ll,
384 841 414 898 p.
430 821 487 890 436
499 840 577 896 sqq.;
594 819 707 880 bli'rller.
718 824 790 880 Min.
803 841 832 896 p.
850 822 917 896 399.

486 993 649 1018 ‘000‘—

355 1134 783 1225 nrrrosvnsrus.
864 1093 866 1098 ’

217 1319 419 1392 llippostratus
430 1318 529 1393 hagm.
541 1315 557 1373 6
568 1316 728 1392 appellatur
739 1317 753 1372 δ
764 1311 870 1394 τὰΙῘιρλ
886 1315 964 1373 Σικε-

177 1403 236 1470 λίας
250 1405 421 1482 γενεαλογῶν.
435 1407 471 1463 Et
490 1405 527 1461 ad
540 1406 633 1461 Sicula
644 1406 789 1481 pertinent
799 1403 833 1463 fr.
852 1405 920 1471 1,.6.
935 1423 963 1474 7.

175 1495 244 1568 Quae
255 1496 386 1568 leguntur
396 1493 426 1550 sr.
442 1513 468 1550 r.
481 1513 509 1552 ν.
520 1494 537 1550 3
550 1493 600 1550 etsi
606 1492 685 1549 haud
694 1493 825 1566 proxime
837 1501 967 1565 spectant

176 1599 221 1638 res
233 1583 357 1650 Siculas,
369 1584 409 1636 ita
421 1591 516 1637 tamen
529 1592 594 1637 sunt
605 1589 781 1656 comparata,
794 1590 828 1634 nt
836 1580 866 1634 in
878 1597 966 1654 opere

181 1667 326 1728 Σικελικῶν
341 1670 384 1726 vel
401 1667 576 1744 Γενεαλογιῶν
592 1668 737 1726 Σικελικῶν
751 1668 848 1724 locum
860 1667 966 1722 babere

179 1758 337 1830 potuerint.
351 1759 531 1831 Quamquam
548 1754 609 1814 fieri
625 1757 709 1812 etiam
722 1765 816 1830 potest
829 1767 861 1812 ut
871 1755 966 1813 Sicula

179 1843 227 1899 illa
241 1843 353 1900 nonnisi
368 1855 477 1919 partem
491 1843 605 1917 majoris
618 1843 855 1916 Genealogiarum
871 1844 966 1916 operis

179 1931 293 1986 fuerint.
315 1933 393 1988 Alios
417 1934 617 2006 Hippostratos
635 1950 664 1986 v.
688 1949 733 2004 ap.
747 1931 869 1990 Diodor.
883 1931 964 2000 XIX,

181 2019 228 2089 36,
239 2017 268 2088 53
282 2022 402 2076 Pausan.
415 2021 453 2089 ll,
464 2039 494 2094 a,
505 2017 651 2088 53Euseb.
666 2019 694 2072 in
706 2019 967 2092 Olympionicarum

179 2107 311 2182 catalogo
326 2108 362 2164 ad
374 2109 418 2166 Ol.
434 2106 470 2174 54
486 2118 516 2163 et
527 2105 562 2162 55
572 2127 580 2176 ;
592 2105 711 2163 Hesiod.
726 2123 773 2179 ap.
788 2107 874 2162 schol.
885 2107 966 2162 Pind.

179 2196 225 2254 Ol.
236 2215 280 2267 ro,
291 2197 344 2266 463'
354 2196 521 2270 Apollodor.
529 2196 553 2265 1,
562 2193 624 2264 8‚t;
633 2195 834 2268 Athenaeump.
847 2192 966 2270 557,;1>

180 2284 329 2342 lamblicb.
343 2287 400 2342 Vit.
415 2284 499 2358 Pytb.
513 2303 538 2343 c.
555 2281 602 2341 36.
614 2282 657 2340 cf.
670 2293 732 2340 not.
745 2282 784 2338 ad
794 2283 828 2341 fr.
842 2289 871 2350 t..

439 2414 706 2477 ranaaaortat.

563 2567 589 2609 l·

464 2658 547 2740 Περὶ
577 2656 684 2718 Μίνω.

221 2790 359 2866 Phlegon.
380 2789 484 2847 Mirab.
506 2788 540 2846 fr.
565 2785 603 2862 59
622 2787 708 2860 (torn.
728 2788 788 2856 111,
807 2805 838 2862 p.
860 2786 935 2864 623)
955 2808 962 2844 ε

182 2875 374 2956 Ἱππόστρατος
387 2873 416 2933 δέ
429 2897 507 2954 ρηοιν
519 2878 545 2933 έν
557 2876 594 2952 τῷ
608 2873 667 2952 περί
680 2873 772 2946 Μίνω,
789 2873 922 2952 Αἴγυπτον
938 2877 967 2933 έκ

184 2973 246 3040 μιᾶς
259 2962 380 3038 γυναικὸς
398 2959 536 3041 Etpoo‘aut
553 2965 598 3032 ἵῆς
614 2961 710 3022 Νείλου
724 2959 886 3032 πεντήκοντα
900 2959 970 3028 υίοὺς

183 3053 315 3128 γεννῆσαι.
331 3047 433 3114 Δαναός
447 3071 474 3107 τε
488 3048 584 3124 δμοίως
599 3051 628 3107 έκ
640 3057 702 3124 μιᾶς
714 3047 834 3126 γυναικδς
848 3051 895 3121 τῆς
907 3050 970 3109 Νεί-

182 3140 229 3196 λου
244 3136 383 3215 Εὐρυόπης
395 3135 555 3205 πεντήκοντα
572 3135 714 3218 θυγατέρας
727 3135 802 3216 έοχι.

222 3227 333 3282 Taetzea
344 3227 415 3284 llist.
430 3228 492 3296 Vll,
506 3245 534 3284 v.
551 3225 608 3282 368
625 3245 633 3282 ε

244 3349 457 3412 Ίππόοτρατοςτδν
466 3349 582 3414 λῑγυπτον
592 3351 614 3407 tr
625 3349 751 3413 Εὒρυρρόης
762 3349 846 3400 Νείλου

220 3451 223 3457 -
246 3422 316 3483 μόνης
327 3422 391 3476 υἱοὺς
399 3423 542 3478 πεντήκοντα
551 3423 611 3482 λέγει
622 3422 796 3483 γεγεννημέναι·

244 3493 286 3547 τὰς
298 3493 422 3554 θυγατέρας
432 3492 510 3547 πόσας
517 3493 541 3540 tt
551 3493 590 3540 τδν
600 3493 691 3541 Δαναόν
699 3491 785 3554 ὁμοίοις

245 3563 273 3612 έν
281 3568 321 3618 τῆς
332 3562 445 3624 Εὐρώπης
453 3563 562 3624 όυγοτρδς
571 3567 613 3611 τοῦ
624 3563 743 3625 εἰρημένου
753 3561 846 3612 Νείλου.

184 3669 227 3723 Ex
240 3669 337 3722 Tretze
353 3666 432 3740 apud
451 3667 635 3739 Phlegontern
655 3685 709 3741 pro
727 3663 898 3743 Εόρυόπης...
914 3665 971 3726 Εὖ-

187 3751 286 3832 ρυόπης
298 3753 497 3830 reponendum
514 3749 696 3830 Εὗρυρρόης...
713 3753 849 3831 Εὐρώπης,
864 3755 973 3811 Fabula

185 3861 204 3898 a
222 3845 332 3917 vulgari
358 3842 510 3898 traditione
534 3843 619 3916 longe
636 3841 754 3897 recedit.
782 3845 898 3918 Europa
926 3843 971 3916 (at

185 3950 245 3986 non
257 3934 312 3986 Nili
324 3927 396 4006 lilia)
409 3932 573 3987 nominatur
582 3931 667 3984 etiarn
677 3932 886 3988 materltlinois.
898 3931 972 3984 Num

185 4017 252 4074 binc
271 4018 416 4092 proiectus
437 4036 498 4074 rem
517 4028 659 4072 narratam
675 4019 807 4090 exposuit
822 4017 848 4072 iv
865 4014 974 4095 τῷπιρλ

189 4101 283 4160 Μίνω.ρ
293 4109 335 4160 De
351 4107 446 4161 hlinoe
458 4123 526 4160 vero
536 4104 682 4179 quomodo
694 4105 828 4159 inSiculis
841 4105 975 4178 genealo-

188 4192 241 4263 giis
253 4210 409 4248 sermonem
417 4193 508 4248 facere
519 4194 656 4266 potuerit,
666 4191 773 4246 indicat
782 4191 881 4266 fragm.
893 4190 922 4249 5.
934 4221 973 4235 -

446 4391 717 4452 GENEALOGlAE.

569 4507 593 4557 1.

220 4593 388 4654 Hippostretus
412 4593 443 4643 de
465 4597 543 4646 Minoe
563 4609 635 4659 agens
654 4596 713 4646 dicit
729 4599 857 4660 AEgypturn
876 4611 907 4646 er
925 4611 973 4647 una

190 4673 306 4735 muliere,
317 4685 347 4722 ea
362 4673 497 4736 Euryrrhoe
510 4675 554 4724 ltili
568 4677 595 4738 t,
607 4677 780 4740 quinquaginta
789 4677 971 4738 fitiosgennisse.

189 4751 302 4802 Similiter
315 4755 412 4800 Danaus
420 4765 450 4800 er
462 4753 647 4818 unaeademque
655 4755 768 4816 muliere,
781 4757 876 4817 llurope
886 4753 933 4803 Nili
945 4753 973 4815 l,

189 4829 364 4892 quinquaginta
374 4829 435 4877 filias
443 4828 556 4890 suaepit.

221 4993 502 5044 ErantTimandreiivlia
512 4913 786 5056 cordetnurytnemts,
794 4993 975 5057 quesoolebant

191 5069 324 5119 lleraelidre
330 5070 434 5132 ,quodi
427 5071 483 5133 ipsis
493 5070 517 5120 in
532 5071 720 5132 Peloponnesum
731 5071 898 5121 invadentibus
906 5084 973 5122 aura

191 5146 275 5196 liarern
287 5159 384 5209 operam
394 5149 555 5210 novaverant,
569 5149 596 5198 ut
607 5147 773 5210 {lippostratus
781 5149 824 5199 ait.

855 339 1128 416 atrrosrttart,

1009 473 1123 533 Taetres
1141 471 1276 544 v11,6t,6
1292 474 1506 548 Hippostratum
1519 473 1591 530 inter
1602 490 1651 529 eos
1667 485 1796 530 recenset

1009 562 1059 636 qui
1071 561 1196 618 fabulosa
1207 563 1297 618 multa
1308 561 1485 618 tradiderint.

1383 701 1412 741 2.

1049 797 1145 853 Schol.
1167 797 1309 855 Theocrit.
1327 799 1380 872 vl,
1395 804 1433 863 to
1452 785 1562 854 ιἯοαν
1579 791 1606 853 δέ
1625 796 1651 855 Τ
1652 793 1796 874 ιμανδρέως

1009 882 1147 962 θυγατέρες
1162 879 1255 942 Κοττδι
1275 882 1319 940 καὶ
1339 881 1499 961 Εὖρύόεμις,
1515 879 1545 948 ἃς
1566 880 1694 959 έτίμηοαν
1709 881 1796 960 Ἥρα-

1010 971 1126 1042 κλεῑδαι,
1148 968 1191 1028 διδ
1210 968 1240 1028 τό
1261 968 1487 1046 συναγωνίσασθαι
1509 971 1595 1034 αὐτοῖς
1615 966 1683 1028 rard
1699 967 1747 1039 τὴν
1762 971 1798 1035 εἶς

1011 1057 1209 1128 Πελοπόννησον
1224 1055 1363 1136 όριὶιν,ὡς
1377 1059 1400 1114 oi
1414 1055 1474 1138 περί
1484 1053 1673 1138 Ἱππόστρατον
1688 1055 1800 1136 duopri-

1009 1146 1168 1206 severaci.
1191 1146 1316 1203 Lobeclr.
1341 1146 1526 1222 Aglaopham.
1546 1165 1576 1222 p.
1600 1145 1686 1203 1038.
1711 1145 1797 1204 Cotto

1009 1234 1107 1290 eadem
1122 1254 1184 1307 quae
1198 1236 1284 1310 vulgo
1306 1231 1399 1299 Κότυς.
1414 1237 1453 1290 Ut
1472 1233 1549 1308 apud
1563 1233 1741 1301 Corinthios,
1756 1233 1797 1288 sic

1009 1325 1039 1379 in
1053 1323 1146 1378 Sicilia
1158 1323 1284 1396 Cottytia
1299 1321 1526 1380 celebrabantur.
1548 1323 1641 1392 Quare
1655 1323 1724 1394 quin
1737 1321 1799 1377 baec

1011 1427 1127 1483 quoque
1141 1426 1176 1465 ex
1190 1409 1289 1466 Siculis
1298 1409 1518 1482 historiispetita
1529 1409 1596 1477 sint,
1609 1407 1679 1463 nibil
1692 1409 1796 1468 obstat.

1392 1536 1421 1593 3.

1051 1649 1241 1722 Harpocratio
1262 1665 1270 1708 ε
1290 1645 1411 1728 Ἀὅαρις,
1432 1647 1514 1724 ὄνομα
1528 1647 1628 1729 κόριον.
1645 1649 1747 1724 Δοιμοῦ
1769 1647 1800 1706 δέ

1009 1733 1159 1816 panareth
1176 1734 1327 1806 πᾶσαντλν
1348 1735 1501 1814 οἰκουμένην
1525 1734 1671 1814 γεγονότος,
1697 1737 1799 1793 όνεῖλεν

1011 1821 1175 1882 όἏπόλλων
1190 1823 1389 1900 μαντευομένοις
1401 1821 1518 1895 Ἕλλησι
1535 1823 1580 1882 καὶ
1598 1821 1739 1902 βαρόόροις
1752 1822 1797 1880 τόν

1012 1909 1153 1980 Ἀθηναίων
1165 1909 1247 1988 δῆμον
1263 1908 1329 1992 όπίρ
1350 1911 1454 1970 πόντων
1469 1909 1547 1989 εὖχδς
1567 1917 1707 1970 ποιεῖσθαι.
1725 1911 1798 1988 Πρε·

1011 1996 1175 2074 σόευομένων
1189 1997 1216 2056 δέ
1226 1999 1332 2057 πολλῶν
1343 1999 1421 2057 έθνῶν
1435 1998 1497 2078 πρὸς
1513 1995 1617 2071 αὐτοὺς,
1631 1997 1676 2056 καί
1689 1996 1801 2076 ’λόαριν

1012 2083 1038 2154 li
1052 2085 1199 2200 Ὑπερόορ’
1186 2109 1235 2144 οων
1249 2084 1557 2194 πριαὸευτλνόρικέσδαι
1570 2085 1702 2163 λέγουσιν.
1720 2083 1752 2146 Ὁ
1771 2085 1799 2144 δε

1011 2172 1104 2252 χρόνος
1111 2163 1167 2232 έν
1148 2197 1169 2254 ορ
1182 2197 1218 2232 πα
1222 2171 1345 2253 ραγέγονε
1356 2174 1536 2256 διαφωνεῖται·
1549 2171 1740 2251 Ἱππόστρατος
1751 2171 1802 2250 μέν

1010 2259 1061 2340 γδιρ
1073 2260 1141 2319 καεδι
1156 2259 1236 2338 τλνγ’
1250 2261 1356 2340 [νγ”]
1327 2261 1405 2319 αυτὸν
1415 2260 1587 2365 Ὀλυμπιάδα
1570 2259 1670 2336 αλέγει
1680 2283 1802 2340 παραγι-

1013 2345 1144 2422 νέοθαι,’
1134 2346 1189 2406 οδί
1204 2347 1335 2427 Πίνδαρος
1348 2347 1416 2406 κατὰ
1432 2351 1500 2427 Κρ”
1474 2371 1543 2406 οιοον
1557 2346 1601 2406 τὸν
1614 2349 1707 2418 Λυδῶν
1723 2351 1804 2428 βασι-

1012 2433 1077 2510 λέα,
1095 2391 1294 2492 liberarint
1311 2433 1359 2506 τὴν
1371 2433 1604 2510 κε’Ὀλυμπιοίδα.

1052 2519 1164 2580 Ιππόοτ
1166 2521 1259 2602 paror]
1282 2523 1368 2582 codd.
1387 2533 1443 2580 tres
1462 2527 1514 2593 (A.
1531 2525 1564 2579 F.
1581 2525 1620 2579 Κ.
1644 2523 1801 2596 Belrlreri),

1012 2611 1115 2684 reliqui
1128 2607 1317 2688 Νικόστρατος,
1332 2611 1411 2685 qnod
1423 2611 1531 2687 recepit
1542 2611 1662 2670 Belrher.
1675 2613 1801 2667 Primam

1012 2699 1098 2771 hujus
1119 2700 1177 2756 loci
1198 2709 1310 2775 partem
1330 2700 1432 2756 iisdem
1451 2699 1545 2754 verbis
1565 2697 1680 2753 exhibet
1699 2698 1803 2754 suidas
1849 2705 1852 2714 “

1012 2808 1040 2845 v.
1056 2782 1180 2862 ’λόαριςς
1196 2799 1339 2862 postrema
1350 2787 1464 2846 brevius
1479 2786 1565 2842 tradit
1576 2787 1616 2841 ita
1629 2805 1636 2841 ε
1651 2783 1705 2842 Καί
1719 2781 1802 2842 ’tta-

1014 2895 1053 2952 ριν
1065 2872 1091 2941 ἐξ
1102 2872 1286 2953 Ὑπερόορέων
1296 2871 1459 2952 πρισόευτὴν
1470 2870 1719 2952 όγικέαθαιλέγουοι
1730 2873 1800 2930 κατὰ

1013 2960 1060 3032 τὴν
1073 2961 1096 3038 γ’
1104 2960 1283 3038 Ὀλυμπιάδα.
1296 2966 1339 3020 lta
1348 2963 1463 3037 quidem
1473 2963 1602 3036 vulgata,
1615 2963 1718 3036 optimi
1733 2981 1802 3018 vero

1014 3053 1102 3111 codd.
1116 3054 1282 3109 Parisienses
1293 3073 1347 3127 pro
1357 3049 1425 3108 κατδ
1432 3050 1480 3123 τὴν
1491 3050 1515 3128 γ’
1525 3049 1583 3111 Ὀλ.
1595 3053 1722 3126 praebent
1733 3048 1803 3108 κατὰ

1014 3135 1062 3209 riv
1084 3137 1122 3217 νγ’
1138 3137 1211 3210 ’ολ.,
1229 3141 1316 3214 idque
1336 3141 1365 3200 in
1382 3150 1489 3196 textum
1505 3139 1706 3212 liernbardyus
1728 3141 1803 3196 reci·

1015 3229 1151 3303 piendum
1167 3228 1262 3299 duxit3
1282 3239 1376 3298 recte,
1393 3229 1508 3302 opinor.
1524 3229 1587 3284 Hoc
1608 3229 1696 3302 igitur
1711 3228 1802 3285 modo

1015 3316 1132 3372 Pindari
1144 3328 1172 3372 et
1188 3317 1367 3391 Hippostrati
1383 3316 1508 3372 rationes
1523 3317 1671 3372 conciliari
1686 3317 1760 3372 inter
1774 3334 1805 3372 se

1015 3404 1097 3460 facile
1113 3415 1236 3478 possent.
1252 3405 1362 3459 Tertius
1374 3414 1524 3478 computus
1540 3402 1657 3459 fortasse
1670 3401 1754 3461 fluxit
1769 3423 1805 3459 ex

1015 3492 1110 3547 Timaei
1122 3491 1321 3566 chronologia,
1337 3507 1423 3564 quam
1435 3491 1508 3546 male
1522 3491 1709 3565 intelligentes
1727 3509 1802 3544 non·

1015 3581 1085 3635 nulli
1111 3583 1149 3635 ita
1177 3591 1307 3655 tempora
1336 3589 1553 3654 computarunt,
1576 3589 1609 3634 ut
1629 3597 1645 3633 a
1666 3579 1805 3634 sententia

1016 3669 1139 3722 auctoris
1153 3669 1232 3723 annis
1244 3677 1357 3722 centum
1376 3678 1405 3722 et
1418 3668 1625 3740 quinquaginta
1637 3665 1805 3721 aberrarent

1020 3754 1079 3829 (De
1092 3773 1187 3810 caussa
1201 3755 1304 3811 erroris
1314 3773 1343 3809 v.
1352 3756 1466 3828 Fragm.
1478 3753 1608 3808 cbronol.
1617 3773 1648 3828 p.
1667 3751 1747 3828 125).
1759 3753 1806 3809 Sic

1017 3842 1171 3898 secundum
1190 3844 1325 3897 Timaeum
1347 3839 1408 3921 (ap.
1431 3841 1521 3900 schol.
1542 3840 1627 3900 Pind.
1641 3842 1687 3898 Ol.
1703 3847 1738 3910 t,
1755 3841 1804 3916 19)

1017 3931 1194 3986 Camerinam
1204 3940 1386 3986 restauratam
1397 3929 1498 3985 dicunt
1506 3928 1552 3985 01.
1566 3933 1603 3992 ba
1614 3926 1689 4003 (612
1704 3947 1734 3984 a.
1745 3929 1806 4002 (1.),

1018 4037 1107 4093 quum
1124 4018 1259 4092 ponenda
1281 4035 1326 4073 res
1348 4023 1417 4075 esset
1440 4017 1485 4073 Ol.
1506 4037 1555 4092 79,
1578 4017 1595 4074 3
1612 4015 1621 4094 ί
1629 4017 1686 4082 462
1701 4035 1727 4073 a.
1747 4016 1806 4091 C.)-

1005 4105 1144 4160 ,Eandem
1158 4107 1296 4160 rationem
1311 4106 1335 4160 si
1348 4105 1386 4160 ad
1401 4115 1531 4160 nostrum
1548 4105 1645 4160 locum
1659 4105 1807 4159 transieri-

1018 4211 1095 4261 mus,
1111 4212 1165 4267 pro
1185 4195 1299 4267 Olymp.
1324 4210 1371 4268 ar,
1394 4211 1404 4246 r
1432 4189 1519 4266 (696)
1543 4192 1737 4247 obtinebimus
1759 4191 1804 4246 0l.

1049 4451 1146 4516 ebria,
1160 4467 1248 4504 nomen
1257 4455 1389 4517 proprium.
1400 4453 1474 4504 Aiunt
1486 4456 1567 4504 autem
1578 4455 1645 4516 peste
1656 4465 1700 4515 per
1712 4451 1807 4504 univer·

1018 4545 1071 4582 sum
1083 4538 1199 4582 terrarum
1208 4534 1291 4582 orbem
1301 4535 1436 4596 grassante,
1447 4532 1579 4595 apollinem
1587 4534 1611 4582 et
1619 4531 1711 4581 Graecis
1719 4535 1744 4581 et
1753 4531 1808 4581 bar·

1019 4609 1082 4660 baris
1098 4611 1223 4660 oraculum
1236 4609 1416 4659 consulentibus
1433 4609 1596 4672 respondisse,
1606 4611 1719 4672 oportere
1729 4621 1807 4672 popu-

1019 4686 1071 4736 lurn
1088 4687 1255 4736 atheniensem
1276 4700 1320 4750 pro
1331 4686 1443 4736 omnibus
1463 4689 1521 4735 vota
1532 4685 1620 4735 lacere.
1631 4689 1716 4744 Quum
1737 4686 1808 4748 lgitnr

1020 4763 1104 4812 multa
1125 4767 1206 4825 gentes
1223 4765 1312 4825 legatos
1323 4763 1354 4812 ad
1372 4767 1435 4826 ipsos
1452 4765 1588 4824 mitterent,
1600 4763 1689 4814 Abarin
1708 4777 1807 4826 quoque

1019 4839 1050 4890 ab
1062 4841 1220 4902 Hyperboreis
1234 4841 1339 4902 legatum
1357 4855 1386 4890 eo
1405 4840 1503 4890 venisse
1527 4842 1558 4890 at
1571 4839 1602 4890 de
1615 4842 1741 4903 ternpore,
1758 4854 1806 4904 quo

1019 4919 1158 4979 advenerit,
1183 4919 1340 4980 dissentiunt;
1358 4921 1526 4983 Hippostratus
1542 4919 1606 4969 enirn
1626 4920 1743 4970 accidisse
1755 4933 1805 4970 rem

1020 4997 1078 5047 dicit
1093 4996 1234 5060 olympiade
1247 4995 1481 5061 [quinqunemimo]
1500 4995 1584 5058 tertia,
1598 4995 1717 5048 Pindarus
1730 4995 1806 5048 crmal

1019 5077 1183 5140 temporibus,
1194 5076 1234 5126 alii
1244 5075 1386 5138 Olympiade
1397 5075 1510 5128 vicenus
1519 5076 1598 5126 tertre
