<?xml version="1.0" encoding="UTF-8"?>
<!DOCTYPE html PUBLIC "-//W3C//DTD XHTML 1.0 Transitional//EN"
    "http://www.w3.org/TR/xhtml1/DTD/xhtml1-transitional.dtd">
<html xmlns="http://www.w3.org/1999/xhtml" xml:lang="en" lang="en">
 <head>
  <title>
</title>
<meta http-equiv="Content-Type" content="text/html;charset=utf-8" />
  <meta name='ocr-system' content='tesseract 3.04.00' />
  <meta name='ocr-capabilities' content='ocr_page ocr_carea ocr_par ocr_line ocrx_word'/>
</head>
<body>
  <div class='ocr_page' id='page_1' title='image "./fragmentahistor01antgoog/fragmentahistor01antgoog_0494.png"; bbox 0 0 3930 5754; ppageno 0'>
   <div class='ocr_carea' id='block_1_1' title="bbox 873 307 1123 382">
    <p class='ocr_par' dir='ltr' id='par_1_1' title="bbox 873 307 1123 382">
     <span class='ocr_line' id='line_1_1' title="bbox 873 307 1123 382; baseline -0.02 -9"><span class='ocrx_word' id='word_1_1' title='bbox 873 307 1123 382; x_wconf 67' lang='lat' dir='ltr'>montenonis,</span> 
     </span>
    </p>
   </div>
   <div class='ocr_carea' id='block_1_2' title="bbox 1022 425 1805 606">
    <p class='ocr_par' dir='ltr' id='par_1_2' title="bbox 1022 425 1805 606">
     <span class='ocr_line' id='line_1_2' title="bbox 1061 425 1805 501; baseline -0.023 -3"><span class='ocrx_word' id='word_1_2' title='bbox 1061 444 1135 498; x_wconf 88' lang='lat' dir='ltr'>Num</span> <span class='ocrx_word' id='word_1_3' title='bbox 1159 435 1322 496; x_wconf 77' lang='lat' dir='ltr'>Naucratim</span> <span class='ocrx_word' id='word_1_4' title='bbox 1346 433 1392 488; x_wconf 89' lang='lat' dir='ltr'>hic</span> <span class='ocrx_word' id='word_1_5' title='bbox 1416 429 1492 486; x_wconf 85' lang='lat' dir='ltr'>idem</span> <span class='ocrx_word' id='word_1_6' title='bbox 1513 429 1549 484; x_wconf 84' lang='lat' dir='ltr'>ait</span> <span class='ocrx_word' id='word_1_7' title='bbox 1572 445 1636 484; x_wconf 82' lang='lat' dir='ltr'>cum</span> <span class='ocrx_word' id='word_1_8' title='bbox 1658 425 1805 501; x_wconf 76' lang='lat' dir='ltr'>Lyciacdn</span> 
     </span>
     <span class='ocr_line' id='line_1_3' title="bbox 1022 516 1661 606; baseline -0.02 -20"><span class='ocrx_word' id='word_1_9' title='bbox 1022 541 1151 606; x_wconf 80' lang='lat' dir='ltr'><strong>auctore,</strong></span> <span class='ocrx_word' id='word_1_10' title='bbox 1163 543 1266 595; x_wconf 84' lang='lat' dir='ltr'><strong>necne,</strong></span> <span class='ocrx_word' id='word_1_11' title='bbox 1282 526 1311 578; x_wconf 90' lang='lat' dir='ltr'>in</span> <span class='ocrx_word' id='word_1_12' title='bbox 1322 521 1419 578; x_wconf 81' lang='lat' dir='ltr'><strong>medio</strong></span> <span class='ocrx_word' id='word_1_13' title='bbox 1431 516 1661 592; x_wconf 83' lang='lat' dir='ltr'><strong>relinquendum.</strong></span> 
     </span>
    </p>
   </div>
   <div class='ocr_carea' id='block_1_3' title="bbox 414 468 759 535">
    <p class='ocr_par' dir='ltr' id='par_1_3' title="bbox 414 468 759 535">
     <span class='ocr_line' id='line_1_4' title="bbox 414 468 759 535; baseline -0.032 0"><span class='ocrx_word' id='word_1_14' title='bbox 414 473 506 535; x_wconf 80' lang='grc' dir='ltr'>ΠΕΡΙ</span> <span class='ocrx_word' id='word_1_15' title='bbox 529 468 759 532; x_wconf 67' lang='lat' dir='ltr'>apponunt.</span> 
     </span>
    </p>
   </div>
   <div class='ocr_carea' id='block_1_4' title="bbox 571 621 597 680">
    <p class='ocr_par' dir='ltr' id='par_1_4' title="bbox 571 621 597 680">
     <span class='ocr_line' id='line_1_5' title="bbox 571 621 597 680; baseline 0.077 -2"><span class='ocrx_word' id='word_1_16' title='bbox 571 621 597 680; x_wconf 87' lang='lat'>5.</span> 
     </span>
    </p>
   </div>
   <div class='ocr_carea' id='block_1_5' title="bbox 196 737 1820 3100">
    <p class='ocr_par' dir='ltr' id='par_1_5' title="bbox 196 737 1820 3100">
     <span class='ocr_line' id='line_1_6' title="bbox 237 737 976 821; baseline -0.016 -18"><span class='ocrx_word' id='word_1_17' title='bbox 237 747 385 804; x_wconf 80' lang='lat' dir='ltr'><strong>Athenaeus</strong></span> <span class='ocrx_word' id='word_1_18' title='bbox 398 749 463 818; x_wconf 81' lang='lat' dir='ltr'>XV,</span> <span class='ocrx_word' id='word_1_19' title='bbox 478 766 512 821; x_wconf 86' lang='lat' dir='ltr'>p.</span> <span class='ocrx_word' id='word_1_20' title='bbox 527 743 601 816; x_wconf 82' lang='lat'><strong>675,</strong></span> <span class='ocrx_word' id='word_1_21' title='bbox 612 745 635 800; x_wconf 85' lang='lat' dir='ltr'><strong>F</strong></span> <span class='ocrx_word' id='word_1_22' title='bbox 648 759 655 800; x_wconf 75' lang='grc' dir='ltr'>ε</span> <span class='ocrx_word' id='word_1_23' title='bbox 673 737 739 819; x_wconf 80' lang='grc' dir='ltr'>Περὶ</span> <span class='ocrx_word' id='word_1_24' title='bbox 754 737 781 796; x_wconf 76' lang='grc' dir='ltr'>δὲ</span> <span class='ocrx_word' id='word_1_25' title='bbox 792 743 837 796; x_wconf 83' lang='grc' dir='ltr'>τοῦ</span> <span class='ocrx_word' id='word_1_26' title='bbox 850 737 976 814; x_wconf 88' lang='grc' dir='ltr'>Ναυκρα-</span> 
     </span>
     <span class='ocr_line' id='line_1_7' title="bbox 196 822 979 914; baseline -0.017 -24"><span class='ocrx_word' id='word_1_27' title='bbox 196 831 267 890; x_wconf 87' lang='grc' dir='ltr'>τίτου</span> <span class='ocrx_word' id='word_1_28' title='bbox 283 833 426 914; x_wconf 81' lang='grc' dir='ltr'>στεφάνου,</span> <span class='ocrx_word' id='word_1_29' title='bbox 436 831 475 898; x_wconf 87' lang='grc' dir='ltr'>τίς</span> <span class='ocrx_word' id='word_1_30' title='bbox 485 833 540 888; x_wconf 86' lang='grc' dir='ltr'>ἐστι</span> <span class='ocrx_word' id='word_1_31' title='bbox 551 830 599 900; x_wconf 77' lang='grc' dir='ltr'>τήν</span> <span class='ocrx_word' id='word_1_32' title='bbox 611 828 702 899; x_wconf 84' lang='grc' dir='ltr'>άνθην,</span> <span class='ocrx_word' id='word_1_33' title='bbox 713 823 799 884; x_wconf 76' lang='grc' dir='ltr'>πολλὰ</span> <span class='ocrx_word' id='word_1_34' title='bbox 813 822 979 893; x_wconf 73' lang='grc' dir='ltr'>ἀναζητήσας</span> 
     </span>
     <span class='ocr_line' id='line_1_8' title="bbox 197 912 978 996; baseline -0.015 -18"><span class='ocrx_word' id='word_1_35' title='bbox 197 920 241 978; x_wconf 82' lang='grc' dir='ltr'>καί</span> <span class='ocrx_word' id='word_1_36' title='bbox 253 922 356 980; x_wconf 83' lang='grc' dir='ltr'>πολλῶν</span> <span class='ocrx_word' id='word_1_37' title='bbox 373 919 531 996; x_wconf 86' lang='grc' dir='ltr'>πυθόμενος,</span> <span class='ocrx_word' id='word_1_38' title='bbox 545 920 579 983; x_wconf 84' lang='grc' dir='ltr'>ῶς</span> <span class='ocrx_word' id='word_1_39' title='bbox 599 915 670 974; x_wconf 80' lang='grc' dir='ltr'>οὐδὲν</span> <span class='ocrx_word' id='word_1_40' title='bbox 686 915 839 990; x_wconf 88' lang='grc' dir='ltr'>ίμάνθανον,</span> <span class='ocrx_word' id='word_1_41' title='bbox 859 912 978 989; x_wconf 75' lang='grc' dir='ltr'>ἐνέτυχον</span> 
     </span>
     <span class='ocr_line' id='line_1_9' title="bbox 197 999 980 1089; baseline -0.014 -23"><span class='ocrx_word' id='word_1_42' title='bbox 197 1007 246 1089; x_wconf 77' lang='grc' dir='ltr'>δψέ</span> <span class='ocrx_word' id='word_1_43' title='bbox 270 1031 334 1068; x_wconf 86' lang='grc' dir='ltr'>ποτε</span> <span class='ocrx_word' id='word_1_44' title='bbox 363 1009 543 1086; x_wconf 75' lang='grc' dir='ltr'>Πολυχάρμου</span> <span class='ocrx_word' id='word_1_45' title='bbox 572 1001 754 1082; x_wconf 81' lang='grc' dir='ltr'>Ναυκρατίτου</span> <span class='ocrx_word' id='word_1_46' title='bbox 781 999 980 1079; x_wconf 73' lang='grc' dir='ltr'>ἐπιγραφομένῳ</span> 
     </span>
     <span class='ocr_line' id='line_1_10' title="bbox 199 1083 980 1176; baseline -0.014 -23"><span class='ocrx_word' id='word_1_47' title='bbox 199 1095 293 1176; x_wconf 78' lang='grc' dir='ltr'>βιθλίῳ</span> <span class='ocrx_word' id='word_1_48' title='bbox 307 1097 373 1175; x_wconf 83' lang='grc' dir='ltr'>Περὶ</span> <span class='ocrx_word' id='word_1_49' title='bbox 385 1095 546 1176; x_wconf 76' lang='grc' dir='ltr'>Ἀφροδίτης,</span> <span class='ocrx_word' id='word_1_50' title='bbox 559 1095 584 1150; x_wconf 80' lang='grc' dir='ltr'>έν</span> <span class='ocrx_word' id='word_1_51' title='bbox 595 1083 616 1172; x_wconf 77' lang='grc' dir='ltr'>ᾧ</span> <span class='ocrx_word' id='word_1_52' title='bbox 627 1091 702 1150; x_wconf 85' lang='grc' dir='ltr'>ταυτί</span> <span class='ocrx_word' id='word_1_53' title='bbox 712 1089 866 1169; x_wconf 87' lang='grc' dir='ltr'>γέγραπται·</span> <span class='ocrx_word' id='word_1_54' title='bbox 879 1113 890 1138; x_wconf 86' lang='grc' dir='ltr'>ι</span> <span class='ocrx_word' id='word_1_55' title='bbox 903 1085 980 1146; x_wconf 63' lang='lat' dir='ltr'><strong>itaet</strong></span> 
     </span>
     <span class='ocr_line' id='line_1_11' title="bbox 201 1173 980 1264; baseline -0.014 -22"><span class='ocrx_word' id='word_1_56' title='bbox 201 1183 228 1242; x_wconf 75' lang='grc' dir='ltr'>δέ</span> <span class='ocrx_word' id='word_1_57' title='bbox 243 1184 291 1255; x_wconf 82' lang='grc' dir='ltr'>τήν</span> <span class='ocrx_word' id='word_1_58' title='bbox 309 1185 400 1264; x_wconf 91' lang='grc' dir='ltr'>τρίτην</span> <span class='ocrx_word' id='word_1_59' title='bbox 411 1182 475 1260; x_wconf 86' lang='grc' dir='ltr'>πρθς</span> <span class='ocrx_word' id='word_1_60' title='bbox 497 1190 553 1248; x_wconf 88' lang='grc' dir='ltr'>ταῖς</span> <span class='ocrx_word' id='word_1_61' title='bbox 571 1179 666 1238; x_wconf 78' lang='grc' dir='ltr'>εἴκοσιν</span> <span class='ocrx_word' id='word_1_62' title='bbox 685 1177 856 1254; x_wconf 77' lang='grc' dir='ltr'>Ὀλυμπιάδα</span> <span class='ocrx_word' id='word_1_63' title='bbox 871 1179 884 1233; x_wconf 83' lang='grc' dir='ltr'>θ</span> <span class='ocrx_word' id='word_1_64' title='bbox 901 1173 980 1252; x_wconf 83' lang='grc' dir='ltr'>Ἱίρά·</span> 
     </span>
     <span class='ocr_line' id='line_1_12' title="bbox 204 1259 1811 1352; baseline -0.01 -20"><span class='ocrx_word' id='word_1_65' title='bbox 204 1295 323 1352; x_wconf 88' lang='grc' dir='ltr'>στρατος,</span> <span class='ocrx_word' id='word_1_66' title='bbox 331 1273 440 1343; x_wconf 78' lang='grc' dir='ltr'>πολίτης</span> <span class='ocrx_word' id='word_1_67' title='bbox 451 1269 586 1350; x_wconf 79' lang='grc' dir='ltr'>ἡμέτερος,</span> <span class='ocrx_word' id='word_1_68' title='bbox 598 1266 711 1346; x_wconf 71' lang='grc' dir='ltr'>ἐμπορία</span> <span class='ocrx_word' id='word_1_69' title='bbox 721 1265 855 1346; x_wconf 80' lang='grc' dir='ltr'>χρώμενος</span> <span class='ocrx_word' id='word_1_70' title='bbox 866 1263 911 1322; x_wconf 82' lang='grc' dir='ltr'>καί</span> <span class='ocrx_word' id='word_1_71' title='bbox 924 1261 981 1343; x_wconf 85' lang='grc' dir='ltr'>χῶ-</span> <span class='ocrx_word' id='word_1_72' title='bbox 1065 1265 1213 1322; x_wconf 75' lang='lat' dir='ltr'><strong>Athenaeus</strong></span> <span class='ocrx_word' id='word_1_73' title='bbox 1222 1266 1270 1333; x_wconf 87' lang='lat' dir='ltr'>IV,</span> <span class='ocrx_word' id='word_1_74' title='bbox 1281 1283 1311 1339; x_wconf 92' lang='lat' dir='ltr'>p.</span> <span class='ocrx_word' id='word_1_75' title='bbox 1326 1262 1391 1336; x_wconf 80' lang='lat'>139,</span> <span class='ocrx_word' id='word_1_76' title='bbox 1399 1265 1426 1318; x_wconf 91' lang='lat' dir='ltr'>D</span> <span class='ocrx_word' id='word_1_77' title='bbox 1441 1281 1447 1317; x_wconf 92' lang='lat'>:</span> <span class='ocrx_word' id='word_1_78' title='bbox 1463 1259 1636 1340; x_wconf 73' lang='grc' dir='ltr'>Πολυκράτης</span> <span class='ocrx_word' id='word_1_79' title='bbox 1648 1259 1674 1317; x_wconf 80' lang='grc' dir='ltr'>έν</span> <span class='ocrx_word' id='word_1_80' title='bbox 1686 1259 1740 1325; x_wconf 81' lang='grc' dir='ltr'>τοῖς</span> <span class='ocrx_word' id='word_1_81' title='bbox 1751 1261 1811 1319; x_wconf 81' lang='grc' dir='ltr'>Λα-</span> 
     </span>
     <span class='ocr_line' id='line_1_13' title="bbox 200 1346 1811 1441; baseline -0.009 -22"><span class='ocrx_word' id='word_1_82' title='bbox 200 1384 247 1441; x_wconf 92' lang='grc' dir='ltr'>ραν</span> <span class='ocrx_word' id='word_1_83' title='bbox 262 1358 362 1430; x_wconf 82' lang='grc' dir='ltr'>πολλήν</span> <span class='ocrx_word' id='word_1_84' title='bbox 372 1357 529 1438; x_wconf 82' lang='grc' dir='ltr'>περιπλέων,</span> <span class='ocrx_word' id='word_1_85' title='bbox 544 1353 685 1436; x_wconf 82' lang='grc' dir='ltr'>προσσχών</span> <span class='ocrx_word' id='word_1_86' title='bbox 700 1376 763 1411; x_wconf 88' lang='grc' dir='ltr'>ποτε</span> <span class='ocrx_word' id='word_1_87' title='bbox 777 1353 822 1411; x_wconf 79' lang='grc' dir='ltr'>καὶ</span> <span class='ocrx_word' id='word_1_88' title='bbox 835 1352 922 1432; x_wconf 74' lang='grc' dir='ltr'>Πάρῳ</span> <span class='ocrx_word' id='word_1_89' title='bbox 936 1356 982 1422; x_wconf 77' lang='grc' dir='ltr'>τῆς</span> <span class='ocrx_word' id='word_1_90' title='bbox 1026 1352 1145 1418; x_wconf 83' lang='grc' dir='ltr'>κωνικοῖς</span> <span class='ocrx_word' id='word_1_91' title='bbox 1159 1353 1274 1428; x_wconf 85' lang='grc' dir='ltr'>ίστοριῑ,</span> <span class='ocrx_word' id='word_1_92' title='bbox 1289 1348 1329 1406; x_wconf 84' lang='grc' dir='ltr'>δτι</span> <span class='ocrx_word' id='word_1_93' title='bbox 1339 1347 1386 1419; x_wconf 76' lang='grc' dir='ltr'>τήν</span> <span class='ocrx_word' id='word_1_94' title='bbox 1402 1346 1448 1424; x_wconf 79' lang='grc' dir='ltr'>μὲν</span> <span class='ocrx_word' id='word_1_95' title='bbox 1456 1350 1508 1406; x_wconf 90' lang='grc' dir='ltr'>τῶν</span> <span class='ocrx_word' id='word_1_96' title='bbox 1515 1347 1671 1408; x_wconf 82' lang='grc' dir='ltr'>Ὑακινθίων</span> <span class='ocrx_word' id='word_1_97' title='bbox 1681 1347 1771 1406; x_wconf 82' lang='grc' dir='ltr'>θυσίαν</span> <span class='ocrx_word' id='word_1_98' title='bbox 1786 1349 1811 1406; x_wconf 74' lang='grc' dir='ltr'>οἱ</span> 
     </span>
     <span class='ocr_line' id='line_1_14' title="bbox 201 1435 1811 1527; baseline -0.009 -20"><span class='ocrx_word' id='word_1_99' title='bbox 201 1448 324 1527; x_wconf 81' lang='grc' dir='ltr'>Κάπρου,</span> <span class='ocrx_word' id='word_1_100' title='bbox 337 1447 500 1524; x_wconf 87' lang='grc' dir='ltr'>άγαλμάτιον</span> <span class='ocrx_word' id='word_1_101' title='bbox 514 1442 664 1522; x_wconf 77' lang='grc' dir='ltr'>Ἀφροδίτης</span> <span class='ocrx_word' id='word_1_102' title='bbox 676 1443 858 1515; x_wconf 80' lang='grc' dir='ltr'>σπιθαμιαῖον,</span> <span class='ocrx_word' id='word_1_103' title='bbox 873 1439 981 1518; x_wconf 80' lang='grc' dir='ltr'>ἀρχαῖον</span> <span class='ocrx_word' id='word_1_104' title='bbox 1027 1441 1149 1506; x_wconf 80' lang='grc' dir='ltr'>Λάκωνες</span> <span class='ocrx_word' id='word_1_105' title='bbox 1163 1438 1207 1498; x_wconf 72' lang='lat' dir='ltr'>tat</span> <span class='ocrx_word' id='word_1_106' title='bbox 1217 1438 1285 1518; x_wconf 80' lang='grc' dir='ltr'>τρεῖς</span> <span class='ocrx_word' id='word_1_107' title='bbox 1296 1436 1396 1515; x_wconf 72' lang='grc' dir='ltr'>ἡμέρας</span> <span class='ocrx_word' id='word_1_108' title='bbox 1408 1439 1573 1508; x_wconf 82' lang='grc' dir='ltr'>συντελοῦσι,</span> <span class='ocrx_word' id='word_1_109' title='bbox 1589 1435 1636 1494; x_wconf 78' lang='grc' dir='ltr'>καί</span> <span class='ocrx_word' id='word_1_110' title='bbox 1648 1435 1690 1494; x_wconf 82' lang='grc' dir='ltr'>διδ</span> <span class='ocrx_word' id='word_1_111' title='bbox 1704 1435 1735 1494; x_wconf 86' lang='grc' dir='ltr'>τδ</span> <span class='ocrx_word' id='word_1_112' title='bbox 1746 1437 1811 1494; x_wconf 88' lang='grc' dir='ltr'>πέν·</span> 
     </span>
     <span class='ocr_line' id='line_1_15' title="bbox 198 1523 1813 1614; baseline -0.007 -21"><span class='ocrx_word' id='word_1_113' title='bbox 198 1540 232 1607; x_wconf 79' lang='grc' dir='ltr'>τῆ</span> <span class='ocrx_word' id='word_1_114' title='bbox 248 1535 342 1614; x_wconf 82' lang='grc' dir='ltr'>τέχνῃ,</span> <span class='ocrx_word' id='word_1_115' title='bbox 356 1533 536 1611; x_wconf 82' lang='grc' dir='ltr'>ὠνησάμενος,</span> <span class='ocrx_word' id='word_1_116' title='bbox 553 1531 595 1610; x_wconf 82' lang='grc' dir='ltr'>ᾔει</span> <span class='ocrx_word' id='word_1_117' title='bbox 607 1530 691 1610; x_wconf 82' lang='grc' dir='ltr'>ιρέρων</span> <span class='ocrx_word' id='word_1_118' title='bbox 710 1531 745 1594; x_wconf 87' lang='grc' dir='ltr'>είς</span> <span class='ocrx_word' id='word_1_119' title='bbox 756 1525 802 1597; x_wconf 77' lang='grc' dir='ltr'>τήν</span> <span class='ocrx_word' id='word_1_120' title='bbox 820 1525 981 1606; x_wconf 85' lang='grc' dir='ltr'>Ναύκρατιν.</span> <span class='ocrx_word' id='word_1_121' title='bbox 1028 1534 1069 1594; x_wconf 89' lang='grc' dir='ltr'>θος</span> <span class='ocrx_word' id='word_1_122' title='bbox 1083 1527 1113 1587; x_wconf 87' lang='grc' dir='ltr'>τὸ</span> <span class='ocrx_word' id='word_1_123' title='bbox 1122 1525 1259 1605; x_wconf 82' lang='grc' dir='ltr'>γενόμενον</span> <span class='ocrx_word' id='word_1_124' title='bbox 1270 1523 1331 1603; x_wconf 82' lang='grc' dir='ltr'>πιρλ</span> <span class='ocrx_word' id='word_1_125' title='bbox 1344 1523 1387 1582; x_wconf 75' lang='lat' dir='ltr'>ds</span> <span class='ocrx_word' id='word_1_126' title='bbox 1398 1523 1537 1584; x_wconf 85' lang='grc' dir='ltr'>Ὑάκινθον</span> <span class='ocrx_word' id='word_1_127' title='bbox 1551 1523 1609 1583; x_wconf 80' lang='grc' dir='ltr'>οὔτε</span> <span class='ocrx_word' id='word_1_128' title='bbox 1623 1527 1813 1600; x_wconf 76' lang='grc' dir='ltr'>στεφανοῦνται</span> 
     </span>
     <span class='ocr_line' id='line_1_16' title="bbox 199 1599 1813 1702; baseline -0.008 -21"><span class='ocrx_word' id='word_1_129' title='bbox 199 1599 254 1681; x_wconf 78' lang='grc' dir='ltr'>Ιίαί</span> <span class='ocrx_word' id='word_1_130' title='bbox 265 1601 335 1702; x_wconf 65' lang='grc' dir='ltr'>αὐτῷ</span> <span class='ocrx_word' id='word_1_131' title='bbox 346 1623 457 1692; x_wconf 83' lang='grc' dir='ltr'>πλησίον</span> <span class='ocrx_word' id='word_1_132' title='bbox 467 1617 601 1700; x_wconf 72' lang='grc' dir='ltr'>φερομένῳ)</span> <span class='ocrx_word' id='word_1_133' title='bbox 607 1621 652 1688; x_wconf 76' lang='grc' dir='ltr'>τῆς</span> <span class='ocrx_word' id='word_1_134' title='bbox 663 1617 806 1693; x_wconf 78' lang='grc' dir='ltr'>Αἰγύπτου,</span> <span class='ocrx_word' id='word_1_135' title='bbox 817 1615 873 1675; x_wconf 79' lang='grc' dir='ltr'>ἔπαλ</span> <span class='ocrx_word' id='word_1_136' title='bbox 882 1610 983 1694; x_wconf 80' lang='grc' dir='ltr'>χειμὼν</span> <span class='ocrx_word' id='word_1_137' title='bbox 1028 1617 1070 1676; x_wconf 75' lang='grc' dir='ltr'>ἐπὶ</span> <span class='ocrx_word' id='word_1_138' title='bbox 1079 1624 1131 1682; x_wconf 89' lang='grc' dir='ltr'>τοῖς</span> <span class='ocrx_word' id='word_1_139' title='bbox 1142 1613 1252 1681; x_wconf 79' lang='grc' dir='ltr'>δείπνοις</span> <span class='ocrx_word' id='word_1_140' title='bbox 1261 1612 1319 1672; x_wconf 83' lang='grc' dir='ltr'>οὔτε</span> <span class='ocrx_word' id='word_1_141' title='bbox 1330 1611 1408 1693; x_wconf 83' lang='grc' dir='ltr'>άρτον</span> <span class='ocrx_word' id='word_1_142' title='bbox 1419 1611 1591 1692; x_wconf 71' lang='grc' dir='ltr'>εἰσφέρουσιν,</span> <span class='ocrx_word' id='word_1_143' title='bbox 1604 1611 1672 1670; x_wconf 80' lang='grc' dir='ltr'>άλλδ</span> <span class='ocrx_word' id='word_1_144' title='bbox 1682 1610 1813 1688; x_wconf 83' lang='grc' dir='ltr'>πέμματα</span> 
     </span>
     <span class='ocr_line' id='line_1_17' title="bbox 200 1692 1813 1786; baseline -0.008 -22"><span class='ocrx_word' id='word_1_145' title='bbox 200 1708 326 1786; x_wconf 82' lang='grc' dir='ltr'>αίρνίδιον</span> <span class='ocrx_word' id='word_1_146' title='bbox 344 1707 455 1766; x_wconf 79' lang='grc' dir='ltr'>ἐπέπεσε</span> <span class='ocrx_word' id='word_1_147' title='bbox 469 1705 515 1765; x_wconf 83' lang='grc' dir='ltr'>καί</span> <span class='ocrx_word' id='word_1_148' title='bbox 528 1704 638 1764; x_wconf 77' lang='grc' dir='ltr'>συνιδεῖν</span> <span class='ocrx_word' id='word_1_149' title='bbox 660 1706 707 1762; x_wconf 89' lang='grc' dir='ltr'>οὐκ</span> <span class='ocrx_word' id='word_1_150' title='bbox 721 1694 753 1775; x_wconf 79' lang='grc' dir='ltr'>ήν</span> <span class='ocrx_word' id='word_1_151' title='bbox 768 1701 833 1760; x_wconf 78' lang='grc' dir='ltr'>ὅπου</span> <span class='ocrx_word' id='word_1_152' title='bbox 846 1704 893 1778; x_wconf 79' lang='grc' dir='ltr'>γῆς</span> <span class='ocrx_word' id='word_1_153' title='bbox 908 1692 983 1772; x_wconf 76' lang='grc' dir='ltr'>ἦσαν,</span> <span class='ocrx_word' id='word_1_154' title='bbox 1028 1705 1073 1764; x_wconf 69' lang='grc' dir='ltr'>χοὶ</span> <span class='ocrx_word' id='word_1_155' title='bbox 1085 1703 1117 1762; x_wconf 65' lang='grc' dir='ltr'>τὰ</span> <span class='ocrx_word' id='word_1_156' title='bbox 1138 1703 1237 1769; x_wconf 67' lang='grc' dir='ltr'>τούτοις</span> <span class='ocrx_word' id='word_1_157' title='bbox 1253 1703 1381 1762; x_wconf 71' lang='grc' dir='ltr'>ἀκόλουθα</span> <span class='ocrx_word' id='word_1_158' title='bbox 1394 1699 1511 1772; x_wconf 81' lang='grc' dir='ltr'>διδόοοι,</span> <span class='ocrx_word' id='word_1_159' title='bbox 1525 1699 1571 1760; x_wconf 75' lang='grc' dir='ltr'>χοὶ</span> <span class='ocrx_word' id='word_1_160' title='bbox 1590 1699 1633 1758; x_wconf 75' lang='grc' dir='ltr'>τὸν</span> <span class='ocrx_word' id='word_1_161' title='bbox 1648 1703 1682 1767; x_wconf 76' lang='grc' dir='ltr'>οἷς</span> <span class='ocrx_word' id='word_1_162' title='bbox 1696 1699 1740 1759; x_wconf 79' lang='grc' dir='ltr'>τὸν</span> <span class='ocrx_word' id='word_1_163' title='bbox 1756 1700 1813 1758; x_wconf 76' lang='grc' dir='ltr'>θεὸν</span> 
     </span>
     <span class='ocr_line' id='line_1_18' title="bbox 200 1787 1813 1873; baseline -0.004 -21"><span class='ocrx_word' id='word_1_164' title='bbox 200 1795 344 1873; x_wconf 68' lang='grc' dir='ltr'>κατέφυγον</span> <span class='ocrx_word' id='word_1_165' title='bbox 355 1795 468 1861; x_wconf 73' lang='grc' dir='ltr'>ἅπαντες</span> <span class='ocrx_word' id='word_1_166' title='bbox 480 1794 523 1853; x_wconf 72' lang='grc' dir='ltr'>ἰπὶ</span> <span class='ocrx_word' id='word_1_167' title='bbox 534 1791 565 1851; x_wconf 69' lang='grc' dir='ltr'>τὸ</span> <span class='ocrx_word' id='word_1_168' title='bbox 574 1797 619 1862; x_wconf 68' lang='grc' dir='ltr'>τῆς</span> <span class='ocrx_word' id='word_1_169' title='bbox 630 1791 780 1871; x_wconf 69' lang='grc' dir='ltr'>’Ᾱφρῦδίτης</span> <span class='ocrx_word' id='word_1_170' title='bbox 793 1790 915 1868; x_wconf 70' lang='grc' dir='ltr'>ἄγαλμα,</span> <span class='ocrx_word' id='word_1_171' title='bbox 932 1787 984 1846; x_wconf 73' lang='grc' dir='ltr'>σώ-</span> <span class='ocrx_word' id='word_1_172' title='bbox 1029 1801 1129 1852; x_wconf 72' lang='grc' dir='ltr'>παιθνα</span> <span class='ocrx_word' id='word_1_173' title='bbox 1142 1794 1188 1852; x_wconf 82' lang='grc' dir='ltr'>οὐκ</span> <span class='ocrx_word' id='word_1_174' title='bbox 1203 1792 1319 1871; x_wconf 74' lang='grc' dir='ltr'>ᾅδουσιν,</span> <span class='ocrx_word' id='word_1_175' title='bbox 1335 1789 1388 1848; x_wconf 80' lang='grc' dir='ltr'>οὔτ’</span> <span class='ocrx_word' id='word_1_176' title='bbox 1407 1789 1472 1848; x_wconf 78' lang='lat' dir='ltr'>dits</span> <span class='ocrx_word' id='word_1_177' title='bbox 1486 1812 1511 1848; x_wconf 88' lang='grc' dir='ltr'>τι</span> <span class='ocrx_word' id='word_1_178' title='bbox 1525 1795 1640 1848; x_wconf 82' lang='grc' dir='ltr'>τοιοῦτον</span> <span class='ocrx_word' id='word_1_179' title='bbox 1662 1787 1813 1868; x_wconf 84' lang='grc' dir='ltr'>εῑσάγουσιν</span> 
     </span>
     <span class='ocr_line' id='line_1_19' title="bbox 200 1872 1814 1958; baseline -0.012 -6"><span class='ocrx_word' id='word_1_180' title='bbox 200 1886 252 1951; x_wconf 68' lang='grc' dir='ltr'>ίῑῑν</span> <span class='ocrx_word' id='word_1_181' title='bbox 264 1882 357 1951; x_wconf 64' lang='grc' dir='ltr'>αὐτοὺς</span> <span class='ocrx_word' id='word_1_182' title='bbox 366 1883 448 1954; x_wconf 62' lang='grc' dir='ltr'>αὐτὴν</span> <span class='ocrx_word' id='word_1_183' title='bbox 465 1879 675 1957; x_wconf 49' lang='lat' dir='ltr'>&amp;imvm-‘1133</span> <span class='ocrx_word' id='word_1_184' title='bbox 687 1879 742 1946; x_wconf 68' lang='grc' dir='ltr'>θῑθς</span> <span class='ocrx_word' id='word_1_185' title='bbox 759 1876 919 1958; x_wconf 52' lang='lat' dir='ltr'>(immittit</span> <span class='ocrx_word' id='word_1_186' title='bbox 934 1875 984 1958; x_wconf 74' lang='grc' dir='ltr'>Υθρ</span> <span class='ocrx_word' id='word_1_187' title='bbox 1029 1881 1111 1953; x_wconf 82' lang='grc' dir='ltr'>οὐδὲν,</span> <span class='ocrx_word' id='word_1_188' title='bbox 1125 1879 1243 1958; x_wconf 90' lang='grc' dir='ltr'>καθάπερ</span> <span class='ocrx_word' id='word_1_189' title='bbox 1259 1879 1285 1936; x_wconf 80' lang='grc' dir='ltr'>ἐν</span> <span class='ocrx_word' id='word_1_190' title='bbox 1297 1885 1354 1944; x_wconf 86' lang='grc' dir='ltr'>ταῖς</span> <span class='ocrx_word' id='word_1_191' title='bbox 1368 1875 1460 1944; x_wconf 70' lang='grc' dir='ltr'>ἄλλοις</span> <span class='ocrx_word' id='word_1_192' title='bbox 1476 1875 1578 1944; x_wconf 83' lang='grc' dir='ltr'>θυσίαις</span> <span class='ocrx_word' id='word_1_193' title='bbox 1591 1879 1723 1934; x_wconf 64' lang='grc' dir='ltr'>ποιοῦσιν</span> <span class='ocrx_word' id='word_1_194' title='bbox 1743 1872 1814 1933; x_wconf 75' lang='grc' dir='ltr'>ἀλλὰ</span> 
     </span>
     <span class='ocr_line' id='line_1_20' title="bbox 200 1960 1814 2050; baseline -0.003 -23"><span class='ocrx_word' id='word_1_195' title='bbox 200 1973 253 2036; x_wconf 85' lang='grc' dir='ltr'>ταῖς</span> <span class='ocrx_word' id='word_1_196' title='bbox 266 1970 458 2050; x_wconf 86' lang='grc' dir='ltr'>Ναυκρατίταις</span> <span class='ocrx_word' id='word_1_197' title='bbox 467 1960 513 2046; x_wconf 75' lang='grc' dir='ltr'>ήν)</span> <span class='ocrx_word' id='word_1_198' title='bbox 525 1965 651 2045; x_wconf 75' lang='grc' dir='ltr'>αἰφνίδιον</span> <span class='ocrx_word' id='word_1_199' title='bbox 661 1965 767 2036; x_wconf 76' lang='grc' dir='ltr'>ἐποίησε</span> <span class='ocrx_word' id='word_1_200' title='bbox 778 1965 866 2023; x_wconf 90' lang='grc' dir='ltr'>πάντα</span> <span class='ocrx_word' id='word_1_201' title='bbox 881 1963 914 2023; x_wconf 89' lang='grc' dir='ltr'>τδι</span> <span class='ocrx_word' id='word_1_202' title='bbox 930 1988 983 2022; x_wconf 87' lang='grc' dir='ltr'>πα·</span> <span class='ocrx_word' id='word_1_203' title='bbox 1030 1969 1089 2048; x_wconf 86' lang='grc' dir='ltr'>μετ’</span> <span class='ocrx_word' id='word_1_204' title='bbox 1104 1967 1221 2035; x_wconf 79' lang='grc' dir='ltr'>εὐταξίας</span> <span class='ocrx_word' id='word_1_205' title='bbox 1235 1967 1332 2037; x_wconf 81' lang='grc' dir='ltr'>πολλῆς</span> <span class='ocrx_word' id='word_1_206' title='bbox 1351 1965 1534 2036; x_wconf 87' lang='grc' dir='ltr'>δειπνήσαντες</span> <span class='ocrx_word' id='word_1_207' title='bbox 1545 1963 1714 2042; x_wconf 80' lang='grc' dir='ltr'>ἀπέρχονται.</span> <span class='ocrx_word' id='word_1_208' title='bbox 1728 1967 1773 2044; x_wconf 75' lang='grc' dir='ltr'>Τῇ</span> <span class='ocrx_word' id='word_1_209' title='bbox 1786 1961 1814 2022; x_wconf 76' lang='grc' dir='ltr'>δὲ</span> 
     </span>
     <span class='ocr_line' id='line_1_21' title="bbox 202 2049 1816 2138; baseline -0.003 -23"><span class='ocrx_word' id='word_1_210' title='bbox 202 2057 344 2134; x_wconf 85' lang='grc' dir='ltr'>ρακείμενα</span> <span class='ocrx_word' id='word_1_211' title='bbox 356 2059 423 2138; x_wconf 79' lang='grc' dir='ltr'>αὐτῇ</span> <span class='ocrx_word' id='word_1_212' title='bbox 434 2055 558 2137; x_wconf 85' lang='grc' dir='ltr'>μυρρίνας</span> <span class='ocrx_word' id='word_1_213' title='bbox 570 2049 676 2134; x_wconf 74' lang='grc' dir='ltr'>χλωρᾶς</span> <span class='ocrx_word' id='word_1_214' title='bbox 686 2053 789 2132; x_wconf 88' lang='grc' dir='ltr'>πλήρη,</span> <span class='ocrx_word' id='word_1_215' title='bbox 800 2055 880 2130; x_wconf 83' lang='grc' dir='ltr'>ὀδμῆς</span> <span class='ocrx_word' id='word_1_216' title='bbox 889 2075 918 2110; x_wconf 87' lang='grc' dir='ltr'>τε</span> <span class='ocrx_word' id='word_1_217' title='bbox 929 2052 985 2122; x_wconf 80' lang='grc' dir='ltr'>ἡδί·</span> <span class='ocrx_word' id='word_1_218' title='bbox 1031 2055 1099 2134; x_wconf 76' lang='grc' dir='ltr'>μέσῃ</span> <span class='ocrx_word' id='word_1_219' title='bbox 1112 2059 1162 2114; x_wconf 88' lang='grc' dir='ltr'>τῶν</span> <span class='ocrx_word' id='word_1_220' title='bbox 1175 2059 1253 2135; x_wconf 89' lang='grc' dir='ltr'>τριῶν</span> <span class='ocrx_word' id='word_1_221' title='bbox 1267 2055 1371 2133; x_wconf 75' lang='grc' dir='ltr'>ἡμερῶν</span> <span class='ocrx_word' id='word_1_222' title='bbox 1386 2053 1485 2132; x_wconf 85' lang='grc' dir='ltr'>γίνεται</span> <span class='ocrx_word' id='word_1_223' title='bbox 1499 2051 1544 2112; x_wconf 92' lang='grc' dir='ltr'>θέα</span> <span class='ocrx_word' id='word_1_224' title='bbox 1556 2051 1661 2123; x_wconf 89' lang='grc' dir='ltr'>ποικίλη</span> <span class='ocrx_word' id='word_1_225' title='bbox 1673 2052 1719 2112; x_wconf 83' lang='grc' dir='ltr'>καλ</span> <span class='ocrx_word' id='word_1_226' title='bbox 1730 2053 1816 2124; x_wconf 80' lang='grc' dir='ltr'>πανή-</span> 
     </span>
     <span class='ocr_line' id='line_1_22' title="bbox 203 2137 1815 2224; baseline -0.004 -20"><span class='ocrx_word' id='word_1_227' title='bbox 203 2169 266 2217; x_wconf 88' lang='grc' dir='ltr'>στης</span> <span class='ocrx_word' id='word_1_228' title='bbox 278 2145 415 2224; x_wconf 75' lang='grc' dir='ltr'>ἐπλήρωσε</span> <span class='ocrx_word' id='word_1_229' title='bbox 426 2145 473 2216; x_wconf 84' lang='grc' dir='ltr'>τήν</span> <span class='ocrx_word' id='word_1_230' title='bbox 483 2149 546 2202; x_wconf 82' lang='grc' dir='ltr'>ναῶν</span> <span class='ocrx_word' id='word_1_231' title='bbox 556 2141 608 2214; x_wconf 89' lang='grc' dir='ltr'>ήδη</span> <span class='ocrx_word' id='word_1_232' title='bbox 619 2143 773 2222; x_wconf 81' lang='grc' dir='ltr'>ἀπειρηκόσι</span> <span class='ocrx_word' id='word_1_233' title='bbox 784 2137 835 2206; x_wconf 74' lang='grc' dir='ltr'>τοῖς</span> <span class='ocrx_word' id='word_1_234' title='bbox 845 2138 986 2216; x_wconf 80' lang='grc' dir='ltr'>ἐμπλέουσι</span> <span class='ocrx_word' id='word_1_235' title='bbox 1030 2167 1100 2223; x_wconf 90' lang='grc' dir='ltr'>γυρις</span> <span class='ocrx_word' id='word_1_236' title='bbox 1115 2141 1244 2218; x_wconf 80' lang='grc' dir='ltr'>ἀξιόλογος</span> <span class='ocrx_word' id='word_1_237' title='bbox 1257 2142 1302 2201; x_wconf 89' lang='grc' dir='ltr'>καὶ</span> <span class='ocrx_word' id='word_1_238' title='bbox 1317 2139 1430 2217; x_wconf 79' lang='grc' dir='ltr'>μεγάλη,</span> <span class='ocrx_word' id='word_1_239' title='bbox 1449 2137 1547 2207; x_wconf 83' lang='grc' dir='ltr'>Παῖδές</span> <span class='ocrx_word' id='word_1_240' title='bbox 1558 2164 1586 2198; x_wconf 91' lang='grc' dir='ltr'>τε</span> <span class='ocrx_word' id='word_1_241' title='bbox 1599 2139 1649 2220; x_wconf 76' lang='grc' dir='ltr'>γάρ</span> <span class='ocrx_word' id='word_1_242' title='bbox 1664 2141 1767 2219; x_wconf 79' lang='grc' dir='ltr'>κιθαρίζ</span> <span class='ocrx_word' id='word_1_243' title='bbox 1799 2175 1815 2185; x_wconf 95' lang='grc'>-</span> 
     </span>
     <span class='ocr_line' id='line_1_23' title="bbox 202 2226 1816 2313; baseline -0.003 -22"><span class='ocrx_word' id='word_1_244' title='bbox 202 2231 251 2304; x_wconf 83' lang='grc' dir='ltr'>τήν</span> <span class='ocrx_word' id='word_1_245' title='bbox 265 2233 397 2313; x_wconf 87' lang='grc' dir='ltr'>σωτηρίαν</span> <span class='ocrx_word' id='word_1_246' title='bbox 414 2231 456 2291; x_wconf 85' lang='grc' dir='ltr'>διδ</span> <span class='ocrx_word' id='word_1_247' title='bbox 470 2231 517 2303; x_wconf 80' lang='grc' dir='ltr'>τήν</span> <span class='ocrx_word' id='word_1_248' title='bbox 539 2229 638 2300; x_wconf 80' lang='grc' dir='ltr'>πολλήν</span> <span class='ocrx_word' id='word_1_249' title='bbox 658 2229 773 2288; x_wconf 88' lang='grc' dir='ltr'>ναυτίαν.</span> <span class='ocrx_word' id='word_1_250' title='bbox 793 2226 937 2304; x_wconf 85' lang='grc' dir='ltr'>Γενομένου</span> <span class='ocrx_word' id='word_1_251' title='bbox 959 2226 986 2285; x_wconf 82' lang='grc' dir='ltr'>δὲ</span> <span class='ocrx_word' id='word_1_252' title='bbox 1032 2253 1072 2289; x_wconf 89' lang='grc' dir='ltr'>σιν</span> <span class='ocrx_word' id='word_1_253' title='bbox 1093 2235 1119 2290; x_wconf 80' lang='grc' dir='ltr'>ἐν</span> <span class='ocrx_word' id='word_1_254' title='bbox 1138 2233 1248 2310; x_wconf 80' lang='grc' dir='ltr'>χιτῶσιν</span> <span class='ocrx_word' id='word_1_255' title='bbox 1269 2228 1443 2304; x_wconf 79' lang='grc' dir='ltr'>άνεζωσμένοι</span> <span class='ocrx_word' id='word_1_256' title='bbox 1457 2228 1501 2288; x_wconf 81' lang='grc' dir='ltr'>καὶ</span> <span class='ocrx_word' id='word_1_257' title='bbox 1522 2227 1586 2308; x_wconf 82' lang='grc' dir='ltr'>πρὸς</span> <span class='ocrx_word' id='word_1_258' title='bbox 1607 2227 1685 2286; x_wconf 86' lang='grc' dir='ltr'>αιίλδν</span> <span class='ocrx_word' id='word_1_259' title='bbox 1709 2227 1816 2308; x_wconf 78' lang='grc' dir='ltr'>ᾄδοντες</span> 
     </span>
     <span class='ocr_line' id='line_1_24' title="bbox 203 2313 1816 2397; baseline -0.004 -18"><span class='ocrx_word' id='word_1_260' title='bbox 203 2320 297 2396; x_wconf 81' lang='grc' dir='ltr'>ἐμέτου</span> <span class='ocrx_word' id='word_1_261' title='bbox 310 2323 408 2379; x_wconf 76' lang='grc' dir='ltr'>πολλοῦ</span> <span class='ocrx_word' id='word_1_262' title='bbox 423 2320 467 2378; x_wconf 84' lang='grc' dir='ltr'>καὶ</span> <span class='ocrx_word' id='word_1_263' title='bbox 479 2318 555 2390; x_wconf 80' lang='grc' dir='ltr'>ἡλίου</span> <span class='ocrx_word' id='word_1_264' title='bbox 566 2317 760 2396; x_wconf 71' lang='grc' dir='ltr'>ἐκλάμψαντος,</span> <span class='ocrx_word' id='word_1_265' title='bbox 773 2315 918 2382; x_wconf 85' lang='grc' dir='ltr'>κατιδόντες</span> <span class='ocrx_word' id='word_1_266' title='bbox 929 2313 988 2381; x_wconf 84' lang='grc' dir='ltr'>τοθς</span> <span class='ocrx_word' id='word_1_267' title='bbox 1031 2319 1119 2386; x_wconf 88' lang='grc' dir='ltr'>πάσας</span> <span class='ocrx_word' id='word_1_268' title='bbox 1138 2317 1194 2396; x_wconf 78' lang='grc' dir='ltr'>ἅμα</span> <span class='ocrx_word' id='word_1_269' title='bbox 1212 2321 1250 2396; x_wconf 81' lang='grc' dir='ltr'>τῷ</span> <span class='ocrx_word' id='word_1_270' title='bbox 1263 2317 1390 2397; x_wconf 80' lang='grc' dir='ltr'>πλήκτρῳ</span> <span class='ocrx_word' id='word_1_271' title='bbox 1410 2317 1456 2382; x_wconf 70' lang='grc' dir='ltr'>τἀς</span> <span class='ocrx_word' id='word_1_272' title='bbox 1469 2316 1566 2396; x_wconf 77' lang='grc' dir='ltr'>χορδάς</span> <span class='ocrx_word' id='word_1_273' title='bbox 1588 2316 1767 2394; x_wconf 74' lang='grc' dir='ltr'>ἐπιτρέχοντες</span> <span class='ocrx_word' id='word_1_274' title='bbox 1788 2320 1816 2376; x_wconf 85' lang='grc' dir='ltr'>ἔν</span> 
     </span>
     <span class='ocr_line' id='line_1_25' title="bbox 203 2399 1817 2489; baseline -0.001 -25"><span class='ocrx_word' id='word_1_275' title='bbox 203 2407 277 2486; x_wconf 78' lang='grc' dir='ltr'>ὅρους</span> <span class='ocrx_word' id='word_1_276' title='bbox 288 2399 350 2476; x_wconf 76' lang='grc' dir='ltr'>ήκον</span> <span class='ocrx_word' id='word_1_277' title='bbox 359 2410 394 2472; x_wconf 78' lang='grc' dir='ltr'>εἰς</span> <span class='ocrx_word' id='word_1_278' title='bbox 405 2407 452 2476; x_wconf 83' lang='grc' dir='ltr'>τήν</span> <span class='ocrx_word' id='word_1_279' title='bbox 461 2405 622 2484; x_wconf 81' lang='grc' dir='ltr'>Ναύκρατιν.</span> <span class='ocrx_word' id='word_1_280' title='bbox 638 2402 910 2482; x_wconf 79' lang='grc' dir='ltr'>ΚαίθἩράστρατος,</span> <span class='ocrx_word' id='word_1_281' title='bbox 923 2401 988 2481; x_wconf 78' lang='grc' dir='ltr'>ίξορ·</span> <span class='ocrx_word' id='word_1_282' title='bbox 1033 2411 1122 2489; x_wconf 75' lang='grc' dir='ltr'>ῥυθμῷ</span> <span class='ocrx_word' id='word_1_283' title='bbox 1138 2405 1184 2482; x_wconf 77' lang='grc' dir='ltr'>μὲν</span> <span class='ocrx_word' id='word_1_284' title='bbox 1210 2405 1380 2484; x_wconf 82' lang='grc' dir='ltr'>ἀναπαίστῳ,</span> <span class='ocrx_word' id='word_1_285' title='bbox 1396 2405 1453 2479; x_wconf 87' lang='grc' dir='ltr'>μετ’</span> <span class='ocrx_word' id='word_1_286' title='bbox 1467 2405 1535 2472; x_wconf 79' lang='grc' dir='ltr'>ὀξέος</span> <span class='ocrx_word' id='word_1_287' title='bbox 1554 2403 1582 2462; x_wconf 76' lang='grc' dir='ltr'>δὲ</span> <span class='ocrx_word' id='word_1_288' title='bbox 1597 2403 1745 2475; x_wconf 82' lang='grc' dir='ltr'>τάνου,τὸν</span> <span class='ocrx_word' id='word_1_289' title='bbox 1760 2405 1817 2462; x_wconf 76' lang='grc' dir='ltr'>θεὸν</span> 
     </span>
     <span class='ocr_line' id='line_1_26' title="bbox 204 2489 1816 2574; baseline -0.001 -24"><span class='ocrx_word' id='word_1_290' title='bbox 204 2495 293 2574; x_wconf 86' lang='grc' dir='ltr'>μήσας</span> <span class='ocrx_word' id='word_1_291' title='bbox 314 2499 359 2566; x_wconf 73' lang='grc' dir='ltr'>τῆς</span> <span class='ocrx_word' id='word_1_292' title='bbox 380 2494 442 2560; x_wconf 85' lang='grc' dir='ltr'>νεὼς</span> <span class='ocrx_word' id='word_1_293' title='bbox 465 2493 533 2570; x_wconf 84' lang='grc' dir='ltr'>μετδι</span> <span class='ocrx_word' id='word_1_294' title='bbox 549 2496 593 2549; x_wconf 82' lang='grc' dir='ltr'>τοῦ</span> <span class='ocrx_word' id='word_1_295' title='bbox 613 2491 777 2570; x_wconf 83' lang='grc' dir='ltr'>ἀγάλματος,</span> <span class='ocrx_word' id='word_1_296' title='bbox 798 2489 864 2569; x_wconf 78' lang='grc' dir='ltr'>ἔχων</span> <span class='ocrx_word' id='word_1_297' title='bbox 883 2489 927 2548; x_wconf 79' lang='grc' dir='ltr'>καί</span> <span class='ocrx_word' id='word_1_298' title='bbox 943 2491 988 2557; x_wconf 71' lang='lat' dir='ltr'>nd&lt;</span> <span class='ocrx_word' id='word_1_299' title='bbox 1034 2494 1152 2574; x_wconf 73' lang='grc' dir='ltr'>ᾅδουσιν·</span> <span class='ocrx_word' id='word_1_300' title='bbox 1169 2495 1244 2552; x_wconf 78' lang='grc' dir='ltr'>ἄλλοι</span> <span class='ocrx_word' id='word_1_301' title='bbox 1258 2494 1281 2550; x_wconf 85' lang='grc' dir='ltr'>δ’</span> <span class='ocrx_word' id='word_1_302' title='bbox 1297 2494 1336 2573; x_wconf 79' lang='grc' dir='ltr'>ἐρ’</span> <span class='ocrx_word' id='word_1_303' title='bbox 1349 2491 1437 2550; x_wconf 84' lang='grc' dir='ltr'>ίππων</span> <span class='ocrx_word' id='word_1_304' title='bbox 1455 2491 1648 2568; x_wconf 85' lang='grc' dir='ltr'>κεκοσμημένοι</span> <span class='ocrx_word' id='word_1_305' title='bbox 1666 2491 1696 2550; x_wconf 82' lang='grc' dir='ltr'>πθ</span> <span class='ocrx_word' id='word_1_306' title='bbox 1708 2491 1816 2572; x_wconf 84' lang='grc' dir='ltr'>θέατρον</span> 
     </span>
     <span class='ocr_line' id='line_1_27' title="bbox 204 2577 1818 2663; baseline -0.003 -21"><span class='ocrx_word' id='word_1_307' title='bbox 204 2582 330 2663; x_wconf 84' lang='grc' dir='ltr'>αίρνίδιον</span> <span class='ocrx_word' id='word_1_308' title='bbox 343 2585 413 2662; x_wconf 82' lang='grc' dir='ltr'>αὐτῷ</span> <span class='ocrx_word' id='word_1_309' title='bbox 423 2579 597 2662; x_wconf 86' lang='grc' dir='ltr'>άναρανείσας</span> <span class='ocrx_word' id='word_1_310' title='bbox 605 2579 709 2658; x_wconf 72' lang='grc' dir='ltr'>χλωρὰς</span> <span class='ocrx_word' id='word_1_311' title='bbox 719 2579 854 2658; x_wconf 88' lang='grc' dir='ltr'>μυρρίνας,</span> <span class='ocrx_word' id='word_1_312' title='bbox 865 2577 988 2647; x_wconf 88' lang='grc' dir='ltr'>άνέθηκιν</span> <span class='ocrx_word' id='word_1_313' title='bbox 1034 2579 1222 2660; x_wconf 82' lang='grc' dir='ltr'>διεξέρχονται,</span> <span class='ocrx_word' id='word_1_314' title='bbox 1242 2581 1318 2660; x_wconf 86' lang='grc' dir='ltr'>χοροί</span> <span class='ocrx_word' id='word_1_315' title='bbox 1338 2603 1365 2638; x_wconf 90' lang='grc' dir='ltr'>τε</span> <span class='ocrx_word' id='word_1_316' title='bbox 1388 2581 1530 2639; x_wconf 80' lang='grc' dir='ltr'>νεανίσκων</span> <span class='ocrx_word' id='word_1_317' title='bbox 1550 2583 1717 2656; x_wconf 87' lang='grc' dir='ltr'>παμπληθεῖς</span> <span class='ocrx_word' id='word_1_318' title='bbox 1733 2581 1818 2659; x_wconf 84' lang='grc' dir='ltr'>εἷσέρ·</span> 
     </span>
     <span class='ocr_line' id='line_1_28' title="bbox 205 2665 1814 2750; baseline -0.002 -22"><span class='ocrx_word' id='word_1_319' title='bbox 205 2673 231 2728; x_wconf 79' lang='grc' dir='ltr'>έν</span> <span class='ocrx_word' id='word_1_320' title='bbox 246 2673 283 2750; x_wconf 81' lang='grc' dir='ltr'>τῷ</span> <span class='ocrx_word' id='word_1_321' title='bbox 293 2674 339 2741; x_wconf 77' lang='grc' dir='ltr'>τῆς</span> <span class='ocrx_word' id='word_1_322' title='bbox 346 2667 499 2748; x_wconf 80' lang='grc' dir='ltr'>Ἀφροδίτης</span> <span class='ocrx_word' id='word_1_323' title='bbox 512 2670 584 2748; x_wconf 74' lang='grc' dir='ltr'>ἱερῷ,</span> <span class='ocrx_word' id='word_1_324' title='bbox 595 2665 709 2732; x_wconf 88' lang='grc' dir='ltr'>θάσαςτε</span> <span class='ocrx_word' id='word_1_325' title='bbox 724 2671 757 2744; x_wconf 83' lang='grc' dir='ltr'>τῇ</span> <span class='ocrx_word' id='word_1_326' title='bbox 766 2669 816 2746; x_wconf 81' lang='grc' dir='ltr'>θεῷ</span> <span class='ocrx_word' id='word_1_327' title='bbox 826 2665 870 2722; x_wconf 79' lang='grc' dir='ltr'>καί</span> <span class='ocrx_word' id='word_1_328' title='bbox 887 2665 988 2732; x_wconf 79' lang='grc' dir='ltr'>ἀναθείς</span> <span class='ocrx_word' id='word_1_329' title='bbox 1033 2691 1124 2746; x_wconf 88' lang='grc' dir='ltr'>χονται</span> <span class='ocrx_word' id='word_1_330' title='bbox 1138 2669 1184 2726; x_wconf 79' lang='grc' dir='ltr'>καί</span> <span class='ocrx_word' id='word_1_331' title='bbox 1196 2671 1248 2726; x_wconf 88' lang='grc' dir='ltr'>τῶν</span> <span class='ocrx_word' id='word_1_332' title='bbox 1269 2667 1417 2747; x_wconf 79' lang='grc' dir='ltr'>ἐπιχωρίων</span> <span class='ocrx_word' id='word_1_333' title='bbox 1436 2667 1495 2726; x_wconf 89' lang='grc' dir='ltr'>τινδι</span> <span class='ocrx_word' id='word_1_334' title='bbox 1515 2667 1671 2744; x_wconf 84' lang='grc' dir='ltr'>ποιημάτων</span> <span class='ocrx_word' id='word_1_335' title='bbox 1695 2668 1814 2750; x_wconf 77' lang='grc' dir='ltr'>ᾅδουσιν,</span> 
     </span>
     <span class='ocr_line' id='line_1_29' title="bbox 204 2752 1817 2839; baseline -0.002 -23"><span class='ocrx_word' id='word_1_336' title='bbox 204 2764 237 2838; x_wconf 85' lang='grc' dir='ltr'>τῇ</span> <span class='ocrx_word' id='word_1_337' title='bbox 252 2757 390 2839; x_wconf 76' lang='grc' dir='ltr'>Ἀφροδίτῃ</span> <span class='ocrx_word' id='word_1_338' title='bbox 407 2755 531 2835; x_wconf 81' lang='grc' dir='ltr'>ἄγαλμα,</span> <span class='ocrx_word' id='word_1_339' title='bbox 549 2754 662 2821; x_wconf 85' lang='grc' dir='ltr'>καλέσας</span> <span class='ocrx_word' id='word_1_340' title='bbox 672 2779 701 2813; x_wconf 87' lang='grc' dir='ltr'>τε</span> <span class='ocrx_word' id='word_1_341' title='bbox 719 2753 765 2812; x_wconf 81' lang='grc' dir='ltr'>καί</span> <span class='ocrx_word' id='word_1_342' title='bbox 777 2753 816 2836; x_wconf 78' lang='grc' dir='ltr'>ἐφ’</span> <span class='ocrx_word' id='word_1_343' title='bbox 834 2752 949 2812; x_wconf 78' lang='grc' dir='ltr'>ἑστίασιν</span> <span class='ocrx_word' id='word_1_344' title='bbox 963 2756 989 2812; x_wconf 82' lang='grc' dir='ltr'>έν</span> <span class='ocrx_word' id='word_1_345' title='bbox 1035 2755 1164 2834; x_wconf 83' lang='grc' dir='ltr'>ὀρχησταί</span> <span class='ocrx_word' id='word_1_346' title='bbox 1193 2779 1220 2814; x_wconf 88' lang='grc' dir='ltr'>τε</span> <span class='ocrx_word' id='word_1_347' title='bbox 1241 2758 1266 2814; x_wconf 85' lang='grc' dir='ltr'>έν</span> <span class='ocrx_word' id='word_1_348' title='bbox 1290 2755 1388 2824; x_wconf 79' lang='grc' dir='ltr'>τούτοις</span> <span class='ocrx_word' id='word_1_349' title='bbox 1411 2755 1619 2833; x_wconf 81' lang='grc' dir='ltr'>ἀναμεμιγμένοι</span> <span class='ocrx_word' id='word_1_350' title='bbox 1642 2755 1689 2826; x_wconf 82' lang='grc' dir='ltr'>τήν</span> <span class='ocrx_word' id='word_1_351' title='bbox 1714 2757 1817 2827; x_wconf 85' lang='grc' dir='ltr'>κίνησιν</span> 
     </span>
     <span class='ocr_line' id='line_1_30' title="bbox 206 2841 1819 2926; baseline -0.002 -23"><span class='ocrx_word' id='word_1_352' title='bbox 206 2850 277 2926; x_wconf 85' lang='grc' dir='ltr'>αὐτῷ</span> <span class='ocrx_word' id='word_1_353' title='bbox 287 2849 325 2926; x_wconf 80' lang='grc' dir='ltr'>τῷ</span> <span class='ocrx_word' id='word_1_354' title='bbox 337 2849 399 2926; x_wconf 84' lang='grc' dir='ltr'>ίερῷ</span> <span class='ocrx_word' id='word_1_355' title='bbox 412 2842 471 2910; x_wconf 76' lang='grc' dir='ltr'>τοὺς</span> <span class='ocrx_word' id='word_1_356' title='bbox 487 2841 722 2925; x_wconf 74' lang='grc' dir='ltr'>προσήκοντοςκαὶ</span> <span class='ocrx_word' id='word_1_357' title='bbox 734 2841 792 2908; x_wconf 77' lang='grc' dir='ltr'>τοὺς</span> <span class='ocrx_word' id='word_1_358' title='bbox 808 2842 990 2915; x_wconf 77' lang='grc' dir='ltr'>οἰκειοτάτους,</span> <span class='ocrx_word' id='word_1_359' title='bbox 1036 2843 1166 2922; x_wconf 79' lang='grc' dir='ltr'>άρχαίκήν</span> <span class='ocrx_word' id='word_1_360' title='bbox 1179 2841 1229 2902; x_wconf 83' lang='grc' dir='ltr'>θπδ</span> <span class='ocrx_word' id='word_1_361' title='bbox 1243 2843 1287 2902; x_wconf 80' lang='grc' dir='ltr'>τὸν</span> <span class='ocrx_word' id='word_1_362' title='bbox 1302 2843 1381 2902; x_wconf 86' lang='grc' dir='ltr'>αὖλθν</span> <span class='ocrx_word' id='word_1_363' title='bbox 1393 2843 1439 2901; x_wconf 81' lang='grc' dir='ltr'>καὶ</span> <span class='ocrx_word' id='word_1_364' title='bbox 1450 2843 1498 2914; x_wconf 79' lang='grc' dir='ltr'>τήν</span> <span class='ocrx_word' id='word_1_365' title='bbox 1509 2842 1580 2924; x_wconf 80' lang='grc' dir='ltr'>ᾠδήν</span> <span class='ocrx_word' id='word_1_366' title='bbox 1595 2848 1740 2903; x_wconf 79' lang='grc' dir='ltr'>ποιοῦνται.</span> <span class='ocrx_word' id='word_1_367' title='bbox 1755 2845 1819 2902; x_wconf 87' lang='grc' dir='ltr'>Τῶν</span> 
     </span>
     <span class='ocr_line' id='line_1_31' title="bbox 208 2929 1820 3013; baseline -0.004 -21"><span class='ocrx_word' id='word_1_368' title='bbox 208 2934 303 2994; x_wconf 83' lang='grc' dir='ltr'>έδωκεν</span> <span class='ocrx_word' id='word_1_369' title='bbox 314 2932 417 3012; x_wconf 80' lang='grc' dir='ltr'>ἑκάστῳ</span> <span class='ocrx_word' id='word_1_370' title='bbox 430 2932 476 2990; x_wconf 80' lang='grc' dir='ltr'>καί</span> <span class='ocrx_word' id='word_1_371' title='bbox 492 2931 618 3013; x_wconf 86' lang='grc' dir='ltr'>στέρανον</span> <span class='ocrx_word' id='word_1_372' title='bbox 637 2933 668 2989; x_wconf 80' lang='grc' dir='ltr'>ἐκ</span> <span class='ocrx_word' id='word_1_373' title='bbox 683 2935 729 3001; x_wconf 80' lang='grc' dir='ltr'>τῆς</span> <span class='ocrx_word' id='word_1_374' title='bbox 751 2930 888 3010; x_wconf 89' lang='grc' dir='ltr'>μυρρίνης,</span> <span class='ocrx_word' id='word_1_375' title='bbox 906 2929 933 2988; x_wconf 87' lang='grc' dir='ltr'>δν</span> <span class='ocrx_word' id='word_1_376' title='bbox 945 2931 989 2988; x_wconf 89' lang='grc' dir='ltr'>καί</span> <span class='ocrx_word' id='word_1_377' title='bbox 1036 2929 1062 2989; x_wconf 86' lang='grc' dir='ltr'>δέ</span> <span class='ocrx_word' id='word_1_378' title='bbox 1076 2930 1210 3010; x_wconf 85' lang='grc' dir='ltr'>παρθένων</span> <span class='ocrx_word' id='word_1_379' title='bbox 1221 2935 1248 2989; x_wconf 83' lang='grc' dir='ltr'>αἱ</span> <span class='ocrx_word' id='word_1_380' title='bbox 1261 2929 1308 3008; x_wconf 80' lang='grc' dir='ltr'>μὲν</span> <span class='ocrx_word' id='word_1_381' title='bbox 1321 2931 1364 2990; x_wconf 78' lang='grc' dir='ltr'>ἐπὶ</span> <span class='ocrx_word' id='word_1_382' title='bbox 1376 2929 1522 3010; x_wconf 80' lang='grc' dir='ltr'>κανάθρων,</span> <span class='ocrx_word' id='word_1_383' title='bbox 1535 2933 1699 3010; x_wconf 87' lang='grc' dir='ltr'>καμαρωτῶν</span> <span class='ocrx_word' id='word_1_384' title='bbox 1711 2929 1820 2998; x_wconf 78' lang='grc' dir='ltr'>ξυλίνων</span> 
     </span>
     <span class='ocr_line' id='line_1_32' title="bbox 204 3009 1819 3100; baseline 0 -22"><span class='ocrx_word' id='word_1_385' title='bbox 204 3019 265 3078; x_wconf 83' lang='grc' dir='ltr'>τότε</span> <span class='ocrx_word' id='word_1_386' title='bbox 277 3021 385 3079; x_wconf 80' lang='grc' dir='ltr'>ἐκάλεσε</span> <span class='ocrx_word' id='word_1_387' title='bbox 404 3019 599 3098; x_wconf 85' lang='grc' dir='ltr'>Ναυκρατίτην.</span> <span class='ocrx_word' id='word_1_388' title='bbox 616 3046 629 3070; x_wconf 79' lang='lat'>1·</span> <span class='ocrx_word' id='word_1_389' title='bbox 645 3017 680 3078; x_wconf 86' lang='lat' dir='ltr'>‘O</span> <span class='ocrx_word' id='word_1_390' title='bbox 694 3021 742 3096; x_wconf 80' lang='grc' dir='ltr'>μὲν</span> <span class='ocrx_word' id='word_1_391' title='bbox 753 3009 797 3077; x_wconf 71' lang='grc' dir='ltr'>οὖν</span> <span class='ocrx_word' id='word_1_392' title='bbox 815 3017 991 3099; x_wconf 78' lang='grc' dir='ltr'>Πολύχαρμος</span> <span class='ocrx_word' id='word_1_393' title='bbox 1037 3017 1175 3098; x_wconf 74' lang='grc' dir='ltr'>’άρμάτωη</span> <span class='ocrx_word' id='word_1_394' title='bbox 1196 3019 1317 3100; x_wconf 77' lang='grc' dir='ltr'>φέρονται</span> <span class='ocrx_word' id='word_1_395' title='bbox 1336 3021 1484 3086; x_wconf 87' lang='grc' dir='ltr'>πολυτελῶς</span> <span class='ocrx_word' id='word_1_396' title='bbox 1503 3017 1766 3096; x_wconf 86' lang='grc' dir='ltr'>κατεσκευασμένων,</span> <span class='ocrx_word' id='word_1_397' title='bbox 1789 3022 1819 3078; x_wconf 83' lang='grc' dir='ltr'>αἱ</span> 
     </span>
    </p>
   </div>
   <div class='ocr_carea' id='block_1_6' title="bbox 1335 743 1500 767">
    <p class='ocr_par' dir='ltr' id='par_1_6' title="bbox 1335 743 1500 767">
     <span class='ocr_line' id='line_1_33' title="bbox 1335 743 1500 767; baseline 0 -2"><span class='ocrx_word' id='word_1_398' title='bbox 1335 743 1500 767; x_wconf 49' lang='lat' dir='ltr'>*oc-</span> 
     </span>
    </p>
   </div>
   <div class='ocr_carea' id='block_1_7' title="bbox 1229 923 1602 1179">
    <p class='ocr_par' dir='ltr' id='par_1_7' title="bbox 1229 923 1602 1179">
     <span class='ocr_line' id='line_1_34' title="bbox 1229 923 1602 1016; baseline -0.013 -2"><span class='ocrx_word' id='word_1_399' title='bbox 1229 923 1602 1016; x_wconf 80' lang='lat' dir='ltr'>POLYCRATES.</span> 
     </span>
     <span class='ocr_line' id='line_1_35' title="bbox 1306 1118 1519 1179; baseline -0.014 -1"><span class='ocrx_word' id='word_1_400' title='bbox 1306 1118 1519 1179; x_wconf 74' lang='lat' dir='ltr'>ennomus.</span> 
     </span>
    </p>
   </div>
   <div class='ocr_carea' id='block_1_8' title="bbox 205 3110 301 3165">
    <p class='ocr_par' dir='ltr' id='par_1_8' title="bbox 205 3110 301 3165">
     <span class='ocr_line' id='line_1_36' title="bbox 205 3110 301 3165; baseline 0.01 -1"><span class='ocrx_word' id='word_1_401' title='bbox 205 3110 301 3165; x_wconf 84' lang='grc' dir='ltr'>ταῦτα.</span> 
     </span>
    </p>
   </div>
   <div class='ocr_carea' id='block_1_9' title="bbox 478 3277 715 3462">
    <p class='ocr_par' dir='ltr' id='par_1_9' title="bbox 478 3277 715 3462">
     <span class='ocr_line' id='line_1_37' title="bbox 583 3277 609 3326; baseline 0 0"><span class='ocrx_word' id='word_1_402' title='bbox 583 3277 609 3326; x_wconf 88' lang='lat'>5.</span> 
     </span>
     <span class='ocr_line' id='line_1_38' title="bbox 478 3401 715 3462; baseline -0.004 0"><span class='ocrx_word' id='word_1_403' title='bbox 478 3401 530 3462; x_wconf 90' lang='lat' dir='ltr'>DE</span> <span class='ocrx_word' id='word_1_404' title='bbox 553 3402 715 3462; x_wconf 78' lang='lat' dir='ltr'>VENERE.</span> 
     </span>
    </p>
   </div>
   <div class='ocr_carea' id='block_1_10' title="bbox 1043 3105 1821 3187">
    <p class='ocr_par' dir='ltr' id='par_1_10' title="bbox 1043 3105 1821 3187">
     <span class='ocr_line' id='line_1_39' title="bbox 1043 3105 1821 3187; baseline 0 -23"><span class='ocrx_word' id='word_1_405' title='bbox 1043 3106 1065 3164; x_wconf 82' lang='grc' dir='ltr'>δ’</span> <span class='ocrx_word' id='word_1_406' title='bbox 1083 3107 1122 3186; x_wconf 77' lang='grc' dir='ltr'>ἐρ’</span> <span class='ocrx_word' id='word_1_407' title='bbox 1140 3105 1263 3183; x_wconf 79' lang='grc' dir='ltr'>ἇμίλλαις</span> <span class='ocrx_word' id='word_1_408' title='bbox 1279 3109 1289 3170; x_wconf 86' lang='grc' dir='ltr'>ί</span> <span class='ocrx_word' id='word_1_409' title='bbox 1296 3107 1322 3174; x_wconf 64' lang='lat' dir='ltr'>li</span> <span class='ocrx_word' id='word_1_410' title='bbox 1343 3106 1455 3184; x_wconf 74' lang='grc' dir='ltr'>ἁμίλλης</span> <span class='ocrx_word' id='word_1_411' title='bbox 1467 3107 1656 3187; x_wconf 74' lang='grc' dir='ltr'>ἐρ’ίΡτυΠστ.</span> <span class='ocrx_word' id='word_1_412' title='bbox 1678 3109 1715 3164; x_wconf 83' lang='lat' dir='ltr'>ud</span> <span class='ocrx_word' id='word_1_413' title='bbox 1735 3107 1821 3164; x_wconf 84' lang='lat' dir='ltr'><strong>Polc-</strong></span> 
     </span>
    </p>
   </div>
   <div class='ocr_carea' id='block_1_11' title="bbox 1035 3272 1823 3492">
    <p class='ocr_par' dir='ltr' id='par_1_11' title="bbox 1035 3272 1823 3492">
     <span class='ocr_line' id='line_1_40' title="bbox 1038 3272 1823 3337; baseline 0.001 -17"><span class='ocrx_word' id='word_1_414' title='bbox 1038 3273 1224 3336; x_wconf 80' lang='lat' dir='ltr'><strong>convocatisque</strong></span> <span class='ocrx_word' id='word_1_415' title='bbox 1233 3273 1264 3322; x_wconf 89' lang='lat' dir='ltr'>ad</span> <span class='ocrx_word' id='word_1_416' title='bbox 1273 3273 1372 3335; x_wconf 85' lang='lat' dir='ltr'><strong>epulum</strong></span> <span class='ocrx_word' id='word_1_417' title='bbox 1381 3272 1405 3321; x_wconf 90' lang='lat' dir='ltr'>iu</span> <span class='ocrx_word' id='word_1_418' title='bbox 1414 3273 1464 3334; x_wconf 82' lang='lat' dir='ltr'>ipso</span> <span class='ocrx_word' id='word_1_419' title='bbox 1474 3275 1564 3336; x_wconf 80' lang='lat' dir='ltr'><strong>tempto</strong></span> <span class='ocrx_word' id='word_1_420' title='bbox 1573 3273 1711 3337; x_wconf 80' lang='lat' dir='ltr'><strong>propinquis</strong></span> <span class='ocrx_word' id='word_1_421' title='bbox 1719 3277 1742 3323; x_wconf 90' lang='lat' dir='ltr'><strong>et</strong></span> <span class='ocrx_word' id='word_1_422' title='bbox 1751 3273 1823 3322; x_wconf 84' lang='lat' dir='ltr'>tami-</span> 
     </span>
     <span class='ocr_line' id='line_1_41' title="bbox 1035 3349 1823 3414; baseline 0.006 -17"><span class='ocrx_word' id='word_1_423' title='bbox 1035 3349 1269 3409; x_wconf 83' lang='lat' dir='ltr'>itaribus‚mranam</span> <span class='ocrx_word' id='word_1_424' title='bbox 1282 3351 1369 3412; x_wconf 88' lang='lat' dir='ltr'><strong>cuique</strong></span> <span class='ocrx_word' id='word_1_425' title='bbox 1379 3363 1410 3399; x_wconf 84' lang='lat' dir='ltr'><strong>ex</strong></span> <span class='ocrx_word' id='word_1_426' title='bbox 1419 3349 1585 3412; x_wconf 78' lang='lat' dir='ltr'>myrtadcdit,</span> <span class='ocrx_word' id='word_1_427' title='bbox 1595 3364 1696 3414; x_wconf 86' lang='lat' dir='ltr'><strong>eamque</strong></span> <span class='ocrx_word' id='word_1_428' title='bbox 1705 3365 1823 3402; x_wconf 78' lang='lat' dir='ltr'>coronam</span> 
     </span>
     <span class='ocr_line' id='line_1_42' title="bbox 1037 3427 1822 3492; baseline 0.003 -16"><span class='ocrx_word' id='word_1_429' title='bbox 1037 3429 1224 3478; x_wconf 84' lang='lat' dir='ltr'><strong>d&#39;cucrotttam</strong></span> <span class='ocrx_word' id='word_1_430' title='bbox 1242 3431 1301 3476; x_wconf 87' lang='lat' dir='ltr'>tunc</span> <span class='ocrx_word' id='word_1_431' title='bbox 1314 3427 1454 3492; x_wconf 82' lang='lat' dir='ltr'><strong>appellarit.</strong></span> <span class='ocrx_word' id='word_1_432' title='bbox 1467 3445 1480 3471; x_wconf 74' lang='grc' dir='ltr'>ι</span> <span class='ocrx_word' id='word_1_433' title='bbox 1493 3429 1552 3478; x_wconf 79' lang='lat' dir='ltr'><strong>Haeo</strong></span> <span class='ocrx_word' id='word_1_434' title='bbox 1568 3427 1641 3490; x_wconf 79' lang='lat' dir='ltr'>igitur</span> <span class='ocrx_word' id='word_1_435' title='bbox 1654 3429 1728 3479; x_wconf 88' lang='lat' dir='ltr'><strong>tradit</strong></span> <span class='ocrx_word' id='word_1_436' title='bbox 1746 3431 1822 3492; x_wconf 78' lang='lat' dir='ltr'><strong>Poty·</strong></span> 
     </span>
    </p>
   </div>
   <div class='ocr_carea' id='block_1_12' title="bbox 173 3505 1833 5154">
    <p class='ocr_par' dir='ltr' id='par_1_12' title="bbox 173 3505 1833 5071">
     <span class='ocr_line' id='line_1_43' title="bbox 237 3505 1157 3590; baseline 0 -14"><span class='ocrx_word' id='word_1_437' title='bbox 237 3529 443 3578; x_wconf 82' lang='lat' dir='ltr'><strong>DeNaucrutitc</strong></span> <span class='ocrx_word' id='word_1_438' title='bbox 454 3538 512 3576; x_wconf 79' lang='lat' dir='ltr'><strong>vcro</strong></span> <span class='ocrx_word' id='word_1_439' title='bbox 523 3540 633 3583; x_wconf 87' lang='lat' dir='ltr'><strong>corona,</strong></span> <span class='ocrx_word' id='word_1_440' title='bbox 654 3527 732 3590; x_wconf 87' lang='lat' dir='ltr'>quatis</span> <span class='ocrx_word' id='word_1_441' title='bbox 743 3529 774 3577; x_wconf 85' lang='lat' dir='ltr'>sit</span> <span class='ocrx_word' id='word_1_442' title='bbox 786 3525 852 3590; x_wconf 87' lang='lat' dir='ltr'><strong>quod</strong></span> <span class='ocrx_word' id='word_1_443' title='bbox 868 3527 898 3576; x_wconf 89' lang='lat' dir='ltr'>ad</span> <span class='ocrx_word' id='word_1_444' title='bbox 916 3540 991 3590; x_wconf 76' lang='lat' dir='ltr'><strong>genua</strong></span> <span class='ocrx_word' id='word_1_445' title='bbox 1036 3505 1157 3554; x_wconf 58' lang='lat' dir='ltr'>dmm·</span> 
     </span>
     <span class='ocr_line' id='line_1_44' title="bbox 205 3603 1529 3674; baseline 0.004 -22"><span class='ocrx_word' id='word_1_446' title='bbox 205 3603 292 3653; x_wconf 86' lang='lat' dir='ltr'><strong>dorum</strong></span> <span class='ocrx_word' id='word_1_447' title='bbox 300 3607 404 3666; x_wconf 87' lang='lat' dir='ltr'><strong>spectat,</strong></span> <span class='ocrx_word' id='word_1_448' title='bbox 413 3606 541 3666; x_wconf 87' lang='lat' dir='ltr'><strong>postquam</strong></span> <span class='ocrx_word' id='word_1_449' title='bbox 551 3605 628 3654; x_wconf 90' lang='lat' dir='ltr'>muita</span> <span class='ocrx_word' id='word_1_450' title='bbox 637 3606 780 3668; x_wconf 77' lang='lat' dir='ltr'>perquisivi,</span> <span class='ocrx_word' id='word_1_451' title='bbox 791 3611 814 3654; x_wconf 90' lang='lat' dir='ltr'><strong>et</strong></span> <span class='ocrx_word' id='word_1_452' title='bbox 822 3608 991 3667; x_wconf 76' lang='lat' dir='ltr'><strong>percunctatus</strong></span> <span class='ocrx_word' id='word_1_453' title='bbox 1327 3611 1529 3674; x_wconf 60' lang='lat' dir='ltr'>LACONJCA,</span> 
     </span>
     <span class='ocr_line' id='line_1_45' title="bbox 205 3681 992 3743; baseline -0.001 -12"><span class='ocrx_word' id='word_1_454' title='bbox 205 3695 260 3732; x_wconf 88' lang='lat' dir='ltr'>sum</span> <span class='ocrx_word' id='word_1_455' title='bbox 272 3694 285 3731; x_wconf 91' lang='lat' dir='ltr'><strong>e</strong></span> <span class='ocrx_word' id='word_1_456' title='bbox 298 3681 395 3742; x_wconf 87' lang='lat' dir='ltr'>multis,</span> <span class='ocrx_word' id='word_1_457' title='bbox 406 3694 482 3743; x_wconf 84' lang='lat' dir='ltr'>quum</span> <span class='ocrx_word' id='word_1_458' title='bbox 492 3681 701 3741; x_wconf 73' lang='lat' dir='ltr'>nihildidicisacm</span> <span class='ocrx_word' id='word_1_459' title='bbox 712 3697 765 3732; x_wconf 82' lang='lat' dir='ltr'><strong>sero</strong></span> <span class='ocrx_word' id='word_1_460' title='bbox 777 3683 874 3732; x_wconf 72' lang='lat' dir='ltr'>mudum</span> <span class='ocrx_word' id='word_1_461' title='bbox 884 3681 955 3732; x_wconf 89' lang='lat' dir='ltr'>incidi</span> <span class='ocrx_word' id='word_1_462' title='bbox 967 3682 992 3730; x_wconf 93' lang='lat' dir='ltr'>in</span> 
     </span>
     <span class='ocr_line' id='line_1_46' title="bbox 205 3754 1826 3824; baseline -0.001 -15"><span class='ocrx_word' id='word_1_463' title='bbox 205 3759 357 3821; x_wconf 77' lang='lat' dir='ltr'>Potyctrarmi</span> <span class='ocrx_word' id='word_1_464' title='bbox 371 3761 517 3810; x_wconf 72' lang='lat' dir='ltr'>Naucratim</span> <span class='ocrx_word' id='word_1_465' title='bbox 528 3759 631 3821; x_wconf 86' lang='lat' dir='ltr'>tibrum,</span> <span class='ocrx_word' id='word_1_466' title='bbox 648 3765 682 3810; x_wconf 85' lang='lat' dir='ltr'><strong>De</strong></span> <span class='ocrx_word' id='word_1_467' title='bbox 693 3765 786 3811; x_wconf 83' lang='lat' dir='ltr'><strong>venere</strong></span> <span class='ocrx_word' id='word_1_468' title='bbox 800 3762 956 3824; x_wconf 86' lang='lat' dir='ltr'>inscriptum,</span> <span class='ocrx_word' id='word_1_469' title='bbox 967 3761 992 3808; x_wconf 87' lang='lat' dir='ltr'>tu</span> <span class='ocrx_word' id='word_1_470' title='bbox 1069 3756 1207 3818; x_wconf 77' lang='lat' dir='ltr'><strong>Polycrates</strong></span> <span class='ocrx_word' id='word_1_471' title='bbox 1217 3760 1242 3805; x_wconf 87' lang='lat' dir='ltr'>tu</span> <span class='ocrx_word' id='word_1_472' title='bbox 1253 3754 1378 3806; x_wconf 86' lang='lat' dir='ltr'>Laconicis</span> <span class='ocrx_word' id='word_1_473' title='bbox 1395 3758 1493 3818; x_wconf 86' lang='lat' dir='ltr'><strong>narrat,</strong></span> <span class='ocrx_word' id='word_1_474' title='bbox 1514 3757 1714 3820; x_wconf 73' lang='lat' dir='ltr'>Hyaciuttriorum</span> <span class='ocrx_word' id='word_1_475' title='bbox 1724 3770 1826 3809; x_wconf 74' lang='lat' dir='ltr'>morum</span> 
     </span>
     <span class='ocr_line' id='line_1_47' title="bbox 205 3833 1825 3903; baseline -0.001 -15"><span class='ocrx_word' id='word_1_476' title='bbox 205 3851 256 3901; x_wconf 87' lang='lat' dir='ltr'>quo</span> <span class='ocrx_word' id='word_1_477' title='bbox 272 3839 324 3887; x_wconf 80' lang='lat' dir='ltr'>iraec</span> <span class='ocrx_word' id='word_1_478' title='bbox 333 3837 363 3887; x_wconf 88' lang='lat' dir='ltr'>ad</span> <span class='ocrx_word' id='word_1_479' title='bbox 373 3837 475 3887; x_wconf 84' lang='lat' dir='ltr'><strong>uerbum</strong></span> <span class='ocrx_word' id='word_1_480' title='bbox 487 3839 576 3900; x_wconf 81' lang='lat' dir='ltr'><strong>scripta</strong></span> <span class='ocrx_word' id='word_1_481' title='bbox 594 3838 706 3900; x_wconf 63' lang='lat' dir='ltr'><strong>teguntur</strong></span> <span class='ocrx_word' id='word_1_482' title='bbox 720 3853 726 3887; x_wconf 95' lang='lat'><strong>:</strong></span> <span class='ocrx_word' id='word_1_483' title='bbox 741 3857 754 3882; x_wconf 76' lang='grc' dir='ltr'>α</span> <span class='ocrx_word' id='word_1_484' title='bbox 775 3839 917 3903; x_wconf 82' lang='lat' dir='ltr'><strong>Olympiade</strong></span> <span class='ocrx_word' id='word_1_485' title='bbox 930 3840 992 3901; x_wconf 82' lang='lat' dir='ltr'><strong>rige·</strong></span> <span class='ocrx_word' id='word_1_486' title='bbox 1038 3833 1230 3883; x_wconf 79' lang='lat' dir='ltr'><strong>Lacedaemonios</strong></span> <span class='ocrx_word' id='word_1_487' title='bbox 1244 3847 1287 3896; x_wconf 87' lang='lat' dir='ltr'><strong>per</strong></span> <span class='ocrx_word' id='word_1_488' title='bbox 1300 3835 1349 3884; x_wconf 82' lang='lat' dir='ltr'><strong>tras</strong></span> <span class='ocrx_word' id='word_1_489' title='bbox 1360 3836 1486 3884; x_wconf 78' lang='lat' dir='ltr'>continuos</span> <span class='ocrx_word' id='word_1_490' title='bbox 1497 3835 1548 3884; x_wconf 84' lang='lat' dir='ltr'><strong>dies</strong></span> <span class='ocrx_word' id='word_1_491' title='bbox 1558 3835 1691 3895; x_wconf 65' lang='lat' dir='ltr'><strong>celebrares</strong></span> <span class='ocrx_word' id='word_1_492' title='bbox 1704 3839 1728 3885; x_wconf 86' lang='lat' dir='ltr'><strong>et</strong></span> <span class='ocrx_word' id='word_1_493' title='bbox 1738 3835 1770 3885; x_wconf 88' lang='lat' dir='ltr'>ob</span> <span class='ocrx_word' id='word_1_494' title='bbox 1783 3837 1825 3886; x_wconf 90' lang='lat' dir='ltr'>iu·</span> 
     </span>
     <span class='ocr_line' id='line_1_48' title="bbox 206 3911 1827 3979; baseline 0.007 -17"><span class='ocrx_word' id='word_1_495' title='bbox 206 3915 267 3963; x_wconf 87' lang='lat' dir='ltr'>sima</span> <span class='ocrx_word' id='word_1_496' title='bbox 278 3915 350 3964; x_wconf 88' lang='lat' dir='ltr'><strong>tertia</strong></span> <span class='ocrx_word' id='word_1_497' title='bbox 371 3919 539 3976; x_wconf 84' lang='lat' dir='ltr'><strong>itcrostratus,</strong></span> <span class='ocrx_word' id='word_1_498' title='bbox 558 3915 617 3965; x_wconf 85' lang='lat' dir='ltr'>ciris</span> <span class='ocrx_word' id='word_1_499' title='bbox 629 3920 735 3978; x_wconf 82' lang='lat' dir='ltr'>nostras,</span> <span class='ocrx_word' id='word_1_500' title='bbox 745 3929 842 3978; x_wconf 76' lang='lat' dir='ltr'><strong>peregre</strong></span> <span class='ocrx_word' id='word_1_501' title='bbox 859 3918 992 3979; x_wconf 83' lang='lat' dir='ltr'><strong>protectus,</strong></span> <span class='ocrx_word' id='word_1_502' title='bbox 1038 3913 1105 3960; x_wconf 89' lang='lat' dir='ltr'>ctum</span> <span class='ocrx_word' id='word_1_503' title='bbox 1117 3924 1166 3973; x_wconf 90' lang='lat' dir='ltr'>quo</span> <span class='ocrx_word' id='word_1_504' title='bbox 1179 3911 1349 3972; x_wconf 84' lang='lat' dir='ltr'>interemptum</span> <span class='ocrx_word' id='word_1_505' title='bbox 1360 3912 1521 3973; x_wconf 70' lang='lat' dir='ltr'>Hyacinthum</span> <span class='ocrx_word' id='word_1_506' title='bbox 1535 3911 1639 3973; x_wconf 86' lang='lat' dir='ltr'><strong>desseut,</strong></span> <span class='ocrx_word' id='word_1_507' title='bbox 1655 3925 1700 3964; x_wconf 71' lang='lat'>²¹0⁰</span> <span class='ocrx_word' id='word_1_508' title='bbox 1710 3917 1827 3966; x_wconf 71' lang='lat' dir='ltr'>wfflssttri</span> 
     </span>
     <span class='ocr_line' id='line_1_49' title="bbox 208 3989 1828 4057; baseline 0.001 -17"><span class='ocrx_word' id='word_1_509' title='bbox 208 3991 291 4040; x_wconf 83' lang='lat' dir='ltr'>multis</span> <span class='ocrx_word' id='word_1_510' title='bbox 301 3993 369 4041; x_wconf 82' lang='lat' dir='ltr'><strong>terris</strong></span> <span class='ocrx_word' id='word_1_511' title='bbox 380 3992 600 4055; x_wconf 71' lang='lat' dir='ltr'>circumnavigata,</span> <span class='ocrx_word' id='word_1_512' title='bbox 612 4005 675 4042; x_wconf 87' lang='lat' dir='ltr'><strong>nare</strong></span> <span class='ocrx_word' id='word_1_513' title='bbox 690 3992 721 4044; x_wconf 92' lang='lat' dir='ltr'>ad</span> <span class='ocrx_word' id='word_1_514' title='bbox 741 3993 849 4056; x_wconf 83' lang='lat' dir='ltr'><strong>Paphum</strong></span> <span class='ocrx_word' id='word_1_515' title='bbox 869 3994 941 4056; x_wconf 79' lang='lat' dir='ltr'><strong>cypri</strong></span> <span class='ocrx_word' id='word_1_516' title='bbox 953 4008 994 4057; x_wconf 89' lang='lat' dir='ltr'>ap·</span> <span class='ocrx_word' id='word_1_517' title='bbox 1038 3989 1063 4036; x_wconf 82' lang='lat' dir='ltr'>in</span> <span class='ocrx_word' id='word_1_518' title='bbox 1073 3990 1148 4038; x_wconf 67' lang='grc' dir='ltr'>ουσιαι</span> <span class='ocrx_word' id='word_1_519' title='bbox 1159 4001 1204 4037; x_wconf 82' lang='lat' dir='ltr'>neo</span> <span class='ocrx_word' id='word_1_520' title='bbox 1214 4001 1299 4051; x_wconf 79' lang='lat' dir='ltr'><strong>panesa</strong></span> <span class='ocrx_word' id='word_1_521' title='bbox 1307 3989 1487 4051; x_wconf 65' lang='lat' dir='ltr'><strong>apponerem!</strong></span> <span class='ocrx_word' id='word_1_522' title='bbox 1502 3991 1591 4052; x_wconf 81' lang='lat' dir='ltr'><strong>(nect)</strong></span> <span class='ocrx_word' id='word_1_523' title='bbox 1603 3990 1724 4052; x_wconf 81' lang='lat' dir='ltr'><strong>placentas</strong></span> <span class='ocrx_word' id='word_1_524' title='bbox 1732 3993 1757 4040; x_wconf 89' lang='lat' dir='ltr'><strong>et</strong></span> <span class='ocrx_word' id='word_1_525' title='bbox 1766 4005 1828 4054; x_wconf 76' lang='lat' dir='ltr'>quaa</span> 
     </span>
     <span class='ocr_line' id='line_1_50' title="bbox 208 4065 1829 4136; baseline 0.009 -20"><span class='ocrx_word' id='word_1_526' title='bbox 208 4068 407 4132; x_wconf 85' lang='lat' dir='ltr'><strong>puisa‚eurptam</strong></span> <span class='ocrx_word' id='word_1_527' title='bbox 424 4071 458 4119; x_wconf 88' lang='lat' dir='ltr'>ihi</span> <span class='ocrx_word' id='word_1_528' title='bbox 470 4070 645 4132; x_wconf 78' lang='lat' dir='ltr'>imagunculam</span> <span class='ocrx_word' id='word_1_529' title='bbox 658 4071 758 4120; x_wconf 81' lang='lat' dir='ltr'><strong>Veneria</strong></span> <span class='ocrx_word' id='word_1_530' title='bbox 770 4072 934 4134; x_wconf 79' lang='lat' dir='ltr'>magnitudine</span> <span class='ocrx_word' id='word_1_531' title='bbox 945 4074 992 4136; x_wconf 89' lang='lat' dir='ltr'>spi·</span> <span class='ocrx_word' id='word_1_532' title='bbox 1038 4069 1095 4114; x_wconf 62' lang='lat' dir='ltr'>⁸²¹¹st</span> <span class='ocrx_word' id='word_1_533' title='bbox 1106 4065 1158 4127; x_wconf 66' lang='lat'>⁰1⁰⁵</span> <span class='ocrx_word' id='word_1_534' title='bbox 1175 4066 1268 4128; x_wconf 64' lang='grc' dir='ltr'>Βθΰθῐῑῦ</span> <span class='ocrx_word' id='word_1_535' title='bbox 1285 4065 1356 4128; x_wconf 67' lang='lat' dir='ltr'>dms</span> <span class='ocrx_word' id='word_1_536' title='bbox 1377 4079 1455 4128; x_wconf 58' lang='lat' dir='ltr'>”tque</span> <span class='ocrx_word' id='word_1_537' title='bbox 1474 4079 1582 4129; x_wconf 63' lang='grc' dir='ltr'>Ρῑθθῑὶθῑῃ</span> <span class='ocrx_word' id='word_1_538' title='bbox 1601 4068 1625 4116; x_wconf 67' lang='grc' dir='ltr'>ίῐῐ</span> <span class='ocrx_word' id='word_1_539' title='bbox 1644 4070 1715 4117; x_wconf 66' lang='grc' dir='ltr'>θθῦῐθ</span> <span class='ocrx_word' id='word_1_540' title='bbox 1736 4081 1829 4121; x_wconf 61' lang='grc' dir='ltr'>(ὃθθῐθ</span> 
     </span>
     <span class='ocr_line' id='line_1_51' title="bbox 207 4143 1830 4210; baseline 0.009 -17"><span class='ocrx_word' id='word_1_541' title='bbox 207 4145 313 4204; x_wconf 77' lang='lat' dir='ltr'>thamsa,</span> <span class='ocrx_word' id='word_1_542' title='bbox 322 4147 409 4196; x_wconf 82' lang='lat' dir='ltr'><strong>vetusti</strong></span> <span class='ocrx_word' id='word_1_543' title='bbox 417 4147 509 4210; x_wconf 85' lang='lat' dir='ltr'><strong>operis,</strong></span> <span class='ocrx_word' id='word_1_544' title='bbox 519 4161 602 4197; x_wconf 85' lang='lat' dir='ltr'><strong>secum</strong></span> <span class='ocrx_word' id='word_1_545' title='bbox 611 4149 748 4198; x_wconf 77' lang='lat' dir='ltr'>Naucratim</span> <span class='ocrx_word' id='word_1_546' title='bbox 758 4151 924 4210; x_wconf 78' lang='lat' dir='ltr'>reportaturus</span> <span class='ocrx_word' id='word_1_547' title='bbox 933 4153 993 4200; x_wconf 85' lang='lat' dir='ltr'><strong>erat.</strong></span> <span class='ocrx_word' id='word_1_548' title='bbox 1039 4143 1130 4205; x_wconf 81' lang='lat' dir='ltr'><strong>colent,</strong></span> <span class='ocrx_word' id='word_1_549' title='bbox 1143 4157 1222 4204; x_wconf 75' lang='lat' dir='ltr'><strong>neque</strong></span> <span class='ocrx_word' id='word_1_550' title='bbox 1235 4144 1313 4193; x_wconf 62' lang='lat' dir='ltr'>simile</span> <span class='ocrx_word' id='word_1_551' title='bbox 1323 4143 1456 4206; x_wconf 70' lang='lat' dir='ltr'>quiddutffl</span> <span class='ocrx_word' id='word_1_552' title='bbox 1466 4144 1636 4205; x_wconf 57' lang='lat' dir='ltr'>lflssffldssfflms</span> <span class='ocrx_word' id='word_1_553' title='bbox 1648 4147 1718 4196; x_wconf 67' lang='grc' dir='ltr'>θῑΰΰίῗ</span> <span class='ocrx_word' id='word_1_554' title='bbox 1733 4147 1756 4196; x_wconf 70' lang='grc' dir='ltr'>ῙΙΙ</span> <span class='ocrx_word' id='word_1_555' title='bbox 1771 4149 1830 4199; x_wconf 64' lang='grc' dir='ltr'>ἃίίίὅ</span> 
     </span>
     <span class='ocr_line' id='line_1_52' title="bbox 208 4213 1831 4289; baseline 0.008 -16"><span class='ocrx_word' id='word_1_556' title='bbox 208 4226 236 4273; x_wconf 86' lang='lat' dir='ltr'>ln</span> <span class='ocrx_word' id='word_1_557' title='bbox 246 4213 324 4274; x_wconf 75' lang='lat' dir='ltr'><strong>reditu</strong></span> <span class='ocrx_word' id='word_1_558' title='bbox 332 4237 407 4286; x_wconf 88' lang='lat' dir='ltr'>quum</span> <span class='ocrx_word' id='word_1_559' title='bbox 418 4238 492 4288; x_wconf 85' lang='lat' dir='ltr'><strong>prope</strong></span> <span class='ocrx_word' id='word_1_560' title='bbox 502 4229 629 4288; x_wconf 77' lang='lat' dir='ltr'>AEgyptum</span> <span class='ocrx_word' id='word_1_561' title='bbox 639 4228 706 4276; x_wconf 86' lang='lat' dir='ltr'><strong>uaris</strong></span> <span class='ocrx_word' id='word_1_562' title='bbox 715 4232 859 4289; x_wconf 81' lang='lat' dir='ltr'><strong>uersaretur,</strong></span> <span class='ocrx_word' id='word_1_563' title='bbox 869 4229 947 4278; x_wconf 86' lang='lat' dir='ltr'><strong>subito</strong></span> <span class='ocrx_word' id='word_1_564' title='bbox 957 4230 994 4278; x_wconf 89' lang='lat' dir='ltr'>in·</span> <span class='ocrx_word' id='word_1_565' title='bbox 1039 4222 1257 4284; x_wconf 61' lang='lat' dir='ltr'>wltflfflctfficisss</span> <span class='ocrx_word' id='word_1_566' title='bbox 1268 4221 1311 4272; x_wconf 58' lang='grc' dir='ltr'><strong>Μ</strong></span> <span class='ocrx_word' id='word_1_567' title='bbox 1322 4235 1408 4285; x_wconf 66' lang='lat' dir='ltr'>fflassflfl</span> <span class='ocrx_word' id='word_1_568' title='bbox 1419 4235 1476 4272; x_wconf 63' lang='grc' dir='ltr'>ΠΜ</span> <span class='ocrx_word' id='word_1_569' title='bbox 1490 4223 1606 4274; x_wconf 57' lang='lat' dir='ltr'>mmm</span> <span class='ocrx_word' id='word_1_570' title='bbox 1615 4229 1736 4275; x_wconf 68' lang='lat' dir='ltr'><strong>mantes</strong></span> <span class='ocrx_word' id='word_1_571' title='bbox 1744 4225 1831 4278; x_wconf 63' lang='lat' dir='ltr'>diffle-</span> 
     </span>
     <span class='ocr_line' id='line_1_53' title="bbox 207 4299 1828 4367; baseline 0.006 -21"><span class='ocrx_word' id='word_1_572' title='bbox 207 4303 307 4363; x_wconf 83' lang='lat' dir='ltr'><strong>grueute</strong></span> <span class='ocrx_word' id='word_1_573' title='bbox 315 4303 457 4362; x_wconf 76' lang='lat' dir='ltr'><strong>tempestate</strong></span> <span class='ocrx_word' id='word_1_574' title='bbox 465 4306 491 4353; x_wconf 79' lang='lat' dir='ltr'><strong>et</strong></span> <span class='ocrx_word' id='word_1_575' title='bbox 498 4304 570 4354; x_wconf 67' lang='lat' dir='ltr'><strong>terrie</strong></span> <span class='ocrx_word' id='word_1_576' title='bbox 582 4307 705 4366; x_wconf 75' lang='lat' dir='ltr'><strong>aspectum</strong></span> <span class='ocrx_word' id='word_1_577' title='bbox 717 4304 851 4367; x_wconf 70' lang='lat' dir='ltr'>adimente,</span> <span class='ocrx_word' id='word_1_578' title='bbox 868 4307 896 4354; x_wconf 82' lang='lat' dir='ltr'>ut</span> <span class='ocrx_word' id='word_1_579' title='bbox 907 4305 949 4356; x_wconf 78' lang='lat' dir='ltr'>ubi</span> <span class='ocrx_word' id='word_1_580' title='bbox 961 4307 995 4355; x_wconf 86' lang='grc' dir='ltr'>Ιο-</span> <span class='ocrx_word' id='word_1_581' title='bbox 1039 4299 1110 4351; x_wconf 78' lang='grc' dir='ltr'>θιιιιῑ.</span> <span class='ocrx_word' id='word_1_582' title='bbox 1128 4299 1206 4349; x_wconf 81' lang='lat' dir='ltr'><strong>Medio</strong></span> <span class='ocrx_word' id='word_1_583' title='bbox 1218 4303 1299 4350; x_wconf 89' lang='lat' dir='ltr'><strong>autem</strong></span> <span class='ocrx_word' id='word_1_584' title='bbox 1311 4301 1384 4350; x_wconf 89' lang='lat' dir='ltr'>trium</span> <span class='ocrx_word' id='word_1_585' title='bbox 1395 4300 1489 4350; x_wconf 87' lang='lat' dir='ltr'><strong>dierum</strong></span> <span class='ocrx_word' id='word_1_586' title='bbox 1499 4302 1591 4350; x_wconf 86' lang='lat' dir='ltr'>varium</span> <span class='ocrx_word' id='word_1_587' title='bbox 1611 4304 1775 4364; x_wconf 78' lang='lat' dir='ltr'>spectaculum</span> <span class='ocrx_word' id='word_1_588' title='bbox 1787 4317 1828 4355; x_wconf 84' lang='lat' dir='ltr'><strong>ce·</strong></span> 
     </span>
     <span class='ocr_line' id='line_1_54' title="bbox 209 4376 1830 4443; baseline 0.007 -19"><span class='ocrx_word' id='word_1_589' title='bbox 209 4390 293 4426; x_wconf 85' lang='lat' dir='ltr'><strong>corum</strong></span> <span class='ocrx_word' id='word_1_590' title='bbox 314 4381 393 4428; x_wconf 85' lang='lat' dir='ltr'><strong>esseut</strong></span> <span class='ocrx_word' id='word_1_591' title='bbox 414 4381 549 4440; x_wconf 79' lang='lat' dir='ltr'><strong>nescirent,</strong></span> <span class='ocrx_word' id='word_1_592' title='bbox 568 4381 726 4443; x_wconf 81' lang='lat' dir='ltr'><strong>confugerunt</strong></span> <span class='ocrx_word' id='word_1_593' title='bbox 747 4395 831 4432; x_wconf 88' lang='lat' dir='ltr'><strong>omnes</strong></span> <span class='ocrx_word' id='word_1_594' title='bbox 848 4382 878 4430; x_wconf 92' lang='lat' dir='ltr'>ad</span> <span class='ocrx_word' id='word_1_595' title='bbox 897 4385 996 4434; x_wconf 77' lang='lat' dir='ltr'><strong>Veneris</strong></span> <span class='ocrx_word' id='word_1_596' title='bbox 1040 4376 1158 4438; x_wconf 70' lang='lat' dir='ltr'>lebtttttt.</span> <span class='ocrx_word' id='word_1_597' title='bbox 1181 4379 1205 4426; x_wconf 70' lang='lat' dir='ltr'>tt</span> <span class='ocrx_word' id='word_1_598' title='bbox 1219 4377 1357 4427; x_wconf 66' lang='lat' dir='ltr'>solemnitas</span> <span class='ocrx_word' id='word_1_599' title='bbox 1365 4381 1402 4428; x_wconf 67' lang='lat' dir='ltr'>esi</span> <span class='ocrx_word' id='word_1_600' title='bbox 1413 4378 1505 4440; x_wconf 67' lang='lat' dir='ltr'><strong>egregit</strong></span> <span class='ocrx_word' id='word_1_601' title='bbox 1515 4381 1588 4442; x_wconf 72' lang='lat' dir='ltr'><strong>tique</strong></span> <span class='ocrx_word' id='word_1_602' title='bbox 1604 4392 1697 4442; x_wconf 71' lang='lat' dir='ltr'>magna·</span> <span class='ocrx_word' id='word_1_603' title='bbox 1710 4382 1782 4430; x_wconf 75' lang='lat' dir='ltr'><strong>Pueri</strong></span> <span class='ocrx_word' id='word_1_604' title='bbox 1792 4383 1830 4432; x_wconf 77' lang='lat' dir='ltr'>ai·</span> 
     </span>
     <span class='ocr_line' id='line_1_55' title="bbox 208 4453 1831 4524; baseline 0.01 -29"><span class='ocrx_word' id='word_1_605' title='bbox 208 4455 399 4518; x_wconf 65' lang='lat' dir='ltr'>imagunculam,</span> <span class='ocrx_word' id='word_1_606' title='bbox 411 4458 515 4508; x_wconf 63' lang='lat' dir='ltr'><strong>saputem</strong></span> <span class='ocrx_word' id='word_1_607' title='bbox 526 4459 571 4508; x_wconf 58' lang='lat' dir='ltr'>sipi</span> <span class='ocrx_word' id='word_1_608' title='bbox 585 4459 616 4508; x_wconf 71' lang='grc' dir='ltr'>οι)</span> <span class='ocrx_word' id='word_1_609' title='bbox 634 4459 674 4508; x_wconf 61' lang='lat' dir='ltr'>ip,</span> <span class='ocrx_word' id='word_1_610' title='bbox 693 4463 824 4522; x_wconf 58' lang='lat' dir='ltr'>precantes,</span> <span class='ocrx_word' id='word_1_611' title='bbox 837 4464 866 4510; x_wconf 71' lang='grc' dir='ltr'>Ες</span> <span class='ocrx_word' id='word_1_612' title='bbox 879 4461 925 4511; x_wconf 63' lang='lat' dir='ltr'>dea</span> <span class='ocrx_word' id='word_1_613' title='bbox 937 4463 995 4524; x_wconf 65' lang='lat' dir='ltr'><strong>(pe.</strong></span> <span class='ocrx_word' id='word_1_614' title='bbox 1039 4453 1137 4517; x_wconf 86' lang='lat' dir='ltr'><strong>quidem</strong></span> <span class='ocrx_word' id='word_1_615' title='bbox 1144 4454 1261 4504; x_wconf 86' lang='lat' dir='ltr'>citharam</span> <span class='ocrx_word' id='word_1_616' title='bbox 1270 4455 1295 4504; x_wconf 89' lang='lat' dir='ltr'>iu</span> <span class='ocrx_word' id='word_1_617' title='bbox 1305 4455 1393 4518; x_wconf 80' lang='lat' dir='ltr'><strong>sagulis</strong></span> <span class='ocrx_word' id='word_1_618' title='bbox 1403 4455 1519 4506; x_wconf 82' lang='lat' dir='ltr'>succincti</span> <span class='ocrx_word' id='word_1_619' title='bbox 1529 4456 1639 4520; x_wconf 81' lang='lat' dir='ltr'>pulsant,</span> <span class='ocrx_word' id='word_1_620' title='bbox 1650 4457 1681 4506; x_wconf 88' lang='lat' dir='ltr'>ud</span> <span class='ocrx_word' id='word_1_621' title='bbox 1693 4458 1831 4523; x_wconf 87' lang='lat' dir='ltr'>tibiamque</span> 
     </span>
     <span class='ocr_line' id='line_1_56' title="bbox 208 4532 1829 4602; baseline 0.004 -20"><span class='ocrx_word' id='word_1_622' title='bbox 208 4534 293 4582; x_wconf 84' lang='lat' dir='ltr'>navata</span> <span class='ocrx_word' id='word_1_623' title='bbox 304 4533 393 4596; x_wconf 89' lang='lat' dir='ltr'><strong>quippe</strong></span> <span class='ocrx_word' id='word_1_624' title='bbox 402 4537 453 4584; x_wconf 86' lang='lat' dir='ltr'><strong>erat</strong></span> <span class='ocrx_word' id='word_1_625' title='bbox 461 4537 485 4584; x_wconf 90' lang='lat' dir='ltr'>iu</span> <span class='ocrx_word' id='word_1_626' title='bbox 494 4536 749 4599; x_wconf 85' lang='lat' dir='ltr'><strong>Naucratitas)subito</strong></span> <span class='ocrx_word' id='word_1_627' title='bbox 759 4550 831 4586; x_wconf 89' lang='lat' dir='ltr'>omne</span> <span class='ocrx_word' id='word_1_628' title='bbox 840 4538 996 4588; x_wconf 80' lang='lat' dir='ltr'>circumcirca</span> <span class='ocrx_word' id='word_1_629' title='bbox 1040 4535 1154 4582; x_wconf 76' lang='lat' dir='ltr'><strong>canentes</strong></span> <span class='ocrx_word' id='word_1_630' title='bbox 1173 4535 1199 4582; x_wconf 85' lang='lat' dir='ltr'><strong>et</strong></span> <span class='ocrx_word' id='word_1_631' title='bbox 1219 4532 1309 4594; x_wconf 84' lang='lat' dir='ltr'><strong>plectro</strong></span> <span class='ocrx_word' id='word_1_632' title='bbox 1323 4545 1407 4582; x_wconf 85' lang='lat' dir='ltr'>omncs</span> <span class='ocrx_word' id='word_1_633' title='bbox 1422 4533 1494 4582; x_wconf 85' lang='lat' dir='ltr'>simut</span> <span class='ocrx_word' id='word_1_634' title='bbox 1518 4533 1620 4584; x_wconf 82' lang='lat' dir='ltr'><strong>chordas</strong></span> <span class='ocrx_word' id='word_1_635' title='bbox 1642 4539 1829 4602; x_wconf 75' lang='lat' dir='ltr'><strong>perennantes,</strong></span> 
     </span>
     <span class='ocr_line' id='line_1_57' title="bbox 210 4611 1831 4676; baseline 0.005 -16"><span class='ocrx_word' id='word_1_636' title='bbox 210 4612 316 4674; x_wconf 83' lang='lat' dir='ltr'>spatium</span> <span class='ocrx_word' id='word_1_637' title='bbox 327 4611 397 4661; x_wconf 81' lang='lat' dir='ltr'>uiridi</span> <span class='ocrx_word' id='word_1_638' title='bbox 409 4616 490 4675; x_wconf 76' lang='lat' dir='ltr'><strong>myrto</strong></span> <span class='ocrx_word' id='word_1_639' title='bbox 505 4614 618 4676; x_wconf 85' lang='lat' dir='ltr'><strong>replevit,</strong></span> <span class='ocrx_word' id='word_1_640' title='bbox 630 4617 654 4662; x_wconf 87' lang='lat' dir='ltr'><strong>et</strong></span> <span class='ocrx_word' id='word_1_641' title='bbox 668 4617 795 4676; x_wconf 80' lang='lat' dir='ltr'><strong>perlatam</strong></span> <span class='ocrx_word' id='word_1_642' title='bbox 807 4629 893 4665; x_wconf 86' lang='lat' dir='ltr'><strong>narem</strong></span> <span class='ocrx_word' id='word_1_643' title='bbox 907 4619 995 4666; x_wconf 81' lang='lat' dir='ltr'><strong>suauis·</strong></span> <span class='ocrx_word' id='word_1_644' title='bbox 1043 4611 1158 4673; x_wconf 78' lang='lat' dir='ltr'>rhythmo</span> <span class='ocrx_word' id='word_1_645' title='bbox 1167 4614 1288 4674; x_wconf 78' lang='lat' dir='ltr'><strong>anapaesto</strong></span> <span class='ocrx_word' id='word_1_646' title='bbox 1297 4614 1417 4676; x_wconf 87' lang='lat' dir='ltr'><strong>acutoque</strong></span> <span class='ocrx_word' id='word_1_647' title='bbox 1427 4614 1492 4663; x_wconf 87' lang='lat' dir='ltr'><strong>vocis</strong></span> <span class='ocrx_word' id='word_1_648' title='bbox 1505 4627 1565 4663; x_wconf 85' lang='lat' dir='ltr'>sono</span> <span class='ocrx_word' id='word_1_649' title='bbox 1574 4614 1646 4665; x_wconf 86' lang='lat' dir='ltr'><strong>deum</strong></span> <span class='ocrx_word' id='word_1_650' title='bbox 1661 4619 1770 4666; x_wconf 76' lang='lat' dir='ltr'>canum:</span> <span class='ocrx_word' id='word_1_651' title='bbox 1784 4620 1831 4669; x_wconf 87' lang='lat' dir='ltr'>aiii</span> 
     </span>
     <span class='ocr_line' id='line_1_58' title="bbox 208 4687 1830 4754; baseline 0.006 -17"><span class='ocrx_word' id='word_1_652' title='bbox 208 4689 297 4739; x_wconf 81' lang='lat' dir='ltr'>simiam</span> <span class='ocrx_word' id='word_1_653' title='bbox 309 4687 406 4738; x_wconf 89' lang='lat' dir='ltr'><strong>odorem</strong></span> <span class='ocrx_word' id='word_1_654' title='bbox 416 4691 515 4753; x_wconf 82' lang='lat' dir='ltr'><strong>sparsit,</strong></span> <span class='ocrx_word' id='word_1_655' title='bbox 525 4703 600 4752; x_wconf 90' lang='lat' dir='ltr'>quum</span> <span class='ocrx_word' id='word_1_656' title='bbox 610 4691 771 4752; x_wconf 70' lang='lat' dir='ltr'>salutantium</span> <span class='ocrx_word' id='word_1_657' title='bbox 781 4692 943 4754; x_wconf 83' lang='lat' dir='ltr'><strong>desperassent</strong></span> <span class='ocrx_word' id='word_1_658' title='bbox 953 4707 995 4743; x_wconf 86' lang='lat' dir='ltr'><strong>ue·</strong></span> <span class='ocrx_word' id='word_1_659' title='bbox 1041 4703 1098 4738; x_wconf 76' lang='lat' dir='ltr'><strong>vero</strong></span> <span class='ocrx_word' id='word_1_660' title='bbox 1110 4689 1178 4750; x_wconf 74' lang='lat' dir='ltr'><strong>eduis</strong></span> <span class='ocrx_word' id='word_1_661' title='bbox 1189 4690 1402 4740; x_wconf 69' lang='lat' dir='ltr'>insidentoeorntti</span> <span class='ocrx_word' id='word_1_662' title='bbox 1415 4703 1457 4752; x_wconf 78' lang='lat' dir='ltr'>per</span> <span class='ocrx_word' id='word_1_663' title='bbox 1474 4691 1596 4742; x_wconf 69' lang='lat' dir='ltr'><strong>theanum</strong></span> <span class='ocrx_word' id='word_1_664' title='bbox 1614 4694 1809 4746; x_wconf 78' lang='lat' dir='ltr'><strong>transvehuntur</strong></span> <span class='ocrx_word' id='word_1_665' title='bbox 1822 4717 1830 4746; x_wconf 79' lang='grc' dir='ltr'>ε</span> 
     </span>
     <span class='ocr_line' id='line_1_59' title="bbox 207 4766 1831 4837; baseline 0.007 -22"><span class='ocrx_word' id='word_1_666' title='bbox 207 4766 567 4818; x_wconf 82' lang='lat' dir='ltr'><strong>ctoresobmuttamuauseam.</strong></span> <span class='ocrx_word' id='word_1_667' title='bbox 577 4767 624 4819; x_wconf 80' lang='lat' dir='ltr'><strong>sed</strong></span> <span class='ocrx_word' id='word_1_668' title='bbox 631 4769 798 4818; x_wconf 84' lang='lat' dir='ltr'><strong>muitoseouta</strong></span> <span class='ocrx_word' id='word_1_669' title='bbox 809 4773 995 4833; x_wconf 83' lang='lat' dir='ltr'>vomitu,quum</span> <span class='ocrx_word' id='word_1_670' title='bbox 1041 4771 1065 4818; x_wconf 90' lang='lat' dir='ltr'><strong>et</strong></span> <span class='ocrx_word' id='word_1_671' title='bbox 1078 4769 1213 4830; x_wconf 81' lang='lat' dir='ltr'><strong>trequentes</strong></span> <span class='ocrx_word' id='word_1_672' title='bbox 1222 4769 1340 4831; x_wconf 79' lang='lat' dir='ltr'>Juvenum</span> <span class='ocrx_word' id='word_1_673' title='bbox 1353 4769 1519 4832; x_wconf 83' lang='lat' dir='ltr'>ingrediuntur</span> <span class='ocrx_word' id='word_1_674' title='bbox 1530 4771 1611 4832; x_wconf 84' lang='lat' dir='ltr'><strong>chori,</strong></span> <span class='ocrx_word' id='word_1_675' title='bbox 1626 4774 1703 4834; x_wconf 83' lang='lat' dir='ltr'><strong>patria</strong></span> <span class='ocrx_word' id='word_1_676' title='bbox 1712 4775 1831 4837; x_wconf 76' lang='lat' dir='ltr'>quadam</span> 
     </span>
     <span class='ocr_line' id='line_1_60' title="bbox 209 4843 1833 4913; baseline 0.008 -20"><span class='ocrx_word' id='word_1_677' title='bbox 209 4844 245 4893; x_wconf 83' lang='lat' dir='ltr'>sot</span> <span class='ocrx_word' id='word_1_678' title='bbox 260 4844 294 4892; x_wconf 88' lang='lat' dir='ltr'>eis</span> <span class='ocrx_word' id='word_1_679' title='bbox 305 4843 406 4904; x_wconf 86' lang='lat' dir='ltr'><strong>rediret,</strong></span> <span class='ocrx_word' id='word_1_680' title='bbox 417 4844 550 4906; x_wconf 82' lang='lat' dir='ltr'><strong>conspectis</strong></span> <span class='ocrx_word' id='word_1_681' title='bbox 567 4845 617 4894; x_wconf 87' lang='lat' dir='ltr'>suis</span> <span class='ocrx_word' id='word_1_682' title='bbox 635 4845 723 4895; x_wconf 86' lang='lat' dir='ltr'>tinibus</span> <span class='ocrx_word' id='word_1_683' title='bbox 732 4849 869 4897; x_wconf 81' lang='lat' dir='ltr'>Naucratim</span> <span class='ocrx_word' id='word_1_684' title='bbox 884 4861 997 4910; x_wconf 78' lang='lat' dir='ltr'><strong>perreue-</strong></span> <span class='ocrx_word' id='word_1_685' title='bbox 1041 4847 1147 4896; x_wconf 86' lang='lat' dir='ltr'>carmina</span> <span class='ocrx_word' id='word_1_686' title='bbox 1163 4850 1289 4911; x_wconf 59' lang='lat' dir='ltr'><strong>canentem</strong></span> <span class='ocrx_word' id='word_1_687' title='bbox 1299 4850 1324 4898; x_wconf 88' lang='lat' dir='ltr'><strong>et</strong></span> <span class='ocrx_word' id='word_1_688' title='bbox 1344 4849 1627 4900; x_wconf 78' lang='lat' dir='ltr'>salumreenisimmixu·</span> <span class='ocrx_word' id='word_1_689' title='bbox 1641 4852 1732 4913; x_wconf 79' lang='lat' dir='ltr'><strong>priscos</strong></span> <span class='ocrx_word' id='word_1_690' title='bbox 1745 4857 1833 4906; x_wconf 82' lang='lat' dir='ltr'><strong>motus</strong></span> 
     </span>
     <span class='ocr_line' id='line_1_61' title="bbox 210 4921 1833 4992; baseline 0.008 -23"><span class='ocrx_word' id='word_1_691' title='bbox 210 4923 276 4970; x_wconf 85' lang='lat' dir='ltr'><strong>runt.</strong></span> <span class='ocrx_word' id='word_1_692' title='bbox 288 4921 318 4969; x_wconf 81' lang='lat' dir='ltr'>nt</span> <span class='ocrx_word' id='word_1_693' title='bbox 328 4921 480 4971; x_wconf 85' lang='lat' dir='ltr'><strong>Herostratus</strong></span> <span class='ocrx_word' id='word_1_694' title='bbox 489 4935 503 4972; x_wconf 87' lang='lat' dir='ltr'>a</span> <span class='ocrx_word' id='word_1_695' title='bbox 511 4921 567 4971; x_wconf 81' lang='lat' dir='ltr'>uari</span> <span class='ocrx_word' id='word_1_696' title='bbox 578 4923 702 4984; x_wconf 86' lang='lat' dir='ltr'><strong>prosiliens</strong></span> <span class='ocrx_word' id='word_1_697' title='bbox 720 4937 776 4974; x_wconf 91' lang='lat' dir='ltr'>cum</span> <span class='ocrx_word' id='word_1_698' title='bbox 788 4926 890 4988; x_wconf 78' lang='lat' dir='ltr'>imagine</span> <span class='ocrx_word' id='word_1_699' title='bbox 901 4928 926 4975; x_wconf 88' lang='lat' dir='ltr'><strong>et</strong></span> <span class='ocrx_word' id='word_1_700' title='bbox 941 4939 996 4975; x_wconf 86' lang='lat' dir='ltr'>cunr</span> <span class='ocrx_word' id='word_1_701' title='bbox 1041 4923 1072 4973; x_wconf 89' lang='lat' dir='ltr'>ad</span> <span class='ocrx_word' id='word_1_702' title='bbox 1083 4925 1167 4974; x_wconf 85' lang='lat' dir='ltr'>tibiam</span> <span class='ocrx_word' id='word_1_703' title='bbox 1179 4929 1204 4976; x_wconf 86' lang='lat' dir='ltr'><strong>et</strong></span> <span class='ocrx_word' id='word_1_704' title='bbox 1215 4924 1247 4974; x_wconf 88' lang='lat' dir='ltr'>ad</span> <span class='ocrx_word' id='word_1_705' title='bbox 1256 4925 1392 4975; x_wconf 83' lang='lat' dir='ltr'>canentium</span> <span class='ocrx_word' id='word_1_706' title='bbox 1408 4939 1494 4977; x_wconf 83' lang='lat' dir='ltr'><strong>rocem</strong></span> <span class='ocrx_word' id='word_1_707' title='bbox 1511 4930 1636 4992; x_wconf 76' lang='lat' dir='ltr'><strong>peragunt.</strong></span> <span class='ocrx_word' id='word_1_708' title='bbox 1647 4929 1775 4992; x_wconf 79' lang='lat' dir='ltr'>Virgiuum</span> <span class='ocrx_word' id='word_1_709' title='bbox 1785 4945 1833 4983; x_wconf 91' lang='lat' dir='ltr'>au·</span> 
     </span>
     <span class='ocr_line' id='line_1_62' title="bbox 173 4997 1832 5071; baseline 0.013 -30"><span class='ocrx_word' id='word_1_710' title='bbox 173 5011 183 5020; x_wconf 93' lang='lat'>·</span> <span class='ocrx_word' id='word_1_711' title='bbox 212 4997 329 5046; x_wconf 87' lang='lat' dir='ltr'>viridibus</span> <span class='ocrx_word' id='word_1_712' title='bbox 340 4999 506 5061; x_wconf 70' lang='lat' dir='ltr'>myrtis,quu=.</span> <span class='ocrx_word' id='word_1_713' title='bbox 515 4998 595 5048; x_wconf 88' lang='lat' dir='ltr'><strong>subito</strong></span> <span class='ocrx_word' id='word_1_714' title='bbox 604 5000 819 5064; x_wconf 77' lang='lat' dir='ltr'><strong>exstiterant,deae</strong></span> <span class='ocrx_word' id='word_1_715' title='bbox 829 5003 909 5052; x_wconf 88' lang='lat' dir='ltr'>amnia</span> <span class='ocrx_word' id='word_1_716' title='bbox 917 5015 997 5053; x_wconf 87' lang='lat' dir='ltr'><strong>conse·</strong></span> <span class='ocrx_word' id='word_1_717' title='bbox 1041 5003 1091 5053; x_wconf 84' lang='lat' dir='ltr'>tem</span> <span class='ocrx_word' id='word_1_718' title='bbox 1107 5003 1161 5054; x_wconf 83' lang='lat' dir='ltr'><strong>aliae</strong></span> <span class='ocrx_word' id='word_1_719' title='bbox 1174 5003 1309 5067; x_wconf 84' lang='lat' dir='ltr'>canathris,</span> <span class='ocrx_word' id='word_1_720' title='bbox 1324 5005 1445 5056; x_wconf 72' lang='lat' dir='ltr'>fornicatus</span> <span class='ocrx_word' id='word_1_721' title='bbox 1461 5006 1543 5069; x_wconf 81' lang='lat' dir='ltr'>ligneis</span> <span class='ocrx_word' id='word_1_722' title='bbox 1555 5009 1684 5071; x_wconf 81' lang='lat' dir='ltr'><strong>carpentis,</strong></span> <span class='ocrx_word' id='word_1_723' title='bbox 1703 5011 1832 5064; x_wconf 80' lang='lat' dir='ltr'><strong>reduntur</strong></span> 
     </span>
    </p>

    <p class='ocr_par' dir='ltr' id='par_1_13' title="bbox 210 5069 1831 5154">
     <span class='ocr_line' id='line_1_63' title="bbox 210 5069 1831 5154; baseline 0.01 -32"><span class='ocrx_word' id='word_1_724' title='bbox 210 5073 393 5138; x_wconf 65' lang='lat' dir='ltr'><strong>teretemque</strong></span> <span class='ocrx_word' id='word_1_725' title='bbox 406 5077 506 5139; x_wconf 68' lang='lat' dir='ltr'><strong>penem</strong></span> <span class='ocrx_word' id='word_1_726' title='bbox 519 5077 644 5138; x_wconf 61' lang='lat' dir='ltr'><strong>nemas</strong></span> <span class='ocrx_word' id='word_1_727' title='bbox 660 5077 996 5143; x_wconf 71' lang='grc' dir='ltr'>ωοοωονωωιωιαυ,</span> <span class='ocrx_word' id='word_1_728' title='bbox 1042 5081 1312 5146; x_wconf 64' lang='lat' dir='ltr'>mercennariam</span> <span class='ocrx_word' id='word_1_729' title='bbox 1326 5083 1395 5146; x_wconf 71' lang='lat' dir='ltr'><strong>ura,</strong></span> <span class='ocrx_word' id='word_1_730' title='bbox 1408 5069 1831 5154; x_wconf 66' lang='lat' dir='ltr'>vuuuaeuummaensusgm-</span> 
     </span>
    </p>
   </div>
   <div class='ocr_carea' id='block_1_13' title="bbox 0 0 1996 5748">
    <p class='ocr_par' dir='ltr' id='par_1_14' title="bbox 0 0 1996 5748">
     <span class='ocr_line' id='line_1_64' title="bbox 0 0 1996 5748; baseline 0 0"><span class='ocrx_word' id='word_1_731' title='bbox 0 0 1996 5748; x_wconf 95' lang='lat' dir='ltr'> </span> 
     </span>
    </p>
   </div>
  </div>
 </body>
</html>
