3890 5726
795 409 1049 473 FRAGMENTA.
1668 425 1723 476 isi

114 542 312 625 τῗςπρνούείας
325 547 353 604 έν
366 543 483 618 τούτοις,
495 545 538 604 τάν
552 568 580 604 τε
603 545 711 628 Περσῶν
734 541 897 626 πρεσύευτήν
945 539 1271 618 κλησιάσαςάνελογίζετο.
1290 543 1343 604 Καί
1359 534 1402 602 οὐν
1424 548 1438 602 θ
1460 544 1610 624 Κάτουλφος
1632 547 1726 612 ἐκεῖνος

115 633 162 692 καί
182 633 240 700 τούς
262 633 437 712 Σαρακηνούς
458 637 472 691 δ
491 633 612 712 βασιλεὺς
632 631 690 710 ἅμα
706 635 805 714 ἀφῆκεν
826 634 851 699 ίς
865 629 899 689 sd
945 631 960 685 ὁ
976 627 1149 708 Ἐφθαλίτης,
1163 627 1190 696 δς
1208 628 1251 688 δεδι
1265 629 1314 701 τήν
1328 632 1357 688 ἐκ
1372 636 1419 690 τοῦ
1433 633 1492 690 κατ’
1506 633 1584 690 αὐτὸν
1600 633 1726 708 βασιλέοις

115 721 214 800 πάτρια
239 721 290 792 ήθη
316 719 554 791 ἀπονοστήσαντες.
582 717 664 782 Ούτω
693 719 721 780 δέ
752 718 899 796 ἀπεσιγήθη
945 713 1120 794 γεγενημένην
1145 715 1234 795 βιαίαν
1260 717 1328 792 μίξιν
1351 723 1384 798 τῇ
1408 719 1511 796 γυναικὶ
1536 720 1670 798 προύδωκε
1697 721 1728 778 τὸ

116 807 224 866 ἅπαντα
238 812 271 887 τῇ
286 812 332 866 τοῦ
345 807 536 888 αὐτοκράτορος
551 807 685 888 νουνεγείφ
698 808 732 866 τά
746 805 796 867 ὅσα
808 807 900 868 ’tuin
945 801 1075 883 iniquior
1089 811 1142 870 τοῖς
1155 802 1296 882 Tomara,
1306 797 1379 872 οὗτος
1395 811 1458 882 γοῦν
1480 807 1662 883 (μετανάστης
1677 807 1729 888 γὰρ

117 918 164 964 νης
175 895 220 952 ἀτί
232 899 266 974 τῇ
279 894 410 976 πρεσύείφ
424 895 579 974 διεπράξατο
593 897 622 954 οὐ
635 893 705 954 κατὰ
716 893 746 953 εδ
755 897 897 973 προσῆκον.
947 891 974 947 έν
984 891 1023 968 τῷ
1035 890 1132 967 μεταξύ
1150 891 1262 970 ἐγεγόνει
1276 897 1321 952 τοῦ
1342 893 1437 972 χρόνον
1457 893 1503 952 καί
1516 893 1636 970 έμήδιζεν
1657 894 1726 968 ήδη)

116 981 169 1048 Ὣς
183 982 210 1041 it
222 985 247 1042 οί
262 983 416 1062 Σαρακηνοὶ
428 981 498 1042 ένδον
508 987 556 1052 τῆς
567 985 665 1042 ἑαυτῶν
676 982 808 1062 ἐγένοντο,
818 979 900 1058 ἀπήγ·
946 975 1078 1056 παρήνεσε
1102 980 1207 1057 βασιλεῖ
1223 983 1274 1038 τῶν
1295 981 1405 1060 Περσῶν
1419 978 1466 1051 τήν
1482 979 1595 1056 μέταξαν
1611 983 1730 1058 οὐδαμῶς

117 1069 209 1146 γειλάν
222 1092 253 1129 τε
265 1074 305 1151 τῷ
319 1067 431 1151 Ἀμύριρ
443 1069 491 1143 τήν
506 1075 552 1130 τοῦ
575 1070 703 1150 βασιλέως
721 1069 817 1150 βουλήν
840 1069 900 1149 περί
947 1063 1169 1144 ἀποπέμψασθαι,
1182 1064 1251 1123 ἀλλὰ
1262 1063 1312 1145 γδιρ
1322 1066 1367 1125 καί
1378 1065 1530 1139 ὠνήσασθαι
1544 1068 1590 1126 καὶ
1608 1067 1642 1126 τὰ
1666 1068 1730 1146 ὑπέρ

117 1159 176 1224 τούς
189 1157 343 1235 μηδίζοντας
354 1160 407 1216 τῶν
422 1159 595 1238 Σαρακηνῶν,
605 1157 663 1218 τότε
673 1162 688 1218 θ
698 1156 812 1238 Ἀμύρος
824 1161 901 1233 Καμ-
946 1151 1027 1222 αὐτῆς
1045 1150 1093 1227 μέν
1107 1151 1266 1211 καταθέσθαι
1282 1152 1436 1232 τιμήματα,
1449 1153 1586 1230 θεωμένων
1601 1155 1629 1214 δὲ
1644 1155 1730 1214 αὐτῶν

117 1245 194 1322 doio-sp
210 1243 347 1322 (Καύύνση
360 1247 446 1322 nugo)
463 1247 501 1325 τῷ
515 1245 635 1326 ἀδελφῷ,
649 1243 677 1313 δς
699 1243 901 1324 Ἀλαμουνδάρῳ
947 1241 999 1296 τῶν
1008 1237 1143 1318 πρέούεων
1156 1239 1255 1310 ταύτην
1271 1240 1397 1322 ἀφανίσαι
1410 1242 1487 1320 πυρὶ,
1497 1245 1532 1310 ῶς
1545 1240 1577 1300 δν
1591 1241 1659 1320 μήτε
1673 1244 1729 1300 ἀδι-

116 1336 155 1414 τῷ
169 1337 222 1393 τῶν
236 1337 288 1392 ὐπὸ
302 1333 451 1410 Ῥωμαίους
469 1333 633 1411 Σαρακηνῶν
647 1333 784 1412 ἡγουμένῳ
799 1333 901 1390 ἀντικα·
946 1332 1001 1384 κεῖν
1015 1325 1091 1406 stip,
1105 1327 1173 1402 μήτε
1185 1326 1238 1403 μὴ*
1250 1327 1389 1406 βούλεσθαῑ
1399 1333 1513 1408 mistim
1524 1333 1556 1408 τῇ
1566 1331 1595 1388 ix
1606 1330 1731 1410 Τούρκων

116 1422 273 1499 θεοτάμενος
288 1412 331 1494 ήν,
350 1419 474 1496 σημαίνει
490 1421 669 1501 καταδραμεῖν
685 1419 732 1492 τήν
752 1419 900 1498 Ἀλαμουν·
948 1412 1057 1492 titudin-
1082 1414 1136 1474 tici
1156 1418 1173 1486 ἡ
1192 1413 1240 1492 μέν
1266 1415 1365 1493 μέταξσ
1380 1414 1565 1496 έπυρπολήθη·
1579 1417 1652 1476 αὐτοί
1666 1416 1693 1475 δέ
1707 1421 1733 1484 ές

117 1511 199 1588 δάρου
212 1513 272 1587 γῆν.
291 1506 360 1570 'flia
375 1508 477 1585 δίήγή
491 1507 543 1567 ὑπὸ
557 1505 681 1588 Ἀραύίαν
692 1507 771 1568 τιλεῑ.
947 1498 981 1559 sir
1004 1501 1101 1580 πάτρια
1122 1501 1172 1574 ἤθη
1195 1503 1376 1582 ἀνεχώρησαν,
1395 1507 1434 1582 τῷ
1454 1505 1619 1584 γεγενημένῳ
1636 1504 1732 1576 ἥκιστα

385 1639 472 1718 ιιι
667 1640 713 1715 ιι
948 1586 1733 1759 ιιξννθηθθνθιῖθιῑιθνιιῑῑν

158 1767 271 1824 Ibidem
289 1785 322 1842 p.
346 1765 543 1824 106—108:
566 1761 629 1824 Ὅτι
640 1762 786 1844 ἀρχομένου
799 1769 845 1822 τοῦ
860 1787 902 1823 τε·
949 1762 1072 1843 Πέρσας,
1094 1763 1315 1844 φιλοποιήσασθαι
1338 1761 1387 1836 τήν
1402 1737 1485 1826 Ινιατιέ
1507 1737 1574 1845 σφάς
1596 1766 1733 1824 πολιτείαν

117 1853 215 1932 τάρτου
236 1852 309 1918 έτοιιτ
325 1853 372 1923 τῆς
388 1849 530 1911 Ἰουστίνου
552 1851 686 1928 βασιλείας
703 1849 830 1930 πρεσύεία
851 1852 902 1910 τῶν
950 1850 1115 1930 βουλόμενος.
1126 1850 1204 1912 Ἐπεί
1211 1849 1400 1933 δδήΤούρκων
1409 1851 1537 1932 πρεσύεία
1546 1842 1618 1920 αὐθις
1627 1853 1731 1934 ἀφῖκτο,

118 1941 246 2020 Ταύρκων
255 1939 362 2019 ἀφίκετο
371 1939 399 1998 έν
406 1937 550 2018 Βυζαντίῳ.
558 1939 608 2004 Ὧς
617 1937 669 2019 γδρ
678 1937 712 1996 cd
719 1942 770 1997 τῶν
777 1941 802 2000 Τ
803 1937 903 2019 ούρκων
949 1943 963 2000 δ
976 1939 1098 2022 βασιλεὺς
1106 1939 1164 2018 ἅμα
1175 1940 1228 2008 τοῖς
1240 1942 1267 1999 έν
1278 1942 1348 2001 τέλιι
1356 1944 1468 2022 Περσῶν
1479 1941 1525 2001 καί
1535 1943 1572 2022 τῷ
1584 1941 1733 2023 Κατούλφῳ

119 2027 163 2088 ἀπὶ
170 2027 241 2106 μέγα
251 2027 329 2108 ήρθη,
336 2028 360 2084 οί
371 2023 515 2104 Σογδαέται
524 2027 547 2084 oi
557 2025 608 2105 πρὸ
617 2030 664 2084 τοῦ
674 2023 721 2102 μέν
729 2025 903 2106 Ἐφθαλιτῶν,
949 2026 1129 2105 έγνωμάτευε,
1146 2027 1232 2108 πάντῃ
1248 2025 1396 2109 ἀξύμφορον
1417 2018 1486 2090 εἶναι
1506 2029 1623 2108 Πέρσαις
1646 2030 1733 2110 φιλίαν

118 2121 265 2188 τηνικαῦτα
280 2113 308 2172 δέ
321 2111 447 2191 Τούρκων
465 2112 603 2184 κατήκοοι,
615 2117 661 2171 τοῦ
683 2114 755 2194 σφῶν
777 2112 904 2192 βασιλέως
949 2113 1039 2174 θέσθαι
1061 2117 1096 2182 ῶς
1117 2114 1264 2195 Τούρκουε·
1285 2115 1315 2174 τδ
1336 2115 1387 2195 γάρ
1402 2116 1530 2177 Σκυθικὸν
1550 2109 1616 2176 εἶναι
1630 2117 1734 2194 παλίμ-

119 2205 222 2262 ἀδέοντο
244 2199 387 2281 πρισύείαν
405 2202 505 2259 στεῖλαι
518 2201 553 2266 ὡς
573 2199 692 2279 Πέρσας,
712 2201 747 2268 ύες
767 2199 799 2259 ἀν
820 2203 904 2261 ἐκεῖσε
950 2203 1039 2266 δολον.
1052 2200 1145 2283 Ταύτῃ
1163 2225 1203 2263 τοι
1221 2203 1267 2262 καὶ
1287 2203 1482 2285 παρενεγγύησε
1497 2203 1649 2286 δηλητηρίῳ
1663 2227 1735 2285 φαρ-

120 2289 241 2354 άπιάντες
253 2291 278 2346 oi
292 2285 437 2364 Σογδαΐται
448 2285 523 2345 ὤνιον
536 2287 713 2366 παράσχοιντο
726 2285 774 2360 τήν
790 2287 904 2365 μίταξιιν
951 2289 1030 2372 μάκῳ
1048 2291 1130 2358 ένίους
1145 2291 1321 2372 διαφθαρῆναι
1339 2294 1391 2351 τῶν
1404 2290 1554 2371 πρέοδεων,
1567 2291 1638 2360 ὅπως
1658 2292 1734 2352 ἀπεί-

119 2385 173 2443 τοῖς
186 2377 301 2448 Μήδοις.
322 2374 378 2436 Καὶ
391 2363 435 2434 οὐν
455 2375 572 2433 πείθεται
590 2379 604 2433 i
623 2373 799 2454 Διζάύουλος,
813 2375 905 2458 ἀφίησί
950 2403 1023 2440 ποιεν
1044 2381 1092 2452 τῆς
1115 2379 1199 2438 ἐκεῖσε
1225 2378 1367 2455 μετέπειτα
1390 2379 1546 2460 παρουσίας.
1569 2380 1628 2438 Kni
1651 2380 1683 2452 δὴ
1710 2383 1735 2439 oi

119 2486 149 2522 τε
172 2461 411 2541 πρεσύευσομένους
440 2455 596 2537 Σογδαέτας.
626 2460 775 2538 Ἰἰξηγεῖται
802 2461 830 2522 δέ
859 2468 905 2534 τῆς
951 2468 1070 2526 πλεῖστοι
1085 2469 1138 2525 τῶν
1159 2465 1397 2547 πρεσύευσαμένων
1410 2467 1537 2548 Τούρκων
1559 2471 1593 2548 τῇ
1613 2467 1673 2548 περὶ
1686 2469 1734 2540 τήν

120 2551 264 2629 πρεσύεέας
278 2547 402 2628 Μανιάχ.
420 2546 583 2628 Ἀφικόμενοι
596 2545 629 2620 δή
641 2541 685 2607 οὐν
702 2547 776 2628 παρὰ
795 2550 904 2628 βασιλέα
951 2553 1049 2625 ἐδωδήν
1069 2553 1137 2632 μίξει
1158 2557 1211 2614 τῶν
1234 2555 1403 2634 ἀναιρετικῶν
1424 2555 1570 2636 φαρμάκων
1590 2557 1670 2616 αὐτοῦ
1684 2580 1735 2616 που

120 2641 234 2718 Περσῶν
248 2637 350 2696 έδέοντο
369 2641 416 2709 τῆς
438 2635 550 2712 μετάξης
572 2635 648 2715 πίρι,
670 2633 740 2704 ὅπως
762 2635 823 2696 ἀνευ
838 2638 906 2707 τινὸς
951 2641 996 2700 τὸν
1021 2640 1077 2720 βίον
1099 2641 1256 2715 κατέλυσαν,
1276 2640 1346 2714 πλὴν
1360 2645 1439 2721 τριῶν
1453 2642 1471 2714 ii
1487 2641 1632 2724 τεσσάρων.
1649 2645 1735 2725 Θροῦς

121 2723 248 2802 καλάμης
269 2725 358 2790 αὐτοῖς
377 2724 497 2803 προέλθοι
512 2722 554 2782 ἀπ’
566 2723 633 2804 αὐτῇ
653 2721 687 2782 rt
708 2727 755 2796 τῆς
766 2725 902 2806 ίμπορίας.
952 2729 980 2788 it
1001 2727 1120 2811 έφοίτησε
1142 2731 1273 2810 Πέρσαις,
1294 2733 1329 2798 u<
1343 2731 1467 2790 διείλοντο
1487 2736 1526 2812 τῷ
1545 2733 1664 2812 πνιγηρῷ
1684 2734 1735 2789 τῶν

122 2811 157 2872 ‘0
182 2813 212 2872 δέ
235 2814 347 2892 Περσῶν
370 2811 491 2890 βασιλεὺς
506 2811 645 2887 (οὐδαμῶς
658 2809 709 2891 γάρ
723 2813 795 2892 αὐτῷ
810 2812 904 2888 ήρεσκε
953 2818 1063 2896 Περσῶν
1087 2819 1184 2898 αὐχμῷ
1200 2820 1252 2876 τῶν
1275 2816 1402 2896 Τούρκων
1426 2820 1450 2877 oi
1472 2817 1610 2898 πρέσύεις,
1625 2817 1671 2876 dre
1689 2821 1734 2889 τῆς

120 2899 154 2958 rit
170 2899 277 2978 τοιάδε,
300 2903 335 2966 ὡς
356 2896 388 2957 δν
408 2897 447 2975 μή
469 2897 567 2956 ἐνθένδε
586 2897 660 2956 ἀδεια
677 2896 762 2956 ἔσοιτο
781 2897 907 2978 Τοὐρκοις
952 2905 1037 2962 αὐτῶν
1048 2901 1138 2984 χώρας
1149 2902 1222 2981 θαμὰ
1234 2906 1329 2987 νιφετῷ
1340 2903 1539 2982 παλυνομένης,
1551 2904 1597 2964 καί
1609 2903 1735 2964 ἀδύνατον

120 2997 173 3055 τοῖς
184 2991 296 3068 Περσῶν
308 2985 463 3062 ίμὸατιύειν
471 2984 720 3064 δρίοις)ἀνεύάλετο
732 2988 757 3053 ές
765 2984 796 3046 si
807 2985 904 3066 αύριον.
951 2989 980 3050 δν
1002 2991 1089 3058 αὐτοῖς
1112 2991 1174 3050 ἀνευ
1197 2991 1349 3072 κρυμιύδους
1371 2991 1575 3068 καταστήματος
1597 2991 1732 3072 βιοτεύειν.

123 3079 176 3136 tini
188 3075 238 3152 μέν
250 3067 295 3134 οὐν
304 3065 378 3142 αὐθις
388 3072 505 3152 ἀναβολῇ
520 3075 615 3153 ἐχρῆτο
628 3073 708 3132 πάλιν
721 3072 807 3155 έτέρφ.
820 3073 867 3143 Ὡς
878 3075 906 3136 δέ
953 3078 1045 3158 Ταύτῃ
1063 3101 1101 3139 τοι
1120 3078 1165 3138 καί
1181 3077 1267 3146 άλλως
1280 3079 1506 3153 ὑποτοπήσαντες,
1521 3077 1547 3138 οί
1558 3103 1587 3159 γε
1606 3080 1653 3150 τήν
1674 3083 1735 3139 ἐπι-

122 3165 218 3223 άλλοτε
236 3163 322 3230 ἄλλως
341 3161 373 3222 ri
385 3161 470 3240 παρδν
488 3157 664 3240 ἀπεκρούετο,
683 3163 736 3220 τῶν
755 3163 906 3240 Σογδαῑτῶν
953 3165 1051 3236 δουλήν
1062 3165 1190 3248 διέφυγον,
1205 3165 1273 3226 οὓτω
1284 3165 1386 3244 ξυμύδιν
1403 3169 1439 3233 εἰς
1450 3167 1498 3238 τήν
1510 3166 1636 3246 πατρῴαν
1651 3170 1735 3226 ἀπαν-

122 3249 335 3332 έκλιπαρούντων
353 3270 383 3307 τε
401 3247 448 3307 καί
466 3245 633 3326 ἐγκειμένων,
653 3246 713 3306 τάτε
731 3249 849 3330 Χοσράης
864 3249 906 3308 ix·
953 3251 1068 3320 ελθύντες
1079 3252 1113 3310 τδι
1128 3253 1195 3332 άπερ
1207 3255 1231 3310 oi
1242 3251 1343 3333 Πέρσαι
1353 3253 1398 3312 καί
1408 3252 1433 3312 οί
1444 3251 1619 3334 διεψιθύριοαν
1638 3257 1733 3314 ταῦτα.

122 3419 173 3480 ipso
180 3417 255 3467 abire.
264 3431 277 3457 ν
286 3415 314 3464 in
325 3411 363 3462 his
376 3410 454 3462 tinirtt
461 3410 556 3471 tegatis.
570 3411 654 3473 inquo
664 3413 791 3462 Persarum
802 3411 908 3474 legatum
952 3413 1056 3465 diemout
1070 3413 1111 3466 dte
1119 3415 1247 3479 traxisset,
1267 3417 1292 3466 et
1301 3415 1389 3467 obnixe
1410 3415 1530 3479 sogdaitsa
1542 3417 1650 3480 peterent
1659 3417 1685 3465 et
1696 3429 1735 3464 ur·

123 3501 290 3548 etssracenos
298 3491 329 3542 ad
337 3503 382 3540 sus
389 3489 508 3540 redituros
526 3489 656 3552 imperator
664 3488 763 3540 dimisit.
776 3491 857 3554 itque
873 3490 908 3540 its
951 3493 1043 3554 nerent,
1053 3492 1184 3556 (ihoannes,
1193 3492 1447 3556 consiliooonrocsto,
1459 3491 1609 3543 deliberavit.
1621 3492 1734 3543 catulino

123 3571 277 3637 imperatoris
284 3567 411 3632 prandentis
420 3567 506 3630 pacata
516 3566 605 3616 suntet
612 3564 741 3617 emendata
749 3566 841 3628 omnis,
852 3579 908 3630 quse
952 3571 1036 3620 sutem
1048 3569 1089 3622 itte
1099 3569 1261 3635 tiphttraiites,
1279 3571 1321 3634 qui
1336 3571 1433 3634 propter
1445 3573 1557 3632 stuprum
1570 3583 1585 3620 ε
1598 3581 1651 3632 rege
1662 3569 1734 3618 uxori

123 3655 229 3702 ι1οαιιιιεε
236 3648 261 3697 in
274 3659 320 3696 sua
328 3643 448 3708 legatione
457 3655 582 3706 perperam
593 3643 681 3706 egerat
690 3644 724 3694 ut
733 3656 790 3693 sero
797 3643 910 3694 θειασταί
953 3659 1004 3696 sua
1016 3657 1059 3709 per
1074 3646 1123 3698 rim
1140 3647 1236 3698 iliatam
1246 3649 1343 3711 gentem
1353 3646 1440 3698 Tuscis
1457 3645 1594 3710 prodiderat
1608 3648 1634 3696 et
1651 3645 1738 3698 deinde

123 3729 225 3778 domum
236 3722 404 3782 reverterunt,
422 3719 550 3770 eonsilium
562 3718 713 3782 imperatoris
730 3718 909 3783 desarscenis,
953 3723 984 3773 ad
993 3721 1119 3774 Medorum
1137 3723 1367 3788 partostransierat,
1385 3725 1494 3774 hortatus
1505 3725 1542 3775 est
1560 3727 1686 3774 Persarum
1698 3737 1737 3774 rc·

123 3805 166 3868 (1¹¹i
186 3801 315 3854 mmm
339 3797 448 3862 Wflbtss
464 3795 633 3858 iflhfflftbfflis
655 3795 746 3848 Ambw
769 3796 909 3847 ielulettmi·
953 3803 1134 3865 gemmeticum
1146 3803 1246 3856 minime
1262 3805 1469 3867 pretermitteret,
1487 3803 1622 3867 concupio
1631 3817 1669 3865 oo,
1683 3815 1738 3868 pre·

123 3885 193 3932 'tunc
210 3877 318 3930 imbrus
333 3871 795 3937 011111101οί11ί11ι1111ίΑ111111111111110»
815 3875 911 3924 Sirici-
954 3881 1015 3932 tinm
1025 3881 1143 3943 traderet3
1158 3884 1213 3933 tum
1231 3885 1314 3934 autem
1332 3883 1388 3933 ante
1399 3882 1482 3932 ocutos
1494 3883 1627 3945 legatorum
1638 3881 1698 3932 titud
1714 3881 1739 3932 tn

123 3971 213 4008 mrum
235 3955 318 4018 parisi
334 3953 456 4003 Romanas
473 3949 608 3999 [0111ΰῦ11111
624 3948 689 4011 111161,
699 3951 753 4000 eiii
771 3950 910 4012 ⁰PP⁰⁸52¹132
955 3957 1166 4021 ignominiiceret',
1181 3969 1213 4008 ne
1229 3958 1317 4022 injuste
1328 3971 1412 4021 agere,
1433 3971 1495 4009 nere
1512 3961 1648 4008 Tarrcornm
1662 3959 1740 4008 serico

123 4031 259 4092 mandarit,
278 4032 308 4080 ui
327 4025 485 4079 Λ111111111ἆ111ί
504 4026 613 4088 ierim·
631 4037 688 4089 (1111θ
708 4025 803 4077 Αθὼίῠ
814 4027 911 4078 wilier-
955 4034 991 4086 uti
1007 4034 1070 4086 velie
1089 4033 1222 4086 rideretur.
1249 4037 1280 4088 ns
1296 4036 1401 4086 sericum
1419 4035 1518 4098 quidem
1539 4033 1586 4097 igni
1603 4036 1737 4086 crematum

124 4111 266 4170 umens,
276 4103 576 4158 ⁰¹0⁰f⁸50¹¹ib¹¹fflffl⁰i
955 4116 1004 4174 est,
1018 4113 1089 4176 iegati
1106 4125 1165 4164 uero
1182 4114 1247 4164 nano
1262 4113 1313 4163 teti
1331 4111 1362 4162 sd
1381 4112 1490 4176 proprias
1507 4111 1576 4162 sedes
1594 4116 1740 4163 remearunt

502 4185 545 4237 ia.
957 4190 1047 4240 Deinde
1062 4203 1138 4253 quum
1148 4189 1280 4252 niaabuio,
1299 4203 1356 4253 quaa
1366 4188 1464 4241 decreta
1475 4188 1584 4250 tuerent,
1604 4191 1739 4240 renuntias·

155 4277 228 4328 initio
235 4272 317 4338 quarti
324 4269 380 4322 sani
392 4269 485 4333 imperii
494 4267 674 4331 tustiniiegutio
681 4270 911 4332 Tureorrrmiipsau·
955 4270 1022 4328 sent,
1040 4267 1061 4318 is
1077 4268 1202 4318 contatim
1220 4267 1267 4317 alia
1280 4267 1397 4330 legatione
1406 4265 1437 4316 sd
1451 4269 1535 4317 Persas
1551 4277 1610 4317 usns
1623 4269 1674 4327 est,
1691 4279 1740 4330 qua

124 4356 186 4406 tium
197 4350 310 4402 moessit.
322 4351 354 4400 ut
364 4348 431 4398 enim
440 4346 514 4397 'rurci
524 4345 610 4408 opibus
621 4346 763 4408 etpotentin
771 4346 913 4407 eraserunt,
957 4345 990 4396 rei
1006 4343 1109 4408 publicae
1118 4357 1169 4395 suaa
1182 4357 1224 4395 eos
1235 4343 1363 4396 conciliare
1380 4343 1501 4394 studebat.
1516 4343 1562 4394 uui
1574 4355 1632 4394 rero
1650 4343 1738 4394 iteruin

125 4431 259 4494 εοςςοείίκ,
282 4427 326 4491 qui
345 4425 413 4490 prins
434 4424 533 4489 quidem
554 4423 760 4486 Epirttaaiitarum‚
778 4425 839 4474 tunc
854 4435 913 4475 vero
957 4421 1279 4486 tegatioa't'urcisadrenit‚
1299 4425 1427 4474 Persarum
1440 4435 1483 4473 res
1496 4435 1543 4472 urna
1556 4435 1612 4472 cum
1625 4421 1739 4487 primori·

125 4517 265 4564 numiam
273 4505 456 4566 subdiderant,
466 4516 481 4553 a
491 4501 719 4565 regesuoprecibus
728 4503 913 4564 contenderunt,
957 4499 1003 4550 bus
1020 4502 1145 4551 Persarum
1157 4500 1182 4550 et
1198 4499 1295 4550 caturia
1310 4499 1417 4562 censuit,
1431 4498 1553 4548 minimae
1571 4512 1597 4550 re
1610 4500 1738 4550 Persamm

127 4595 153 4642 nt
167 4583 352 4652 lagationemad
363 4585 449 4635 Persas
461 4581 582 4642 mitteret,
593 4593 643 4644 quo
652 4580 769 4642 sogdaitis
777 4593 807 4631 eo
816 4581 913 4644 proiici-
957 4589 1020 4638 ease,
1029 4577 1158 4628 amicitiam
1166 4577 1265 4640 iungere
1273 4589 1329 4627 cum
1336 4577 1430 4627 Turris.
1440 4576 1590 4627 omneenim
1598 4577 1739 4640 Scythicum

126 4669 250 4720 matinata
259 4665 463 4716 sericumrenum
472 4673 592 4724 exponere
601 4659 664 4724 apud
677 4659 759 4711 Medos
770 4659 860 4710 liceret.
871 4659 913 4708 tii-
958 4667 1033 4718 genus
1045 4654 1163 4719 perfidum
1180 4657 1205 4704 et
1219 4655 1343 4706 mutabile.
1356 4655 1421 4716 erin
1431 4655 1505 4705 etiam
1519 4654 1604 4717 iussit,
1623 4655 1741 4706 risneficio

127 4747 323 4796 mantuanorum
332 4737 445 4804 precibus
456 4738 624 4802 obtemperans
632 4737 740 4801 permisit
751 4736 869 4800 sogdaitis
880 4736 914 4786 te·
958 4733 1009 4785 toiti
1018 4733 1146 4784 nonnullos
1154 4733 1305 4796 legatorum,
1317 4735 1346 4784 ut
1357 4734 1381 4783 in
1393 4735 1516 4796 ροειεειιοι
1531 4735 1699 4784 aversarentur
1709 4733 1741 4784 ad

128 4824 248 4886 ιμϋοσειιι
264 4819 376 4878 mittere,
388 4815 460 4878 eujus
476 4815 587 4878 princepe
607 4815 655 4865 init
675 4813 793 4865 itaniactr.
811 4812 914 4864 Profecti
957 4822 1014 4861 suas
1032 4811 1140 4873 regiones
1150 4821 1281 4860 secenum.
1292 4812 1332 4861 Sic
1347 4810 1428 4861 evenit
1440 4813 1469 4861 ut
1488 4810 1536 4861 tera
1553 4821 1637 4860 omnes
1654 4809 1740 4873 togati,

129 4897 239 4962 igiturest
249 4899 378 4948 Persarum
388 4905 470 4955 regem
479 4891 568 4954 precati
578 4893 644 4953 sunt,
654 4891 683 4942 ut
692 4890 794 4941 liberum
801 4890 847 4939 itiis
854 4893 916 4940 esset
959 4888 1153 4951 exceptistriisus
1161 4890 1204 4939 aut
1212 4891 1335 4952 quattuor,
1347 4890 1425 4940 mixto
1436 4889 1496 4940 cibis
1505 4888 1570 4940 letati
1580 4899 1682 4949 veneno,
1692 4888 1742 4938 sint

129 4977 180 5026 sina
190 4975 241 5025 utto
257 4971 435 5036 impedimento
447 4967 512 5032 apud
526 4968 589 5032 ipsos
601 4968 671 5018 serici
691 4967 872 5018 commercium.
884 4969 916 5018 At
960 4966 1085 5028 perempti.
1097 4967 1186 5015 iirrmor
1196 4979 1226 5016 cx
1238 4979 1267 5016 eo
1277 4966 1338 5015 inter
1352 4967 1435 5016 Persas
1445 4963 1573 5028 dissipatus
1586 4969 1636 5024 est,
1650 4966 1741 5013 Turon-

131 5055 255 5102 Persarnm
264 5063 321 5112 rex,
332 5047 373 5098 eui
380 5045 483 5098 minime
492 5045 712 5108 hoegratumerat,
723 5057 753 5095 ne
764 5043 862 5107 impune
871 5043 917 5094 illis
960 5055 1014 5092 rum
1028 5043 1118 5105 legatos
1131 5042 1200 5092 niunis
1211 5041 1288 5092 calisto
1299 5043 1324 5091 et
1336 5041 1399 5092 sicco
1417 5044 1487 5092 terrm
1506 5039 1608 5092 Persidis
1624 5039 1671 5089 situ
1687 5051 1742 5102 per·

133 5131 193 5178 asset
207 5131 334 5180 Persarum
346 5125 409 5175 tineo
426 5121 531 5184 ingredi,
545 5133 685 5184 responsum
694 5120 787 5172 distulit
796 5121 821 5171 in
837 5121 917 5171 crasti-
959 5120 1026 5180 iisse,
1035 5119 1106 5182 quia,
1116 5133 1193 5182 quum
1200 5123 1334 5169 Tuscorum
1344 5119 1408 5180 regio
1420 5118 1510 5168 crebris
1524 5115 1620 5166 niniam
1630 5117 1741 5166 maincia

135 5203 434 5270 num,deindeaiiaatque
443 5201 768 5252 atiaditationeiterunnusns
777 5201 822 5253 ast.
835 5201 916 5261 Quum
960 5195 1005 5259 sit,
1018 5197 1119 5247 nonnisi
1129 5197 1153 5248 in
1164 5195 1246 5262 [rigida
1256 5197 1318 5248 aeris
1334 5195 1450 5259 temperie
1460 5194 1542 5244 virere
1560 5194 1664 5256 possent.
1676 5193 1740 5252 Quin

210 5301 355 5342 ειιιεειειιει
372 5296 469 5338 numos.
485 5295 526 5336 οε.
537 5307 565 5323 -
578 5295 630 5334 νου
645 5296 677 5334 ιν.
1488 5283 1512 5324 ις
