3792 5728
784 369 1032 431 retensum.
1575 343 1577 348 ’
1667 383 1704 434 ss

117 497 155 557 md
172 502 188 570 ἡ
208 501 256 566 τῆς
278 500 363 579 θρχῆς
382 500 435 558 τῶν
459 497 556 558 ἐκείνου
576 499 677 558 παίδων
695 497 821 580 διαφορὰ,
842 504 887 560 τοῦ
932 498 998 571 [τὸν]
1022 499 1096 579 παρὰ
1120 499 1261 560 Θεοδοσίου
1285 501 1441 577 τεταγμένον
1468 499 1544 580 φόρον
1571 505 1707 573 ζητοῦντος

116 585 283 666 τρεαῦυτάρου
303 588 351 662 μὲν
371 585 516 658 Ἄπηλαν,
536 591 582 645 τοῦ
597 584 625 644 δὲ
645 588 770 667 νεωτίρου
790 587 886 647 Ἀέτιον
930 585 1075 663 ἢπόλεμον
1088 589 1267 659 ἀπειλοῦντος,
1285 590 1337 645 τῶν
1354 587 1495 664 Ῥωμαίων
1516 589 1631 648 στέλλειν
1643 590 1705 668 παρ’

116 673 153 731 ἐπὶ
178 673 324 752 συμμαχία
349 673 492 750 ἐπάγεσθαι
520 671 672 750 ίγνωκότος·
696 671 724 731 δν
748 673 816 732 κατδι
839 672 886 744 τὴν
923 673 1707 754 ἀύτθνπρέσόειςἀποκριναμένων,Ἀπολλώνιοςέπίμπετο,

115 761 215 837 Ῥώμην
227 759 333 836 εἴδομεν
348 759 553 838 πρεσόευόμενον
575 759 793 839 (πρεσῦευόμενοε
808 762 884 832 conj.
932 751 1013 839 οῦπερ
1028 761 1161 839 leemps<
1172 761 1218 831 πλυ
1232 761 1390 840 Σατορνιλου
1402 762 1548 838 γεγαμήκει
1560 763 1704 840 θυγατέρα,

115 845 144 904 λ’.
153 849 174 920 ),
188 845 275 920 μήπω
292 848 379 904 ίούλου
400 845 557 924 ἀρχόμενον,
571 845 659 914 ξανθὸν
673 846 720 916 τὴν
737 845 821 921 κόμην
835 855 887 913 τοῖς
932 846 964 918 ἣν
977 850 991 904 θ
1003 849 1141 913 Θεοδόσιος
1156 847 1275 906 ε’ύούλετο
1290 849 1463 929 Κωνσταντίῳ
1479 859 1638 927 κατεγγυᾶν,
1652 849 1707 920 Ζή-

114 932 183 990 αύτοῦ
193 934 408 1013 περικεχυμένην
415 934 456 991 ded
468 933 572 1009 μέγεθος
579 932 670 1010 ὤμοις.
681 931 763 993 Θετθν
772 933 799 990 δὲ
809 931 886 990 αὐτὸν
934 957 984 990 νων
1003 933 1030 992 δὲ
1046 934 1151 1013 Ῥούφῳ
1171 933 1290 992 ἐδεδώκει
1304 935 1368 1012 πρὸς
1385 935 1483 1012 γάμον·
1498 936 1555 995 τότε
1570 937 1597 994 δὲ
1612 936 1638 1004 ἐξ
1658 941 1706 994 άν-

114 1019 231 1086 δἌέτιος
251 1022 429 1098 ποιησάμενος
446 1024 528 1079 παῖδα
548 1021 594 1080 καὶ
611 1024 722 1080 πλεῖστα
738 1024 808 1099 δῶρα
829 1021 887 1089 δούς
931 1017 1039 1098 θρώπων
1061 1019 1183 1096 ἐγεγόνει.
1205 1021 1261 1078 Τοῦ
1282 1020 1401 1090 Ζήνωνος
1415 1015 1458 1080 ούν
1479 1025 1531 1080 τιῦν
1552 1023 1706 1096 ίπιτηδιίων

114 1107 162 1184 ἅμα
175 1113 212 1187 τῷ
236 1111 404 1188 βασιλεύοντι
417 1108 460 1166 ἐπὶ
478 1109 550 1186 φιλία
565 1132 592 1167 τε
611 1108 656 1166 καὶ
668 1109 800 1188 δμαιχμία
818 1108 886 1166 εἰπά-
931 1109 945 1163 t
969 1106 1137 1173 Ἀπολλώνιος
1160 1106 1270 1185 γεγονὼς
1293 1107 1338 1166 καί
1361 1106 1410 1178 τὴν
1434 1109 1594 1187 στρατηγίδα
1614 1109 1706 1189 λαχὼν

113 1200 205 1275 πεμψε.
234 1196 348 1256 Τούτων
371 1195 446 1255 ἕνεκα
467 1199 481 1253 ὁ
503 1196 627 1266 Ἆττήλας
649 1195 696 1267 τὴν
718 1196 885 1275 ἐκστρατείαν
934 1192 1034 1271 ἀρχὴν,
1048 1193 1121 1272 παρὰ
1131 1192 1174 1250 τὸν
1191 1193 1316 1265 Ἀττήλαν
1334 1194 1464 1271 ἐπέμπετο
1475 1195 1706 1274 πρεσὸευσόμενος.

113 1284 275 1358 παυόμενος,
289 1276 362 1352 αὖθις
375 1289 426 1343 τιῦν
443 1287 508 1364 ἀμφ’
523 1283 599 1342 αὐτὸν
612 1284 706 1364 ἄνδρας
719 1285 744 1350 ἐς
758 1282 804 1354 τὴν
817 1283 884 1344 Ἰτα-
931 1279 987 1338 Καί
1001 1279 1043 1337 τὸν
1055 1278 1101 1356 μὲν
1112 1275 1214 1360 Ἴστρον
1226 1283 1392 1360 ἐπεραιοῦτο,
1404 1284 1450 1340 ούκ
1461 1281 1536 1362 ἔτυχε
1548 1281 1576 1341 δὲ
1586 1289 1633 1355 τῆς
1643 1284 1707 1363 πρὸς

113 1371 164 1428 λίαν
175 1372 297 1448 ἔπεμπεν
311 1372 379 1432 ὥστε
391 1371 440 1442 τὴν
453 1371 581 1451 Ὁνωρίαν
596 1372 737 1430 ἐκδιδόναι·
755 1362 884 1452 εἶναιγὰρ
929 1365 972 1424 τὸν
989 1365 1121 1446 βάρόαρον
1136 1365 1274 1446 προσόδου.
1291 1367 1338 1427 Ἐν
1359 1369 1422 1446 ὀργῇ
1437 1367 1488 1447 γδιρ
1507 1371 1602 1436 ἐκεῖνος
1613 1369 1702 1428 ποιού-

116 1461 179 1538 αύτῷ
192 1459 367 1538 ἡρμοσμένην
380 1459 445 1539 πρὸς
461 1459 560 1537 γάμον,
575 1458 716 1537 τεκμήριον
734 1457 885 1535 ποιούμενος
929 1476 1003 1530 μενος
1015 1454 1043 1512 τὸ
1056 1453 1093 1530 μὴ
1109 1453 1262 1526 κεκομίσθαι
1273 1453 1332 1520 τοὺς
1346 1453 1455 1533 φόρους,
1473 1453 1515 1522 οθς
1529 1456 1616 1536 ἔλεγεν
1631 1459 1703 1537 αὐτῷ

114 1545 150 1602 τθν
162 1550 225 1624 παρ’
236 1549 319 1618 αὐτῆς
328 1545 477 1627 πεμρθίντα
489 1543 676 1618 δακτύλιον,δν
687 1544 732 1602 καί
741 1546 884 1624 ἐπιδειχθη·
928 1540 1000 1618 παρὰ
1025 1545 1076 1599 τῶν
1100 1540 1237 1619 βελτιόνων
1258 1539 1303 1598 καί
1328 1541 1537 1624 βασιλικωτίρων
1561 1543 1702 1622 τετάχθαι,

116 1632 213 1704 σύμενον
233 1635 367 1692 lestines·
384 1641 552 1713 παραχωρεῖν
566 1631 594 1690 δὲ
609 1634 681 1713 αὐτῷ
698 1631 741 1690 τθν
757 1634 883 1691 Βαλεντι-
928 1631 984 1686 οὐδὲ
999 1627 1044 1686 τθν
1057 1626 1414 1706 πρεσύευσάμενονέδάχετο,
1429 1634 1473 1688 τοῦ
1489 1631 1640 1711 πέμψαντος
1655 1654 1704 1688 κα-

116 1721 191 1778 νιανθν
202 1721 251 1778 καλ
265 1727 311 1780 τοῦ
324 1721 440 1797 ἡμίσεως
453 1726 498 1792 τῆς
519 1719 653 1800 βασιλείας
667 1718 776 1799 μέρους,
790 1721 825 1785 εῦς
839 1719 884 1777 καὶ
929 1717 1086 1794 τολιγωριῦν.
1101 1714 1136 1774 ‘0
1151 1715 1178 1772 δὲ
1194 1713 1363 1781 Ἀπολλώνιος
1377 1716 1467 1793 ἀνδρὸς
1480 1714 1553 1795 ἔργον
1567 1717 1636 1776 κατδι
1646 1724 1705 1776 τοῦ.

116 1813 155 1878 τῆς
162 1807 290 1888 Ὁνωρίας
299 1809 483 1886 διαδεξαμένης
492 1809 538 1886 μὲν
546 1808 620 1887 παρὰ
629 1809 726 1888 πατρὸς
734 1807 781 1879 τὴν
790 1807 883 1888 ἀρχὴν,
927 1827 972 1862 τον
986 1803 1029 1862 τὸν
1042 1801 1132 1882 καιρθν
1146 1801 1266 1882 φαίνεται
1278 1803 1494 1880 διαπραξάμενος.
1510 1809 1535 1864 Τ
1536 1811 1565 1864 οῦ
1579 1804 1630 1885 γάρ
1644 1806 1704 1866 Ἀτ·

118 1895 203 1968 ταύτης
213 1899 241 1956 δὲ
254 1901 288 1975 τῇ
301 1904 347 1956 τοῦ
358 1899 471 1978 ἀδελφοῦ
484 1901 665 1977 ἀφαιρεθεῖσαν
676 1896 820 1975 πλεονεξία.
834 1897 883 1962 Ὦς
926 1893 994 1962 τάλα
1015 1891 1053 1966 μὴ
1068 1891 1241 1970 προσιεμίνου
1255 1892 1303 1962 sip
1325 1895 1403 1950 αὐτοῦ
1419 1893 1573 1972 πρεσόείαν,
1589 1894 1655 1971 μηδὲ
1677 1897 1702 1959 le

118 1983 140 2040 θί
151 1987 172 2042 el
184 1985 298 2064 ἑσπέριοι
308 1984 439 2059 Ῥωμαῖθι
449 1988 497 2056 τῆς
510 1982 636 2063 προτίρας
647 1984 767 2062 ἐχόμενοι
778 1983 883 2062 γνώμης
925 1980 1018 2056 λόγους
1032 1981 1103 2060 αὐτῷ
1124 1981 1206 2038 ἐλθεῖν
1229 1979 1398 2058 βουλομένου,
1416 1981 1654 2059 παρακελευομίνου
1674 1981 1702 2040 δὲ

119 2070 173 2148 πρὸς
190 2072 262 2129 ούδίν
283 2074 335 2130 τῶν
356 2074 428 2152 αὐτῷ
448 2069 607 2150 δεδογμίνων
625 2069 773 2148 ὑπήκουον,
798 2071 883 2150 εἴχετο
926 2068 1038 2144 πέμπειν
1057 2067 1124 2146 άπερ
1143 2070 1213 2146 αὐτῷ
1235 2069 1265 2125 ἐκ
1284 2066 1412 2145 βασιλέως
1432 2071 1502 2146 δοῦρα
1523 2069 1642 2145 ἐκόμιζε,
1656 2070 1702 2127 καὶ

121 2159 206 2232 μὶλλον
218 2161 264 2227 τῆς
276 2163 323 2218 τοῦ
337 2157 454 2234 πολέμου
465 2160 647 2238 παρασκευῆς,
660 2166 712 2217 πᾶν
723 2154 753 2217 τδ
766 2163 817 2217 τεῦν
830 2183 881 2236 μα·
926 2155 1034 2216 θάνατον
1049 2157 1229 2232 ἀπειλοῦντος,
1242 2157 1265 2212 εἰ
1276 2156 1312 2230 μὴ
1324 2156 1394 2227 δοίη,
1403 2155 1511 2236 ἔφησεν·
1523 2183 1534 2208 ι
1548 2159 1606 2215 Οὐκ
1618 2159 1700 2216 αἰτεῖν

119 2245 193 2321 χίμων
206 2244 317 2325 ἀγείρων
331 2246 440 2317 πλῆθος.
926 2247 1042 2322 προσῆκε
1055 2243 1167 2309 Σκύθαις
1180 2241 1247 2320 άπερ
1262 2243 1349 2308 αὐτοῖς
1362 2242 1459 2310 ἔξεστιν
1472 2243 1489 2314 ί,
1504 2245 1574 2324 δῶρα
1586 2242 1603 2314 ἢ
1616 2245 1702 2302 σκῦλα

286 2371 333 2425 ¹7·
351 2351 434 2429 (γῇ,
447 2352 584 2407 Mmiani
595 2369 642 2406 an,
657 2351 704 2427 3,)
925 2329 1034 2388 λαόεῐν·
1053 2332 1214 2408 παραδηλῶν
1233 2332 1304 2410 δῶρα
1327 2329 1373 2406 plu
1388 2331 1474 2397 αὐτοῖς
1492 2330 1659 2401 δοθήσεσθαι,
1680 2334 1702 2388 εί

925 2415 1003 2475 αὐτὸν
1014 2415 1192 2496 προσδέξαιντο
1204 2417 1424 2496 πρεσῦευόμενον,
1438 2419 1524 2477 σκῦλα
1542 2416 1583 2490 δύ,
1603 2420 1625 2476 εἰ
1644 2420 1703 2476 ἀνε-

924 2504 1012 2571 λόντες
1029 2505 1172 2579 ἀφέλοιντο.
1195 2504 1275 2565 Οὕτω
1296 2505 1343 2581 μὲν
1363 2497 1407 2564 ούν
1429 2505 1561 2585 ἄπρακτος
1579 2504 1698 2583 ἐπανῄει.

929 2618 941 2644 ι
958 2597 1012 2650 Ηίσ
1024 2595 1137 2650 videtur
1150 2613 1208 2651 esse
1229 2596 1397 2670 Apollonius
1416 2596 1465 2669 qui
1481 2606 1586 2669 ¹postea
1603 2597 1702 2650 consul

152 2461 302 2518 demandes
322 2482 349 2519 c.
374 2469 410 2530 da
437 2479 445 2520 :
469 2465 558 2534 Quum
577 2465 619 2518 ad
636 2447 753 2520 Romem
773 2469 882 2520 animus

115 2545 204 2616 suisset
213 2557 272 2622 ejus
283 2549 402 2627 [Attila]
417 2563 537 2607 attentus
546 2553 689 2620 accedere,
705 2558 747 2606 rui
758 2571 839 2622 eum,
854 2565 883 2607 nt

119 2636 215 2691 Priscus
225 2636 311 2708 refert
328 2639 486 2708 historicus,
500 2658 655 2709 removere,
673 2659 729 2695 ποτε
740 2641 815 2709 urbi,
836 2646 882 2696 eui

119 2730 214 2778 mimici
225 2739 323 2796 erant,
336 2728 518 2795 consulentes,
546 2729 599 2782 sed
610 2730 721 2782 Alarici
743 2730 881 2802 quondam

120 2811 322 2887 Vere-gothorum
342 2819 418 2886 regis
429 2811 589 2886 objicientes
602 2817 772 2890 exemplum,
796 2823 882 2873 ueriti

925 2681 978 2738 isit
1002 2701 1067 2739 eum
1089 2685 1192 2757 Magno
1214 2681 1312 2762 1460).
1335 2684 1407 2739 Sunt
1429 2683 1466 2738 ed
1489 2684 1569 2738 illum
1592 2683 1703 2754 aliquot

924 2771 1096 2826 Theodoreti
1110 2772 1233 2845 epistolae
1251 2769 1298 2846 (n.
1324 2770 1359 2842 73
1383 2781 1412 2826 et
1432 2768 1524 2844 303),
1545 2771 1595 2843 qui
1616 2771 1702 2825 etiam

924 2857 991 2912 Ruti
1016 2860 1128 2913 comitis
1150 2861 1279 2914 meminit
1300 2860 1330 2912 in
1353 2877 1399 2932 ep.
1426 2878 1475 2933 79.
1506 2881 1518 2908 s
1548 2861 1696 2916 thnsrus.

925 2944 1009 2999 Plura
1025 2943 1059 2999 de
1072 2945 1116 2999 his
1127 2945 1192 3000 vide
1206 2963 1254 3019 ap.
1277 2945 1436 3000 'tillemont
1458 2948 1512 3014 VI,
1532 2964 1562 3019 p.
1585 2947 1632 3016 73.
1649 2965 1698 3020 99.

928 3030 992 3089 103.
1011 3031 1077 3105 ²93·

117 2905 182 2971 regis
197 2905 240 2952 sui
254 2897 417 2974 fortunam,
440 2907 509 2975 quia
531 2905 581 2957 ille
596 2915 662 2976 post
672 2899 801 2973 fractam
821 2907 879 2962 Ro-

117 3001 182 3039 morn
192 2987 240 3040 diu
251 3003 307 3040 nore
318 2993 525 3061 supervixerat,
537 2991 589 3045 sed
594 2996 724 3064 protinus
736 2993 817 3046 rebus
830 2990 879 3046 ed·

117 3073 330 3132 cessirdumonis.
339 3075 383 3134 Cf.
396 3075 502 3135 chron.
514 3078 642 3134 Paschal.
653 3099 685 3152 p.
700 3077 754 3149 587
768 3081 856 3136 Bonn.
870 3097 877 3137 :

118 3149 213 3234 Περὶοῦ
224 3158 339 3234 πολέμου
352 3161 361 3234 (
368 3181 408 3218 sc.
425 3163 533 3238 Attus)
545 3163 725 3242 συνεγράψατο
737 3165 750 3221 ό
760 3162 880 3244 σορόιτα-

116 3267 154 3310 τις
164 3243 272 3324 Πρίσκος
283 3250 298 3305 θ
308 3247 394 3328 Θρᾷξ.

284 3361 330 3416 13·
346 3361 421 3436 (¹¹5²
438 3364 575 3419 Marciani
589 3382 634 3419 ³¹¹·
651 3363 699 3440 3·)
962 3385 1032 3439 Εκσ.
1059 3386 1102 3439 De
1124 3384 1197 3457 legg.
1217 3394 1293 3456 gent.
1313 3401 1343 3457 p.
1365 3389 1403 3448 lo
1426 3400 1432 3440 :
1455 3380 1517 3440 Ὅτι
1539 3384 1553 3440 δ
1577 3380 1700 3451 Ἀττήλας

151 3465 213 3520 Exn.
226 3468 269 3522 De
280 3466 336 3542 leg.
350 3469 436 3522 Rom.
451 3487 482 3543 p.
500 3487 548 3540 7²·
564 3467 599 3539 73
611 3483 619 3525 τ
631 3462 695 3526 Ὀτι
706 3471 750 3524 τοῦ
762 3466 874 3538 ’λττιίλα
924 3465 992 3544 μετὰ
1002 3465 1032 3525 τδ
1046 3466 1093 3538 τὴν
1106 3465 1221 3528 Ἰταλίαν
1234 3465 1472 3547 ἀνδραποδίσασθαι
1484 3465 1527 3524 ἐπὶ
1539 3465 1572 3524 τδ
1585 3466 1697 3546 σφέτερα

116 3559 1689 3590 *dd—*W

118 3637 168 3684 gun
180 3626 280 3688 ipsorum
290 3627 370 3678 obitus
379 3631 403 3678 et
411 3628 441 3678 de
456 3643 528 3692 regno
539 3630 601 3680 inter
613 3631 700 3680 liberos
708 3633 878 3693 eontmversia,
923 3633 983 3697 ejus,
990 3633 1031 3695 qui
1039 3632 1159 3683 Saturnini
1168 3633 1239 3682 tillem
1245 3631 1544 3694 duxeretuxerem,qiram
1552 3631 1700 3682 Theodosius

115 3713 182 3761 ηαστε
194 3705 268 3765 maior
278 3707 336 3753 natu
346 3707 443 3754 Attilam
455 3707 544 3755 anxilio
554 3709 671 3769 vorasset,
683 3709 780 3756 Aetium
790 3709 876 3769 minor,
924 3711 1063 3762 constantio
1074 3711 1222 3773 promiserat,
1234 3713 1296 3760 Zeno
1306 3711 1431 3760 veroiiuio
1441 3710 1578 3770 collocarat,
1588 3709 1630 3771 qui
1639 3711 1700 3758 tune

114 3789 180 3838 qvem
192 3782 271 3830 Romae
282 3780 386 3831 vidimus
396 3781 540 3844 legationem
549 3782 688 3844 obeuntem,
698 3784 805 3834 nondum
813 3786 879 3834 Ιειιιι·
923 3790 1015 3840 invitis
1023 3802 1074 3839 esse
1083 3789 1191 3840 desierat.
1203 3791 1287 3851 itaque
1295 3789 1432 3850 Apollonius
1443 3789 1506 3838 inter
1515 3788 1644 3838 imniliares
1653 3791 1695 3838 ze·

112 3853 161 3913 gine
169 3857 329 3918 elioresrente,
339 3858 401 3908 tlara
410 3871 490 3919 eosne,
501 3861 526 3908 ei
533 3859 623 3921 oapiilis
630 3863 726 3923 propter
735 3861 877 3911 densitatem
923 3867 1000 3927 nonu,
1008 3870 1033 3916 et
1040 3865 1107 3915 ducis
1114 3866 1227 3928 dignitate
1235 3868 1328 3923 suetus,
1338 3865 1454 3926 legatione
1465 3865 1589 3914 iunctums
1599 3863 1628 3912 ad
1639 3864 1699 3914 atti·

111 3935 134 3980 et
143 3935 324 3996 magnitudinem
332 3949 402 3999 super
411 3938 524 3987 humeros
533 3937 622 3988 etltrsis.
634 3939 703 3987 Ηυεισ
714 3939 786 3990 etiam
797 3941 879 3990 Aetius
922 3941 970 3990 lam
985 3942 1070 3992 missus
1085 3944 1144 3990 erat.
1156 3941 1201 3991 Sed
1218 3941 1355 3990 transmisso
1367 3943 1440 3998 istro,
1455 3940 1554 3989 minime
1564 3939 1655 3990 editum
1668 3940 1698 3989 ed

110 4009 149 4056 lm
159 4011 387 4075 tomedoptnrerat,
400 4017 425 4064 et
435 4014 544 4077 piurimis
553 4015 622 4064 donis
630 4015 661 4064 ab
670 4017 720 4078 ipso
729 4019 754 4066 et
762 4017 793 4066 ab
806 4017 878 4079 impe·
922 4019 1021 4070 Attilam
1029 4021 1114 4068 nactus
1123 4020 1167 4068 est
1179 4021 1272 4067 Etenim
1289 4017 1383 4077 attilas,
1396 4015 1431 4065 ire
1448 4017 1566 4077 metuens,
1577 4015 1640 4078 quod
1654 4017 1698 4066 sibi

109 4091 183 4138 satore
191 4095 313 4152 ornatum,
323 4092 430 4155 initaque
438 4106 530 4143 comeo
539 4093 642 4143 amicitia
653 4096 677 4143 et
685 4095 798 4152 societate
807 4095 877 4145 dimi·
923 4099 1055 4158 tributum,
1068 4096 1133 4160 quod
1142 4097 1173 4146 ab
1184 4096 1280 4158 optimis
1289 4099 1314 4144 et
1328 4095 1480 4144 nobilissimis
1489 4093 1598 4144 viriseibi
1607 4096 1698 4144 eonsti-

106 4171 173 4215 serat.
187 4169 349 4226 Quamobrem
361 4170 447 4219 Attilae
460 4173 588 4232 antequam
601 4170 625 4218 in
637 4183 690 4219 eam
701 4171 877 4233 expeditionem
921 4177 1001 4225 tutum
1014 4187 1065 4224 esse
1073 4174 1148 4235 dixit,
1159 4186 1206 4222 non
1221 4173 1362 4232 solveretur,
1376 4172 1480 4234 ligatum
1491 4172 1588 4221 minime
1602 4171 1699 4221 admisit

105 4240 367 4304 ingrederetumrsns
376 4245 466 4309 legatos
476 4245 500 4295 in
510 4247 603 4296 italiam
612 4247 685 4306 nit—it,
695 4247 736 4310 qui
749 4249 877 4298 lionoriam
921 4253 1060 4314 contemptu
1069 4249 1209 4312 ejus,aqu0
1218 4249 1371 4299 missuserat.
1383 4247 1698 4310 Quotemporeipotionius

105 4323 239 4382 μεεεεεαίς
250 4333 304 4372 eam
314 4321 378 4372 mim
387 4336 468 4372 σωυιυ
478 4323 656 4372 matrimonium
667 4323 782 4386 pepigisse
792 4343 798 4374 ι
809 4325 878 4387 eujus
922 4329 1065 4390 magnanimi
1076 4327 1121 4375 viri
1132 4327 1222 4376 iaeinus
1229 4339 1302 4375 ausus
1311 4339 1361 4375 esse
1371 4325 1466 4374 dieitur.
1475 4325 1578 4384 illenim,
1588 4337 1698 4387 quamvis

105 4395 138 4443 rei
148 4399 174 4446 ut
183 4397 253 4448 iidem
264 4399 364 4460 lateret,
375 4399 492 4449 annulum
503 4401 533 4449 ab
541 4413 569 4450 ea
578 4399 608 4449 ad
618 4413 643 4450 se
654 4401 752 4451 missum
762 4414 804 4462 per
814 4402 876 4464 lega·
922 4405 1008 4456 Attitas
1020 4404 1118 4453 minime
1130 4410 1207 4453 ratam
1223 4402 1320 4452 liaberet
1336 4403 1387 4463 eius
1398 4401 1552 4464 legationem,
1572 4414 1649 4463 neque
1661 4401 1699 4449 sui

105 4477 150 4532 toa,
162 4477 249 4537 quibus
260 4477 400 4538 tradiderat,
410 4479 517 4528 exhiberi
526 4479 656 4530 mandavit.
667 4480 746 4530 Etiam
755 4479 877 4531 dimidiam
921 4481 1075 4533 conveniendi
1088 4483 1228 4543 potestatem
1246 4481 1325 4530 iecere
1341 4480 1426 4540 uellet,
1444 4479 1519 4528 nihilo
1534 4478 1610 4528 secius
1621 4479 1697 4538 done,

106 4551 195 4614 imperii
206 4559 297 4618 partem
307 4555 351 4605 sini
360 4557 553 4606 valentinianum
563 4557 658 4620 debere,
667 4571 744 4622 quum
755 4559 785 4607 ad
795 4563 876 4610 liono-
921 4574 975 4624 qum
984 4559 1013 4608 ed
1028 4572 1084 4608 eum
1096 4559 1127 4608 ab
1139 4558 1281 4620 imperatore
1298 4557 1437 4619 apollonius
1445 4555 1567 4616 attulerat,
1580 4554 1624 4604 sibi
1636 4553 1698 4603 tradi

108 4632 163 4678 rtem
171 4631 223 4690 jere
234 4635 360 4694 paternum
372 4646 471 4694 regnum
483 4635 624 4695 pertineret,
639 4647 688 4698 quo
698 4635 786 4696 iniuste
799 4637 877 4687 [ratris
922 4637 1070 4700 postulabat,
1085 4635 1109 4684 ni
1120 4633 1203 4695 daret,
1213 4635 1315 4684 mortem
1329 4633 1451 4682 illaturum
1462 4633 1607 4681 minabatur.
1628 4629 1697 4692 Apol·

108 4707 233 4769 mpiditate
251 4711 344 4772 privata
359 4713 429 4760 esset.
445 4710 491 4760 sed
503 4723 579 4772 quom
598 4711 699 4761 Romani
713 4713 877 4763 occidentale
920 4715 999 4764 tonius
1016 4719 1097 4764 eutem
1111 4713 1247 4776 respondit,
1261 4726 1309 4761 non
1327 4711 1411 4761 decere
1428 4711 1527 4773 scythas
1539 4724 1569 4760 σε
1588 4708 1698 4771 precibus

110 4781 214 4845 npetu·
220 4786 336 4836 sententia
343 4787 495 4848 persisterent
502 4787 526 4835 et
534 4783 613 4836 attile
620 4789 733 4836 mandale
742 4789 875 4852 rejicerent,
920 4795 1111 4854 expeteremus
1126 4793 1168 4840 aut
1183 4803 1226 4852 pro
1242 4789 1314 4838 donis
1330 4791 1372 4836 aut
1384 4791 1499 4850 unquam
1511 4787 1586 4848 spotia
1597 4785 1641 4834 sibi
1653 4797 1696 4835 su-

111 4861 156 4920 'pst
167 4865 217 4910 toto
224 4863 331 4913 σείσατο
340 4865 472 4912 convocato
481 4864 570 4924 maiore
578 4863 603 4912 τί
612 4863 701 4913 beilum
713 4865 813 4927 paravit.
921 4881 985 4917 mere
995 4867 1077 4917 liceret
1087 4886 1093 4916 :
1104 4867 1211 4916 indicans
1220 4865 1283 4915 done
1292 4863 1321 4913 iis
1330 4877 1433 4922 cessure,
1443 4865 1462 4913 si
1471 4877 1496 4914 se
1507 4866 1621 4924 tanquam
1631 4862 1695 4922 iege·

502 4947 544 4996 18.
920 4949 973 4996 tum
986 4946 1153 5007 admitterent,
1165 4945 1256 5008 spolia,
1267 4943 1287 4993 si
1300 4944 1424 4993 interiecto
1433 4943 1476 4992 sibi
1486 4942 1609 5004 eriperent.
1623 4942 1653 4989 m
1663 4940 1696 4988 sie

136 5013 483 5080 Qunmettitastrihntumeum
489 5026 770 5079 Theodosiomnrentom
776 5030 875 5090 peteret,
923 5023 1047 5073 iniectare
1059 5023 1143 5096 rediit..

113 5103 151 5146 aut
161 5099 245 5152 betium
256 5105 398 5166 minaretur,
410 5101 577 5153 elttomenise
590 5103 623 5152 ilii
633 5106 674 5166 pet
684 5104 773 5166 legatos
784 5108 875 5156 salisia-
1289 5102 1328 5152 19-

115 5179 187 5227 ttnrm
195 5179 380 5242 rependissent,
391 5179 519 5231 missusest
527 5180 673 5242 Apollonius.
684 5181 727 5231 iiie
739 5186 789 5232 erat
802 5181 875 5234 irater
951 5185 1049 5246 Attilae,
1064 5185 1156 5233 vastate
1169 5183 1251 5242 italia,
1267 5181 1296 5230 ed
1306 5193 1349 5231 sua
1360 5193 1386 5228 se
1395 5178 1489 5238 retulit,
1501 5179 1525 5227 et
1536 5179 1697 5227 Romanorum

1551 5269 1571 5308 r.

1102 3203 1460 3277 19.(452.1tta1·ctanian.
1479 3204 1523 3277 3.)
