3842 5726
278 344 1015 482 ὣΟΒΥΜΡ1011011116
1058 345 1485 478 THEBAEUS.

716 691 1129 742 ww...—

152 917 381 995 Olympiodorus
406 935 441 975 ex
467 917 590 991 AEgypto
611 919 765 987 Thebaeus,
788 917 901 991 gentilis
943 935 1009 972 cum
1031 935 1065 974 eo
1087 914 1521 986 0011001οῑ,0010111011100010
1541 920 1716 979 Constantini

117 1020 199 1084 poeta
218 1019 250 1062 et
269 1006 438 1076 historicus,
462 1006 605 1077 Byzantii,
626 1017 659 1062 ut
680 1005 803 1074 ridetur,
830 1007 902 1060 vixit
945 1001 1071 1075 tyranni,
1089 1023 1151 1076 quae
1169 1005 1265 1079 paullo
1284 1006 1399 1078 quidem
1419 1010 1541 1076 seriore,
1564 1011 1715 1065 commodo

119 1093 295 1168 temporibus
311 1091 427 1148 Arcadii
450 1102 479 1148 et
496 1088 651 1146 Theodosii
665 1091 792 1146 secundi.
820 1092 902 1146 Circa
945 1100 1038 1144 tamen
1052 1091 1117 1144 loco
1132 1093 1241 1164 integra
1253 1102 1282 1147 et
1295 1093 1356 1147 aliis
1369 1093 1448 1149 haud
1465 1096 1623 1170 interrupta
1633 1115 1716 1151 enar-

120 1199 221 1236 annum
234 1187 294 1246 400
311 1180 482 1253 legationem
499 1179 597 1234 obiens
612 1178 650 1234 ad
666 1181 810 1234 Donatum
825 1180 902 1233 Hun-
944 1187 1032 1232 ratur.
1049 1177 1162 1232 Judicio
1184 1179 1328 1232 Zosimum
1341 1197 1393 1234 suo
1409 1198 1467 1235 esse
1486 1199 1585 1250 usum,
1600 1201 1653 1237 nec
1676 1194 1715 1238 tc¹

118 1287 218 1322 norum
233 1266 368 1340 regulum
380 1264 424 1339 (v.
437 1267 507 1320 Exc.
525 1265 608 1320 Phot.
628 1262 645 1336 §
659 1261 710 1339 18)
728 1265 830 1319 itinere
840 1282 901 1318 ma·
944 1281 1019 1319 mere
1033 1266 1231 1320 auctoritatem
1245 1266 1325 1322 ducis
1338 1267 1382 1320 sui
1399 1279 1540 1336 secutum,
1552 1281 1717 1342 argumento

119 1355 211 1408 ritimo
223 1369 322 1424 eoque
335 1351 574 1426 periculosissimo
592 1349 735 1424 profectus
749 1361 800 1404 est.
816 1349 901 1404 Aliud
945 1362 1027 1406 erunt
1040 1353 1117 1422 loca,
1129 1354 1158 1406 in
1176 1353 1279 1426 quibus
1297 1354 1332 1408 ab
1351 1354 1559 1427 Olympiodoro
1581 1357 1716 1425 discedit,

121 1441 169 1496 iter
178 1440 373 1508 maritimum,
387 1456 446 1511 quo
457 1438 526 1492 item
537 1437 626 1492 multa
638 1448 738 1492 auctor
754 1454 902 1511 perpessus
945 1449 973 1494 et
983 1440 1053 1507 alin,
1066 1458 1128 1511 qnae
1138 1441 1183 1494 vel
1194 1441 1224 1494 in
1233 1441 1374 1496 breviario
1381 1442 1474 1496 Photii
1480 1444 1719 1517 paulloprolixius

120 1531 166 1598 sit,
178 1526 370 1582 inPhotianis
381 1526 521 1600 excerptis
535 1523 569 1599 (S
582 1523 619 1578 08
629 1524 637 1598 )
648 1525 903 1578 memoraturinter
944 1537 1010 1580 sunt
1021 1526 1175 1598 explicata,
1189 1527 1348 1600 docebunt,
1360 1539 1498 1599 quantum
1511 1531 1547 1584 sit
1562 1532 1591 1584 in
1606 1533 1718 1588 Zosimo

120 1614 390 1689 resquaepertineut
399 1613 437 1668 ad
446 1611 756 1677 annumdrbNidetur
767 1613 901 1684 Byzantio
944 1612 1092 1668 brevitatis
1105 1613 1243 1683 studium,
1266 1615 1345 1686 quod
1363 1615 1409 1670 vel
1427 1616 1629 1672 obscuritatem
1646 1638 1719 1674 non·

121 1714 176 1758 tum
187 1705 219 1757 in
230 1702 375 1758 Graeciam
383 1700 541 1771 trajecisse,
551 1699 783 1772 quandoquidem
797 1699 902 1754 ibidem
944 1700 1028 1754 nullis
1050 1699 1164 1754 videtur
1186 1701 1317 1756 affudisse
1330 1703 1402 1756 locis
1412 1700 1421 1775 (
1430 1721 1455 1757 c.
1470 1721 1499 1776 g.
1512 1706 1545 1772 V,
1560 1705 1608 1774 34,
1625 1724 1653 1760 a.
1669 1708 1717 1776 37,

121 1801 252 1844 narratur
274 1787 501 1862 olympiodorus
520 1787 644 1842 Athenas
667 1787 824 1860 appulisse,
851 1786 902 1840 ubi
945 1785 1045 1854 avt,
1062 1785 1091 1854 8,
1111 1785 1153 1859 ι).
1170 1788 1237 1858 Quae
1254 1788 1288 1844 de
1303 1806 1399 1843 rerum
1411 1792 1501 1845 causis
1517 1793 1719 1864 ritiisqueim-

122 1877 274 1931 leonuum
287 1877 319 1930 iu
340 1875 475 1930 thronum
491 1873 677 1948 sophisticum
698 1890 787 1946 opera
805 1881 903 1928 suaet
944 1883 1125 1946 peratorum,
1146 1874 1287 1948 rebusque
1306 1875 1505 1948 praefectorum
1523 1879 1653 1934 civilibus
1672 1893 1721 1936 aut

120 1964 216 2019 studio
240 1965 379 2018 erexerit.
405 1963 536 2034 Denique
557 1962 672 2016 tertium
693 1961 756 2032 iter,
782 1961 812 2015 in
842 1979 901 2033 quo
945 1961 1113 2016 militaribus
1122 1960 1251 2032 judicata
1266 1964 1360 2020 inhac
1377 1975 1459 2038 parte
1472 1967 1605 2040 legimus,
1623 1970 1720 2040 Olym·

121 2068 213 2104 nusus
227 2045 300 2104 κατὰ
324 2045 459 2104 θάλασσαν
483 2043 570 2104 πολλὰ
588 2042 677 2102 παθὼν
700 2047 714 2102 6
740 2043 903 2125 συγγραφεὺς
944 2047 1061 2122 piodori
1077 2050 1173 2122 potius
1191 2068 1251 2106 esse
1269 2069 1356 2126 quam
1376 2053 1413 2122 ab
1428 2053 1541 2108 Zosimo
1561 2055 1646 2108 animi
1660 2057 1721 2112 acie

122 2135 193 2210 μόλις
217 2134 360 2200 διεσώζετο
384 2134 419 2209 (§
444 2131 517 2208 35),
543 2135 620 2190 circa
651 2152 756 2189 armum
787 2139 840 2199 400
872 2135 904 2189 10
945 2135 1073 2205 inventa,
1087 2137 1274 2210 suspicamur,
1288 2156 1406 2211 eamque
1418 2139 1456 2193 ob
1468 2157 1582 2196 causam
1594 2159 1643 2210 ea,
1658 2160 1721 2215 quae

120 2225 276 2300 AEgyptum
290 2223 435 2296 suscepit,
448 2221 614 2294 Thebasque
624 2222 747 2296 patriam
758 2222 840 2295 visit,
858 2222 903 2276 in-
946 2221 981 2277 de
994 2222 1156 2278 Stilichonis
1166 2224 1319 2279 virtutibus
1331 2243 1364 2280 ac
1378 2227 1455 2281 uitiis
1470 2228 1506 2282 ab
1524 2228 1602 2284 omni
1617 2229 1721 2301 iniqui·

122 2311 212 2384 deque
237 2309 391 2366 meridiem
413 2327 510 2365 versus
530 2310 641 2381 Syenen
662 2308 826 2376 contendit,
850 2325 903 2364 nec
947 2319 1003 2366 tate
1013 2309 1120 2365 alienus
1128 2308 1494 2387 judicavit,u0nEunapio,
1504 2315 1553 2386 qui
1563 2325 1595 2369 ut
1603 2316 1722 2390 impium

120 2419 176 2455 nou
195 2401 380 2471 Blemmyum
392 2399 540 2473 regionem
560 2397 699 2452 lustravit.
723 2399 801 2452 Inter
822 2396 902 2452 lami·
946 2399 977 2451 in
985 2396 1127 2468 majorum
1137 2415 1217 2453 sacra
1225 2397 1370 2454 hominem
1382 2417 1447 2456 eum
1457 2403 1662 2476 exagitaverat,
1673 2404 1723 2459 scd

120 2489 200 2544 lieres
212 2487 275 2559 ejus
289 2487 441 2542 Philtatius
456 2484 574 2558 quidam
587 2494 663 2552 crat,
675 2483 772 2561 εὐφυῶς
785 2479 846 2560 περὶ
856 2479 904 2551 τὴν
947 2484 1154 2560 Olympiodoro
1167 2484 1240 2541 duce
1250 2487 1373 2560 scripsit.
1392 2489 1526 2559 Quicum
1543 2489 1656 2544 Zosimo
1674 2490 1721 2546 bie

121 2569 311 2650 ypappurutits
325 2569 394 2649 ἔχων
408 2571 445 2648 (S
465 2571 540 2646 32),
560 2581 590 2626 et
606 2571 724 2627 fortasse
742 2572 828 2626 etiam
847 2573 904 2626 Va·
948 2573 1109 2645 comparari
1126 2573 1280 2647 scriptores
1298 2573 1485 2647 adhiberique
1505 2574 1542 2630 ad
1555 2574 1616 2648 ejus
1629 2595 1723 2632 emen-

120 2661 222 2734 lerius,
233 2662 288 2734 qui
298 2661 353 2716 snb
364 2661 528 2718 Constantio
540 2659 610 2738 imp.
622 2658 771 2734 praelectus
779 2659 905 2714 Thracias
949 2656 1093 2714 dationem
1103 2660 1226 2733 possint,
1243 2661 1264 2714 11
1277 2669 1306 2715 et
1316 2661 1479 2734 paucissimi
1490 2672 1556 2716 sunt
1571 2672 1599 2716 et
1613 2663 1724 2717 minimi

121 2746 351 2822 1000014507).
947 2747 1095 2802 momenti.
1111 2747 1227 2802 Orosius
1247 2746 1378 2820 quidem,
1397 2749 1451 2804 uisi
1467 2747 1545 2820 justo
1563 2751 1679 2823 parcior
1691 2769 1724 2806 ao

158 2835 283 2910 Scripsit
293 2831 518 2908 Olympiodorus
528 2842 616 2907 atque
625 2831 787 2890 Tbeodosio
796 2829 906 2903 juniori
948 2833 1064 2890 brevior
1075 2835 1106 2889 in
1115 2834 1200 2890 rebus
1212 2834 1374 2890 enarrandis
1386 2835 1499 2909 fuisset,
1509 2836 1724 2910 indulsissetque

123 2921 267 2978 dedicarit
279 2921 467 2978 historiarum
480 2921 570 2978 libros
582 2921 641 2976 sire
657 2917 748 2994 λόγους
761 2917 905 2996 ἱστορικοὺς
948 2922 1041 2976 minus
1068 2921 1183 2996 ingenio
1213 2921 1428 2997 superstitioso,
1450 2933 1483 2978 ut
1508 2925 1623 2998 aequalis
1644 2935 1725 2980 aetate

123 3007 737 3084 vigintiduos‚quibusrasannorum·t‘erme
745 3007 907 3064 octodecim
950 3006 1078 3080 adeoque
1096 3009 1219 3064 maxime
1237 3010 1406 3066 auctoritate
1425 3011 1725 3085 pollens,utilissimus

127 3095 355 3165 continebantur,
368 3094 692 3152 indeabflonoriianno
702 3093 906 3150 decimotertio
950 3093 1075 3150 adhunc
1093 3114 1176 3152 usum
1192 3095 1276 3151 soret.
1294 3097 1482 3171 Suppeditant
1498 3099 1650 3168 nonnulla,
1663 3117 1726 3172 quas

130 3181 203 3258 (407)
214 3201 307 3258 usque
317 3183 356 3240 ad
362 3201 468 3238 annum
479 3180 548 3252 405,
559 3199 618 3255 quo
630 3181 843 3238 Valentinianus
852 3190 906 3236 ter-
949 3179 1006 3235 huc
1019 3180 1141 3255 faciunt,
1152 3191 1256 3256 praeter
1268 3180 1456 3238 Sozomenum
1470 3195 1499 3239 et
1508 3185 1726 3258 Philostorgium

133 3272 186 3326 tius
201 3271 324 3346 imperio
338 3271 450 3345 potitus
462 3279 514 3332 est.
530 3269 661 3325 Ceterum
682 3286 740 3323 non
758 3266 791 3323 id
806 3278 908 3324 auctor
950 3277 979 3324 et
1000 3266 1235 3344 chronographos
1261 3269 1456 3326 Marcellinum
1485 3280 1514 3324 et
1539 3271 1726 3344 Prosperum,

135 3357 200 3430 egit,
213 3368 246 3413 ut
257 3376 332 3433 opus
343 3357 382 3413 ad
389 3354 473 3428 justae
484 3353 797 3411 historiaeseveritatem
810 3355 908 3410 elaho·
951 3353 1108 3410 Jornandes
1126 3366 1156 3411 et
1174 3355 1347 3429 Procopius,
1367 3355 1416 3412 hic
1440 3356 1471 3412 in
1490 3357 1610 3428 ultimis,
1630 3358 1677 3412 ille
1697 3360 1727 3413 in

136 3447 284 3515 meused
297 3445 448 3502 materiam
458 3443 504 3499 vel
520 3444 621 3499 silvam
639 3443 777 3498 historico
796 3443 909 3498 uberri-
951 3441 1111 3517 prioribus,
1124 3441 1247 3515 denique
1263 3443 1451 3516 Augustinus,
1463 3443 1592 3517 aequalis,
1613 3462 1646 3499 ac
1665 3447 1726 3501 Fri·

137 3549 206 3588 mam
226 3533 433 3608 praeberesatis
444 3529 556 3586 habuit.
572 3531 667 3602 Quare
685 3541 746 3614 tum
766 3529 801 3586 de
814 3549 910 3586 rerum
952 3530 1065 3604 geridus
1091 3531 1271 3586 Turonensis.
1299 3532 1407 3588 Ultimo
1437 3531 1502 3588 loco
1529 3532 1725 3602 monebimus,

139 3617 228 3674 ordine
250 3617 457 3694 chronologico
476 3619 569 3674 minus
587 3618 725 3674 sollicitus
744 3617 812 3688 fuit,
832 3628 860 3675 ct
879 3618 910 3676 in
952 3615 1062 3671 hiatum
1085 3633 1144 3672 esse
1164 3616 1377 3690 quodammodo
1403 3618 1526 3674 historiae
1548 3637 1644 3674 rerum
1665 3640 1727 3694 quae

137 3703 271 3761 hmdenda
283 3705 414 3760 oratione
425 3705 509 3778 genio
520 3722 572 3760 suo
584 3703 711 3760 indulsit.
953 3705 1027 3759 inter
1054 3722 1159 3760 annum
1185 3711 1240 3771 404
1267 3717 1296 3762 et
1326 3713 1380 3777 407
1413 3717 1496 3782 gestas
1519 3718 1609 3764 erant.
1633 3709 1727 3779 Quum

174 3793 273 3848 Praeter
284 3791 421 3848 Photium
432 3809 506 3848 unus
517 3793 645 3848 Zosimus
656 3792 741 3846 semel
754 3791 795 3867 (V,
807 3790 854 3864 27)
867 3789 910 3846 di·
954 3791 1030 3844 enim
1052 3791 1198 3864 Eunapius
1219 3791 1343 3848 historiae
1365 3812 1421 3849 suas
1448 3791 1533 3849 linem
1564 3811 1639 3848 anno
1672 3802 1726 3860 404

137 3889 232 3935 ernam
245 3879 330 3952 hujus
339 3879 489 3953 scriptoris
500 3879 674 3934 mentionem
690 3877 800 3950 injecit.
815 3878 911 3934 Dubi-
955 3875 1070 3946 secerit,
1092 3879 1315 3952 Olympiodorus
1338 3891 1433 3936 autem
1459 3898 1539 3936 suam
1567 3899 1642 3935 anno
1672 3889 1725 3950 407

138 3969 242 4042 tarique
266 3967 385 4041 nequit,
409 3967 479 4039 quin
501 3977 578 4022 recte
606 3966 801 4021 Tillemontius
825 3963 910 4040 (Hirr.
955 3981 1071 4021 exorsus
1083 3967 1277 4033 sit,relictum
1289 3969 1324 4023 ab
1333 3969 1369 4023 iis
1378 3979 1420 4023 est
1430 3969 1658 4042 spatium,quod
1674 3971 1729 4023 nisi

138 4053 282 4128 desemp.,
298 4065 370 4108 tom.
397 4055 432 4121 V,
446 4071 477 4128 p.
493 4052 571 4128 656)
590 4064 619 4108 et
637 4053 839 4108 Reitemeierus
857 4053 913 4128 lad
956 4051 1068 4107 aliunde
1081 4063 1189 4108 sartum
1206 4056 1334 4109 Zosimus
1346 4056 1476 4129 praestitit
1492 4073 1525 4110 ac
1534 4055 1619 4109 rebus
1634 4056 1665 4110 10
1679 4057 1727 4109 1110

140 4140 200 4195 Zos.
223 4158 255 4216 p.
279 4140 357 4214 611)
371 4141 517 4195 Zosimum
538 4141 569 4195 in
588 4150 733 4215 postrema
756 4141 850 4214 operis
868 4141 912 4196 sui
956 4140 1091 4214 temporis
1099 4141 1248 4196 intervallo
1256 4143 1339 4216 gestis
1347 4142 1478 4216 explevit,
1487 4142 1574 4215 ipsius
1582 4141 1729 4196 historiam

137 4226 336 4302 partelindea
353 4227 405 4282 lib.
423 4229 459 4296 V,
484 4226 540 4304 06)
563 4227 771 4302 Olympiodoro
791 4228 912 4284 maxime
955 4225 1149 4300 imperfectam
1168 4228 1287 4285 reddere
1308 4229 1416 4285 debuit.
1446 4229 1589 4301 Quantum
1612 4248 1728 4304 compa·

139 4331 167 4367 se
178 4313 312 4369 addixisse
325 4315 486 4369 statuerint.
505 4315 712 4370 Reitemeierus
732 4315 751 4369 l.
775 4313 795 4370 l.
817 4315 853 4372 de
869 4315 913 4371 his
955 4312 1046 4368 raudo
1057 4325 1152 4387 potest
1161 4315 1279 4386 conjici,
1291 4334 1326 4370 en
1340 4315 1562 4390 Olympiodoro,
1581 4315 1632 4388 qui
1648 4334 1730 4370 exor·
1773 4327 1774 4332 ’

139 4401 178 4454 ita
187 4399 292 4456 habet:
312 4421 325 4450 ι
341 4401 375 4455 10
391 4411 536 4475 postrema
556 4401 610 4456 hae
621 4402 744 4457 historiae
759 4420 814 4456 suae
832 4413 913 4477 parte
957 4398 1036 4454 dium
1050 4399 1174 4456 historiae
1191 4421 1247 4457 suae
1264 4403 1360 4476 paullo
1374 4404 1457 4458 altius
1477 4401 1589 4458 duxisse
1603 4402 1728 4472 videtur,

140 4489 277 4556 Zosimus,
292 4499 445 4563 postquam
458 4489 489 4542 in
504 4488 698 4563 superioribus
717 4489 912 4546 0001010110-
957 4503 1006 4556 ea,
1025 4505 1086 4559 quae
1104 4489 1145 4568 iis⁴
1158 4491 1238 4544 anriis
1259 4500 1324 4545 sunt
1341 4490 1468 4558 inclusa,
1485 4500 1597 4564 sumpta
1617 4500 1730 4544 suntet

139 4575 250 4648 capium
263 4575 364 4631 ducem
378 4575 479 4630 habuit
486 4613 495 4644 ,
508 4575 709 4650 olympiodori
729 4593 823 4645 nunc,
843 4578 912 4632 scri·
956 4575 1100 4630 translata.
1115 4597 1127 4624 υ
1142 4606 1180 4616 -
1190 4576 1293 4630 Praeter
1302 4577 1445 4632 zosimum
1457 4595 1515 4651 prae
1526 4577 1626 4633 ceteris
1642 4577 1729 4632 Sozo-

141 4663 227 4732 ptoris
239 4663 370 4735 aqualis,
384 4661 482 4717 diserti
493 4679 527 4718 ac
537 4661 593 4718 fide
608 4662 913 4737 dignissimi,vestigiis
956 4679 1054 4716 rnenus
1086 4661 1286 4736 Olympiodori
1318 4666 1535 4720 commentarios
1558 4664 1730 4720 consuhrisse

144 4749 253 4816 institit,
277 4747 394 4822 ejusque
424 4748 533 4821 sylvam
554 4749 596 4806 ita
615 4751 752 4823 sequitur,
776 4761 913 4822 quanmm
956 4749 1078 4804 videtur.
1664 4757 1666 4762 '

145 4835 245 4890 scilicet
259 4837 474 4910 comparatione
488 4835 619 4910 epitomae
633 4836 763 4892 aPhotio
778 4837 912 4893 consectae
1046 4901 1054 4912 ι

147 4931 173 4973 et
182 4921 297 4978 historiae
307 4925 442 4980 Zosimeae
453 4923 629 4997 intelligitur,
638 4935 671 4978 ut
679 4925 854 4980 rationemet
868 4943 911 4980 or·
1255 4934 1435 4962 “0⁰⁰⁸'‘

148 5007 232 5064 dinem
245 5011 364 5066 eundem
376 5021 484 5080 servet,
497 5021 526 5066 et
536 5012 586 5066 nbi
599 5029 645 5067 res
662 5013 784 5067 naturali
797 5013 911 5066 vinculo

147 5095 216 5153 haud
233 5097 389 5174 conjunctae
409 5097 582 5174 explicanda
602 5110 683 5170 sunt,
698 5119 714 5154 a
727 5119 821 5156 rerum
841 5101 911 5154 serie

925 5207 949 5244 sa
