3842 5726
163 381 179 432 t
765 364 923 428 EUNhPll
943 361 1123 424 sttuttttt

161 505 318 562 videbimus
332 503 498 558 familiarem
514 500 597 556 hrissc
611 497 788 556 celeberrimi
800 515 855 554 suae
868 507 936 552 πιο-
981 495 1088 552 dandas
1102 514 1161 552 non
1174 513 1226 552 suo
1249 505 1355 550 tantum
1370 495 1457 571 lpslus
1478 497 1586 572 impetu
1601 495 1753 570 ferebatur,

162 594 195 646 tis
216 592 337 660 medici,
359 589 497 656 Oribasii,
521 587 571 660 qui
592 585 806 658 Chrysanthiani
833 584 936 639 morbo
980 583 1031 638 sed
1055 593 1198 656 quotquot
1222 593 1289 639 tunc
1310 583 1448 639 doctrina
1472 585 1556 640 laude
1578 587 1754 657 eminebant,

160 690 304 752 postremo
329 677 507 732 laborantem
533 674 664 728 tractavit
693 672 820 748 (Eunap.
846 671 934 745 Soph.
982 688 1078 725 omnes
1089 671 1196 744 absque
1207 671 1368 726 remissione
1382 673 1543 746 Eunapium
1552 673 1757 748 instanterpre·

160 785 191 840 p.
205 761 295 842 ιιο).
311 765 467 835 Nullusque
481 761 583 816 dubito
597 761 666 834 quin
679 761 781 816 Noster
793 761 829 815 sit
843 761 936 828 Euna·
982 758 1130 826 cahanan,
1153 769 1186 813 ut
1199 758 1273 814 hanc
1292 757 1472 832 provinciam
1493 759 1579 814 vellet
1591 761 1755 835 suscipere:

132 868 141 896 ι
160 855 225 926 pius
234 855 296 922 illc,
307 853 353 908 cui
363 851 413 906 τῶν
428 846 594 926 Εὖπορίστων
606 847 785 903 tetrabiblum
794 847 938 904 Oribasius
981 862 1039 918 prat
1054 845 1153 900 ceteris
1169 855 1263 900 autem
1281 844 1427 901 Oribasius
1438 845 1486 900 ille
1500 847 1687 920 Pergamenus
1697 868 1758 904 me-

160 941 311 1014 inscripsit.
326 941 429 993 Praeter
440 937 524 992 allata
538 935 574 990 tle
585 935 643 989 vita
654 936 773 1008 Eunapii
786 934 855 988 nihil
863 949 936 988 com·
983 930 1080 999 dicus,
1095 932 1144 1004 qui
1157 933 1263 988 Juliani
1277 949 1371 988 comes
1389 943 1542 1006 perpetuus
1562 935 1757 991 consiliorum·

159 1038 272 1100 pentum
287 1026 439 1092 habemus,
459 1023 513 1077 nisi
534 1021 614 1094 quod
633 1021 671 1076 ad
685 1033 850 1096 provectam
872 1021 939 1076 satis
983 1035 1039 1090 que
1053 1019 1180 1074 omnium
1193 1021 1286 1076 socius
1299 1019 1438 1076 hieratls
1452 1022 1538 1088 enim,
1552 1023 1757 1096 Eunapiusait,

161 1125 270 1169 aetatem
283 1113 455 1188 pervenerit.
468 1113 539 1166 Nam
550 1109 580 1162 in
588 1108 712 1163 historiis
720 1109 877 1164 scribendis
889 1127 938 1164 oc·
983 1101 1087 1160 testata
1101 1102 1164 1162 tto'a
1178 1105 1339 1183 περιφανῶς,
1354 1103 1377 1160 ti
1392 1101 1429 1178 μὴ
1442 1103 1630 1184 συγγράφοιμιγ·
1649 1107 1758 1166 καὶτῶν

161 1213 297 1276 cupatmn
318 1199 410 1256 adhuc
434 1198 517 1254 luisse
534 1205 600 1271 post
618 1213 723 1250 annum
747 1201 820 1266 4ι4,
844 1215 939 1252 senem
983 1211 1012 1267 γε
1033 1188 1151 1268 πράξεων
1172 1187 1275 1268 (παίσας
1295 1187 1346 1267 γὰρ
1370 1188 1499 1260 ἠπίστατο
1512 1189 1603 1272 παρὼν
1626 1193 1758 1275 ἁπάσαις)

160 1288 421 1364 septuagenarium,
437 1302 470 1338 ex
481 1283 580 1356 fragm.
596 1281 632 1353 87
648 1283 839 1355 consequitur.
901 1341 908 1354 .
984 1275 1055 1357 μάλα
1070 1276 1184 1356 ἀκριὸῶς
1198 1275 1342 1354 ὑπόμνημα
1362 1275 1492 1336 συνετέλει
1512 1277 1575 1359 πρὸς
1591 1278 1638 1351 τὴν
1657 1281 1759 1362 γραφήν

200 1376 296 1450 Opera
315 1371 436 1446 Eunapii
450 1370 579 1424 novimus
598 1368 672 1435 duo,
691 1363 784 1432 Βίους
797 1363 939 1444 ριλοσό-
986 1365 1037 1441 (ir.
1055 1365 1102 1442 8).

161 1484 226 1540 ρων
249 1459 305 1517 καί
326 1457 487 1536 σοφιστῶν
505 1467 534 1511 et
553 1457 688 1510 Romame
710 1455 833 1510 historice
856 1456 940 1510 libros
1023 1454 1133 1509 Desinit
1144 1471 1216 1528 opus
1232 1454 1262 1510 in
1276 1471 1382 1508 annum
1396 1459 1469 1523 404,
1489 1454 1531 1509 uti
1545 1456 1654 1514 monui.
1670 1459 1761 1528 Quem

162 1549 390 1624 quattuordecim.
402 1540 940 1614 lnillosemnoneminstituitdcviginti
985 1539 1101 1613 quidem
1120 1542 1273 1596 terminum
1294 1542 1374 1615 operi
1391 1559 1450 1596 non
1470 1543 1595 1596 auctoris
1615 1545 1761 1600 consilium

165 1629 256 1692 tribus
266 1632 444 1709 philosophis
453 1642 481 1685 et
488 1629 631 1704 sophistis,
642 1647 764 1700 quorum
774 1627 866 1700 major
874 1646 941 1702 pars
984 1627 1035 1684 scd
1046 1627 1097 1684 fati
1107 1631 1254 1684 necessitas
1262 1630 1389 1703 posuisse
1400 1627 1523 1684 videtur.
1534 1629 1615 1685 Certe
1624 1649 1682 1684 non
1695 1651 1763 1706 per-

163 1723 208 1777 rel
221 1720 342 1793 aequales
354 1717 476 1792 Eunapii
489 1715 618 1784 fuerunt,
631 1716 677 1770 rel
689 1716 819 1789 proxime
831 1725 941 1770 aetatem
986 1718 1062 1790 cipio
1077 1734 1130 1791 ego
1152 1735 1203 1772 cur
1221 1718 1383 1790 Eunapius‚
1399 1734 1484 1789 quem
1502 1725 1568 1790 post
1584 1734 1688 1772 aunum
1705 1726 1760 1786 4ι4

163 1809 309 1884 scriptoris
320 1807 483 1880 attigerunt.
497 1807 540 1859 De
550 1803 679 1877 plurimis
693 1821 785 1876 pauca
799 1803 886 1858 verba
894 1802 941 1874 je·
986 1806 1016 1858 in
1028 1804 1288 1861 scribendoadhuc
1298 1815 1439 1860 versatum
1451 1821 1509 1860 esse
1522 1805 1625 1860 scimus
1636 1805 1687 1878 [fr.
1703 1807 1762 1882 47),

164 1897 233 1952 cisse
240 1891 738 1964 satishabet;nobilioresprolixiore
747 1889 862 1962 quidem
869 1891 941 1963 stylo
987 1892 1017 1946 in
1036 1911 1110 1948 anno
1126 1898 1182 1957 404
1197 1893 1363 1961 subsistere,
1384 1911 1468 1964 quam
1485 1892 1522 1947 ad
1540 1903 1660 1946 mortem
1674 1913 1763 1966 usque

163 1982 357 2058 prosequitur,
370 1981 410 2034 ita
421 1988 513 2032 tamen
521 1987 553 2030 ut
565 1973 706 2053 βιογροίρου
714 1995 815 2030 munus
825 1995 943 2051 prorsus
987 1977 1119 2056 Arcadii(
1129 1979 1201 2054 408)
1216 1980 1422 2044 narrationem,
1435 1979 1458 2032 si
1469 1979 1608 2048 licuisset,
1622 1977 1764 2036 deducere

167 2068 274 2126 eludat.
286 2069 385 2139 Neque
395 2064 524 2119 ordinem
534 2081 630 2118 rerum
637 2079 730 2134 neque
741 2062 881 2118 delectum
892 2083 943 2118 cu·
987 2066 1129 2122 maluerit.
1151 2093 1190 2108 ·-
1203 2066 1294 2120 Porro
1310 2065 1399 2120 libros
1421 2065 1515 2138 operis
1538 2066 1766 2137 quattuordecim

165 2175 246 2225 rans,
278 2153 496 2228 incompositam
530 2149 699 2223 farraginem
729 2150 866 2206 nebulosa
896 2152 942 2205 in·
988 2170 1046 2206 non
1054 2169 1112 2206 uno
1125 2160 1222 2206 tenore
1233 2151 1378 2224 Eunapius
1387 2137 1566 2225 perscripsit,
1580 2154 1765 2224 nequesimul

166 2245 257 2299 volvit
271 2243 448 2308 narratione,
464 2255 551 2312 quam
566 2235 679 2292 dicendi
693 2254 796 2310 genere
810 2236 945 2312 deturpat
989 2240 1018 2292 in
1033 2238 1181 2312 publicum
1202 2237 1302 2295 edidit.
1326 2239 1438 2292 Etenim
1462 2256 1550 2310 quum
1571 2237 1717 2312 Eunapius
1737 2241 1767 2293 in

167 2329 301 2386 scabroso
320 2327 374 2382 isto
387 2337 416 2382 et
426 2327 521 2398 inepte
534 2324 694 2398 picturato,
716 2323 797 2396 quod
810 2336 943 2398 tanquam
991 2327 1061 2382 Vitis
1074 2326 1263 2400 sophistarum
1278 2326 1491 2381 ilistoriassuas
1507 2325 1544 2380 de
1556 2326 1640 2381 rebus
1652 2344 1714 2398 quae
1729 2327 1766 2382 ad

167 2431 317 2472 nervosum
331 2412 414 2468 simul
428 2422 456 2467 et
470 2411 582 2484 elegans
594 2411 646 2466 ista
659 2419 724 2466 aetas
738 2409 942 2467 admirabatur.
989 2413 1095 2468 Juliaui
1105 2453 1113 2480 ,
1125 2412 1249 2470 Valentis
1261 2411 1450 2467 etTheodosii
1464 2421 1594 2486 tempora
1606 2415 1765 2486 pertinent,

207 2504 336 2560 Alterum
343 2501 453 2576 opunti
465 2493 547 2572 μιτίι
558 2493 726 2562 Δέξιππον
738 2495 947 2576 ίστορίαχρό-
991 2502 1029 2554 ita
1042 2499 1138 2554 laudet
1151 2508 1185 2553 ut
1196 2516 1242 2554 eas
1255 2509 1321 2553 tunc
1332 2496 1389 2570 jam
1402 2499 1493 2554 editas
1504 2517 1562 2554 esse
1577 2510 1713 2574 appareat
1727 2500 1766 2570 (ν.

168 2587 402 2660 νική,1ιῐεεοτὶιιειι
416 2589 574 2642 Romanam
586 2585 750 2642 continebat
761 2584 826 2641 inde
836 2604 853 2640 a
865 2588 947 2642 Clau·
991 2587 1028 2642 ir.
1042 2591 1088 2651 ι4.
1106 2605 1153 2659 19.
1167 2603 1213 2640 aa.
1223 2583 1272 2643 25.
1288 2583 1336 2651 45.
1350 2583 1403 2660 55)
1416 2602 1424 2642 2
1435 2587 1465 2640 in
1472 2588 1535 2642 Vita
1542 2587 1629 2641 Prisci
1642 2585 1692 2660 (ir.
1704 2587 1768 2657 65),

170 2678 210 2733 dii
220 2679 248 2732 11
260 2663 375 2732 decessu
388 2673 460 2751 [270
469 2691 501 2748 p.
515 2671 575 2742 Css),
587 2673 617 2726 in
625 2690 710 2745 quem
724 2673 848 2748 Dexippi
861 2675 948 2730 Chro-
992 2671 1043 2728 ubi
1053 2673 1089 2730 de
1101 2674 1210 2744 Hilario
1221 2673 1358 2747 loquitur,
1372 2674 1422 2747 qui
1433 2691 1450 2728 a
1461 2674 1559 2729 Gothis
1571 2674 1623 2728 sub
1635 2675 1769 2730 Alaricho

169 2767 235 2820 nica
248 2763 406 2830 desierant,
418 2779 508 2833 usque
518 2759 555 2815 ad
566 2759 681 2815 Arcadii
693 2777 797 2816 annum
807 2761 948 2816 decimum
992 2762 1128 2818 Graeciam
1141 2762 1314 2818 vastantibus
1331 2760 1398 2836 (an.
1418 2761 1474 2835 396
1488 2781 1518 2836 p.
1536 2763 1566 2818 C.
1583 2761 1699 2816 Arcadii
1717 2781 1769 2816 an-

149 2875 152 2882 *
173 2851 246 2924 4404
259 2870 290 2926 p.
306 2849 373 2926 C.),
390 2866 448 2921 quo
464 2848 610 2914 arsacius,
622 2847 705 2920 pulso
718 2849 846 2903 iohanne
858 2849 950 2923 Chry·
993 2867 1031 2903 no
1048 2867 1059 2903 1
1074 2847 1083 2924 )
1096 2849 1205 2903 occisus
1220 2849 1272 2917 sit,
1290 2847 1509 2904 itahabettllial
1522 2849 1604 2902 ταῦτα
1617 2843 1665 2920 μὲν
1678 2847 1704 2903 ἐν
1717 2847 1770 2912 τοῖς

172 2949 307 3008 sostomo‚
322 2935 513 3011 episcopalem
532 2933 777 3008 Constantinopoli
789 2935 884 2992 sedem
900 2955 949 2992 oc·
995 2930 1160 3009 διεξοδικοῑς,
1177 2931 1222 2989 ἐὰν
1234 2933 1272 3012 τῷ
1287 2929 1390 3007 δαίμονι
1405 2930 1480 3008 δόξῃ,
1494 2930 1668 3010 γραφήσεται.
1682 2936 1772 3008 igitur

172 3025 303 3100 cnpavit,
334 3039 463 3095 uxorque
492 3019 609 3076 Arcadii
632 3020 761 3076 Eudocia
787 3041 822 3077 ex
847 3023 951 3079 abortu
994 3023 1118 3097 primum
1140 3021 1301 3094 composuit
1325 3022 1461 3076 Historias
1480 3020 1628 3093 usquead
1650 3031 1770 3076 mortem

173 3122 286 3167 mortua
301 3121 343 3166 est
360 3107 442 3184 (vid.
458 3107 563 3164 testim.
581 3108 703 3182 Photii).
729 3111 796 3164 llaec
811 3128 950 3166 annorum
995 3108 1148 3164 Theodosii
1159 3105 1349 3186 [προ-395),
1363 3117 1396 3162 ut
1404 3107 1532 3178 videtur,
1545 3106 1647 3161 deinde
1660 3109 1772 3181 scripsit

178 3197 231 3264 134
243 3199 358 3252 historia
367 3214 419 3271 per
431 3193 662 3269 quattuordecim
672 3195 761 3250 libros
770 3196 810 3251 ita
819 3209 880 3252 erat
891 3197 952 3254 dis·
996 3199 1072 3254 Vitas
1087 3197 1276 3271 sophistarum
1288 3195 1381 3273 (circa
1394 3213 1457 3251 ann.
1472 3193 1527 3262 4ιν5
1536 3193 1557 3270 );
1571 3194 1694 3268 (lenique
1706 3206 1773 3269 post

176 3285 296 3354 tributa,
318 3293 351 3338 ut
376 3283 449 3338 libro
476 3281 571 3356 primo
600 3281 812 3356 compendiaria
841 3286 956 3340 ratione
998 3303 1103 3340 annum
1116 3289 1170 3350 4ι4
1185 3284 1321 3339 Historias
1330 3300 1394 3338 suas
1405 3283 1591 3352 continuavit,
1600 3281 1772 3354 Arcadiique

174 3379 353 3448 percurreret
364 3369 373 3445 (
383 3366 426 3424 διὰ
436 3369 488 3424 τῶν
500 3365 650 3444 ἀναγκαίων
660 3367 799 3446 ἐπιτρέχει,
810 3373 953 3446 Eunapius
997 3391 1116 3446 regnum
1128 3371 1277 3426 additurus
1287 3381 1360 3439 erat;
1371 3370 1449 3442 quod
1462 3370 1609 3447 consilium
1622 3370 1772 3442 quominus

176 3457 233 3534 ait)
249 3477 293 3514 res
307 3475 446 3512 armorum
459 3453 512 3524 85,
526 3457 574 3528 qui
589 3473 606 3509 a
626 3455 746 3510 Claudio
760 3457 897 3512 labuntur
916 3457 954 3513 ad
999 3459 1036 3515 ad
1046 3460 1151 3515 exitum
1165 3458 1336 3532 perduceret
1348 3468 1440 3512 morte
1448 3457 1610 3531 prohibitus
1622 3474 1680 3511 esse
1691 3455 1773 3511 vide·

176 3545 321 3601 lulianum
334 3545 470 3601 Caesarem
487 3541 674 3618 (ηε-355),
688 3543 791 3598 dehinc
809 3544 846 3600 ad
866 3563 954 3619 argu·
1000 3557 1054 3604 tur.
1066 3578 1106 3588 —
1122 3548 1189 3617 Quae
1200 3563 1287 3618 quum
1303 3545 1343 3598 ita
1360 3545 1429 3612 sint,
1444 3545 1540 3618 putari
1553 3545 1640 3618 possit
1650 3541 1697 3611 τ4ν
1714 3541 1773 3599 νέαν

176 3642 319 3700 mentum,
336 3629 415 3704 quod
428 3628 524 3704 primo
538 3630 656 3684 consilio
670 3630 724 3684 sihi
734 3630 891 3704 delegerat,
906 3649 953 3688 ac·
1000 3629 1125 3711 Ἱστορίας
1145 3628 1256 3706 ἔκδοσιν,
1273 3629 1352 3702 cujus
1366 3630 1441 3686 tituli
1456 3633 1573 3706 Except.
1591 3634 1634 3686 De
1654 3641 1772 3688 sentent.

178 3716 310 3784 cederet,
324 3725 352 3770 ct
365 3715 483 3770 diducta
496 3716 658 3770 narratione
668 3733 721 3789 per
734 3716 855 3789 reliquos
867 3719 955 3774 libros
1000 3731 1085 3793 atque
1106 3716 1222 3773 Photius
1239 3719 1410 3774 mentionem
1435 3717 1558 3787 iaciunt,
1585 3718 1620 3773 dc
1638 3737 1725 3792 opere
1739 3719 1774 3773 ab

179 3802 315 3858 tredecim
329 3802 475 3856 historiam
486 3802 605 3869 iuliani,
616 3803 751 3872 Valentis,
763 3803 915 3860 Theodosii
928 3817 956 3861 et
1000 3809 1062 3881 ipso
1076 3805 1206 3879 Eunapio
1215 3815 1367 3860 retractato
1380 3807 1603 3878 continuatoque
1613 3804 1717 3859 debere
1730 3807 1776 3859 in-

180 3889 297 3945 Arcadii
305 3905 395 3961 usque
403 3887 440 3944 ad
447 3905 552 3944 annum
563 3893 618 3953 404
632 3889 798 3962 explicaret.
810 3892 917 3947 Rursus
926 3894 955 3946 in
1001 3895 1097 3967 telligi.
1113 3897 1150 3949 lit
1163 3911 1225 3965 quae
1239 3894 1355 3947 Photius
1367 3892 1454 3948 relcrt
1476 3894 1506 3947 in
1529 3911 1590 3948 cam
1604 3895 1698 3966 potius
1719 3891 1774 3948 du-

179 3976 223 4030 his
241 3977 320 4048 quasi
344 3975 432 4029 cardo
447 3976 554 4030 exstitit
566 3975 683 4030 beatum
704 3993 820 4049 regnum
840 3979 954 4035 iuliani.
1002 3981 1254 4054 cuntsententiam,
1265 3990 1379 4034 utnova
1390 3980 1443 4036 ista
1454 3981 1582 4034 recensio
1593 3997 1608 4034 a
1618 3979 1775 4034 Christiano

179 4063 235 4117 Hic
247 4063 295 4117 lux
308 4072 365 4132 est,
385 4063 489 4135 reliqui
500 4063 616 4132 umbra;
631 4063 677 4118 hic
692 4063 830 4120 candidus
843 4066 957 4122 Graeco-
1002 4068 1098 4141 aliquo
1112 4067 1271 4142 bibliopola
1283 4066 1412 4141 prolecta
1425 4067 1475 4134 sit,
1491 4068 1539 4138 qui
1551 4067 1664 4121 resectis
1679 4066 1775 4120 convi-

180 4169 242 4204 rmn
264 4150 387 4223 Apollo;
408 4149 526 4221 reliqui,
546 4152 590 4205 τοῦ
611 4148 865 4224 ,ἀνεσκολοπισμένον
881 4172 958 4230 σοφι-
1003 4155 1175 4227 tiis,quibus
1183 4154 1312 4228 religioni
1320 4159 1421 4209 nostrae
1431 4155 1574 4227 Eunapius
1583 4153 1775 4220 insultaverat,

181 4237 244 4292 σποῦ
264 4247 432 4304 sectatores,
447 4247 540 4291 atrum
554 4247 583 4292 ct
600 4238 844 4294 averruncandum
858 4241 958 4315 vulgus
1003 4239 1183 4295 emendatum
1197 4241 1237 4294 sic
1251 4250 1279 4294 et
1294 4242 1459 4314 castigatum
1474 4259 1545 4316 opus
1559 4242 1660 4296 iterum
1676 4239 1778 4294 edide-

183 4323 399 4378 monachorum.
422 4320 477 4379 liat
492 4319 586 4398 σχεδόν
600 4344 642 4393 τι,
658 4324 775 4380 Photius
797 4327 850 4398 ait,
869 4323 899 4383 rb
913 4331 959 4398 τῆς
1002 4329 1049 4382 rit.
1071 4329 1119 4380 Est
1141 4327 1201 4381 haec
1218 4325 1366 4382 Niebuhrii
1385 4329 1520 4382 sententia
1538 4325 1774 4401 probabilissima.

182 4408 297 4487 ἱστορίας
305 4409 375 4486 αὐτῷ
386 4406 457 4473 altri
468 4407 564 4466 ἐκείνου
575 4406 750 4486 (Ἰουλιανοῧ)
764 4409 891 4489 ἐγκώμιον
904 4435 960 4472 συν·
1004 4415 1047 4467 lta
1058 4413 1146 4468 habet
1157 4413 1201 4475 vir
1214 4413 1381 4468 clarissimus
1393 4411 1514 4490 [Script.
1527 4413 1592 4471 hist.
1601 4417 1665 4485 Byr.
1675 4421 1742 4466 tom.
1752 4411 1776 4479 l,

183 4493 254 4553 τεθὲν
268 4491 418 4564 ἐξιπονήθη.
431 4496 523 4569 idque
534 4498 594 4572 ipse
605 4500 687 4553 etiam
700 4501 844 4576 Dexippus
856 4501 959 4558 fatetur
1003 4521 1033 4575 p.
1048 4497 1116 4574 lux)
1139 4519 1145 4554 t
1167 4523 1179 4550 ι
1202 4500 1295 4572 Quum
1318 4499 1461 4574 duplicem
1476 4501 1629 4556 editionem
1650 4500 1784 4555 llistoriae'

185 4583 239 4653 (fr.
260 4579 293 4660 ι)
316 4603 322 4638 ι
339 4580 393 4639 Καί
407 4579 492 4638 πάντα
507 4604 537 4659 γε
552 4584 586 4648 εἰς
600 4581 644 4640 τὸν
661 4583 802 4643 ’Ioulianou
825 4587 960 4668 ἀναφέρειν
1005 4587 1255 4666 Photiusvidissct,
1267 4588 1503 4642 Constantiniana
1515 4587 1779 4662 eclogae‚utinscri-

184 4667 284 4739 ἐδόκει,
300 4665 328 4734 ὃς
339 4666 493 4726 attollente
506 4668 553 4744 μὲν
568 4671 608 4748 ἐρ’
621 4673 706 4744 ἡμῶν,
718 4671 747 4729 τὸ
762 4669 789 4729 δὲ
802 4672 959 4753 ἀνθρώπινον
1004 4679 1065 4752 ptio
1080 4675 1204 4744 docet,e
1218 4675 1343 4730 secunda
1355 4688 1471 4750 sumptae
1485 4688 1565 4744 sunt,
1578 4677 1628 4731 ubi
1642 4673 1700 4732 loci
1712 4674 1779 4746 plu-

188 4752 266 4811 οιῦτὸν
289 4749 379 4831 ὥσπερ
399 4753 457 4812 τινὰ
479 4754 534 4812 θεὸν
554 4755 727 4834 προσεκύνουν
741 4757 861 4825 ἅπαντες.
877 4759 912 4816 Et
931 4764 961 4818 in
1004 4765 1082 4832 rimi,
1096 4764 1124 4817 in
1139 4763 1241 4835 quibus
1254 4765 1376 4837 scriptor
1387 4763 1490 4818 rabido
1503 4764 1635 4820 adversus
1647 4762 1780 4818 Christia-

185 4843 327 4917 procemio
337 4843 402 4898 libri
415 4843 531 4900 secundi
548 4845 599 4919 (fr.
613 4845 640 4920 8)
657 4866 664 4901 :
679 4843 795 4923 Φέρεται
807 4845 834 4903 δὲ
845 4848 959 4906 ἐντεῦθεν
1005 4868 1057 4904 nos
1069 4849 1136 4904 odio
1149 4848 1283 4904 effrenate
1296 4849 1466 4919 indulserat,
1478 4853 1517 4905 ita
1528 4851 1608 4905 recisi
1624 4857 1781 4916 essent,ut,

185 4927 284 5004 ὁλόγος
295 4927 334 5008 ἐφ’
345 4923 424 5008 ὅνπερ
434 4928 539 5008 ἐφέρετο
548 4929 573 4996 ἕξ
582 4931 679 5009 ἀρχῆς,
689 4931 734 4988 καί
747 4932 888 5009 ἀναγκάζει
897 4957 926 5010 γε
934 4937 961 4992 ἐν
1007 4937 1107 4992 Photio
1122 4933 1234 5006 judice,
1252 4937 1360 4992 hiantes
1373 4938 1478 4992 lacunae
1492 4947 1676 5012 apparerent,
1691 4945 1719 4990 et
1734 4951 1781 4990 se-

186 5020 238 5078 τοῖς
249 5011 332 5092 ἔργοις
346 5013 515 5094 estamplius
530 5013 618 5094 ὥσπερ
633 5039 658 5072 τι
670 5016 734 5094 πρὸς
747 5017 824 5075 αὐτὸν
839 5019 961 5097 ἐρωτικὸν
1007 5025 1121 5096 quentia
1129 5023 1421 5097 plurimalaborarent
1431 5026 1613 5079 obscuritate.
1623 5021 1673 5092 cuj
1678 5041 1709 5076 us
1721 5022 1781 5074 titii

187 5099 354 5168 πιπονθότοις.
364 5099 494 5164 Ceterum
504 5103 653 5160 adJuliani
663 5109 870 5181 resposteritati
880 5128 957 5166 man·
1008 5111 1118 5186 culpam
1134 5112 1249 5167 Photius
1262 5113 1290 5166 in
1305 5115 1462 5187 Eunapium
1473 5115 1562 5187 ipsum
1572 5111 1698 5168 confert:
1712 5129 1780 5164 con-
