3792 5728
769 370 1017 433 FRAGMENTA.
1649 383 1685 432 ed

112 497 223 569 ἰἰττνίλας
239 498 371 577 βούλεται.
386 495 423 558 Ἦ
436 498 532 558 οἰεσθαι
547 498 595 580 ἐρη
610 497 769 574 Ῥωμαίους,
784 507 874 559 τοσοῦ·
920 503 1067 572 ποίκιλλον,
1087 498 1327 576 ἐπιῦληθησομένας
1344 499 1406 578 πρὸς
1420 499 1516 575 κόσμον
1537 501 1691 578 ἐσθημάτων

111 610 145 644 εον
155 586 341 666 ἐκλιπαρήσειν
352 586 429 644 αὐτόν
438 585 521 658 ,ὥστε
529 589 739 666 καταπροδοῦναι
749 588 875 659 δεσπότην
922 589 1097 667 βαρόαρικῶν.
1120 586 1273 667 Προσελθὼν
1286 587 1369 645 τοίνυν
1383 587 1427 645 καλ
1441 587 1474 645 id
1488 589 1558 668 δῶρα
1571 590 1637 665 μετὰ
1648 591 1691 649 τὸν

110 677 146 731 καί
164 677 315 752 ἀνατρορῆς
334 678 381 744 τῆς
394 674 467 754 παρά
491 675 604 741 Σκύθαις
623 676 668 733 καί
689 680 809 752 γαμετῶν
831 677 876 734 καλ
921 676 1061 750 ἀσπασμὸν
1085 674 1143 740 δούς
1162 674 1296 752 ύπεξῄειν,
1318 673 1362 732 καλ
1375 675 1417 732 ent
1434 673 1467 732 τδι
1480 674 1554 756 ἔτερα
1575 677 1691 746 ἐόοίδιζον

111 761 199 818 παίδοιν
214 761 454 838 κατολιγωρησειν,
472 761 508 838 μὴ
524 761 629 837 μείζονα
651 759 679 820 δὲ
693 765 811 840 ἡγεῖσθαι
829 762 875 833 τὴν
921 762 1065 837 οἰκήματα,
1087 763 1113 818 ἐν
1126 753 1162 827 οἷς
1176 761 1316 840 διατρίάειν
1332 763 1376 819 τὸν
1392 761 1517 832 Ἀττήλαν
1537 763 1691 843 ἐτύγχανεν,

110 853 162 928 παρ’
177 848 292 927 'Anniba
307 847 424 905 δουλείαν
435 854 480 906 τοῦ
494 850 567 926 παρὰ
587 850 731 926 Ῥωμαίοις
745 849 873 930 πλούτους
921 848 1128 926 ἀπεκδεχόμενος
1142 849 1217 906 ὁπότε
1240 848 1369 916 ἐπεξέλθοι
1383 849 1553 926 Ὀνηγιίσιος·
1570 851 1620 922 ἤδη
1641 852 1691 931 γάρ

111 935 232 994 Συνοίσειν
245 933 275 992 δὲ
292 934 448 1008 ἐπιμένοντα
467 940 499 1015 τῇ
520 937 601 994 οἰκεία
614 935 657 993 τὸν
672 937 753 1015 (γὰρ)
767 942 811 994 τοῦ
831 938 875 996 δε·
921 935 974 992 ἀπὸ
995 939 1046 991 τῶν
1068 937 1146 991 αὐτοῦ
1166 934 1315 1010 οἰκημάτων
1337 935 1481 1006 ἐξεληλύθει
1500 936 1545 994 καί
1562 936 1631 996 ἔνδον
1648 933 1690 1010 ἦν.

110 1021 195 1078 επότοο
206 1023 401 1100 καταπραΰνειν
416 1019 511 1098 θυμὸν,
526 1025 566 1100 ἐρ’
579 996 615 1087 οἰς
633 1023 709 1079 αὐτὸν
731 1023 876 1102 ὀργίζεσθαι
922 1021 1026 1088 Μεταξὺ
1048 1019 1075 1078 δὲ
1096 1026 1140 1078 τοῦ
1159 1022 1253 1086 παντὸς
1268 1023 1403 1098 ἱστάμενος
1422 1021 1532 1091 πλήθους
1551 1023 1693 1103 (γνώριμός

111 1107 168 1166 inab
179 1107 323 1182 Ῥωμαίων
335 1107 486 1182 συμῦαίνει,
496 1108 513 1178 ἢ
524 1109 595 1187 παρά
607 1118 672 1188 ορᾶς
685 1110 789 1167 ἐλθόντα
805 1109 875 1186 αἰτίᾳ
921 1130 949 1164 τε
961 1107 1011 1186 γάρ
1023 1105 1058 1163 ὢν
1069 1107 1122 1172 τοῖς
1134 1106 1247 1175 Ἀττήλα
1260 1115 1378 1188 ιρροοροῑς
1389 1108 1434 1165 καί
1444 1117 1496 1175 τοῖς
1507 1109 1693 1188 παρεπομένους

113 1194 261 1271 ἐπείγεσθαι,
276 1193 352 1271 ἐτερα
375 1194 443 1274 ἤπερ
464 1196 552 1275 ἐκείνῳ
575 1197 645 1254 δοκεῖ
658 1196 873 1275 διαπραξόμενον.
922 1197 992 1272 αὐτῷ
1005 1193 1146 1274 βαρύοίροις
1158 1199 1202 1250 ὑπ’
1215 1194 1314 1260 οὐδενὸς
1329 1195 1534 1272 διεκωλυόμην),
1544 1187 1611 1254 εἶδον
1624 1198 1691 1266 πλῆ·

112 1283 192 1340 Ταῦτα
207 1279 335 1356 εἰρηνειίνς,
346 1281 415 1354 κάμὲ
435 1285 562 1340 ποιεῖσθαι
581 1279 627 1351 τλν
644 1281 707 1362 πρὸς
722 1284 798 1340 αὐτὸν
810 1289 876 1358 ἡγη·
921 1287 962 1346 θος
976 1281 1147 1358 πορευόμενον
1157 1281 1202 1338 καὶ
1217 1285 1291 1360 θροῦν
1305 1281 1349 1338 καί
1363 1281 1469 1360 θόρυθον
1485 1282 1544 1360 περὶ
1556 1283 1601 1340 τὸν
1615 1283 1692 1340 τόπον

114 1366 211 1442 σε’μενος
231 1366 343 1433 ἔντευξιν
355 1367 414 1444 περί
434 1359 471 1424 ῶν
489 1367 662 1426 πυνθάνεσθαι
684 1371 762 1426 αὐτοῦ
784 1369 875 1446 βουλό·
921 1366 1069 1442 γινόμενον,
1085 1369 1119 1432 ὡς
1133 1372 1177 1424 τοῦ
1191 1367 1301 1435 Ἄττήλα
1315 1367 1467 1435 ὑπεξιόντος.
1486 1368 1584 1448 Προῄει
1602 1368 1629 1426 δὲ
1647 1375 1692 1427 τοῦ

116 1460 170 1528 μεθα
186 1457 231 1530 ἰού
248 1453 300 1532 γὰρ
310 1457 348 1511 τῶ
358 1453 513 1532 Μαξιμίνῳ,
524 1457 559 1520 ὡς
571 1458 597 1513 ἐν
610 1454 668 1534 ἀξία
678 1459 806 1528 τελοῦντι,
817 1479 875 1514 συν·
922 1453 1061 1529 οἰκήματος
1078 1454 1187 1531 βαδίζοιεν
1209 1457 1341 1532 σούαρῶς,
1361 1457 1423 1533 τῇδε
1445 1459 1521 1512 κάκεῖ
1537 1455 1692 1534 περεάλεπό·

115 1542 168 1619 ιχλς
181 1541 306 1620 πρόσοδος
320 1517 352 1612 ι’ίν
374 1543 534 1620 εὐπρεπής),
550 1541 686 1620 ἀνεχώρει.
704 1543 775 1619 Ἐγὼ
794 1541 821 1600 δί
843 1548 876 1622 τῇ
922 1562 1003 1614 μενος.
1018 1540 1063 1604 Ὡς
1075 1538 1102 1596 δὲ
1115 1539 1258 1604 ὑπεξελθὼν
1270 1539 1315 1597 σὺν
1338 1543 1376 1620 τῷ
1398 1540 1548 1620 Ὀνηγησίῳ
1568 1541 1630 1613 ἐστη
1643 1545 1694 1622 πρὸ

116 1628 225 1705 ύστεραία
238 1630 274 1693 εἰς
288 1627 331 1685 τὸν
343 1627 454 1696 ἰἰπτήλα
468 1627 605 1705 περίῦολον
620 1631 794 1708 ἀφικνοῦμαι,
806 1630 876 1706 δῶρα
920 1631 965 1682 τοῦ
983 1625 1137 1700 οἰκήματος,
1157 1624 1246 1682 πολλοί
1262 1624 1272 1700 (
1281 1624 1322 1700 δὲ)
1337 1629 1387 1682 τῶν
1403 1626 1610 1705 ἀμφισόητήσεις
1630 1631 1694 1707 πρὸς

117 1711 228 1789 εῇαύτοῦ
244 1715 359 1788 κομίζων
379 1717 495 1792 γαμετῇ·
518 1713 607 1792 Κρέκα
620 1713 647 1770 δὲ
662 1713 742 1788 ὄνομα
757 1715 836 1792 αὐτῇ,
851 1705 877 1782 ἐξ
923 1711 1048 1780 ἀλλήλους
1060 1712 1172 1789 ἐχόντων
1182 1711 1330 1790 προσῄεσαν
1341 1711 1385 1768 καί
1396 1711 1443 1782 τὴν
1457 1715 1536 1770 αὐτοῦ
1546 1715 1693 1791 κρίσινέδέ-

115 1793 141 1870 ἧς
155 1801 221 1880 αύτῷ
238 1801 329 1866 παῖδες
349 1799 499 1876 ἐγεγόνεσαν
521 1808 602 1877 τρεῖς,
616 1792 680 1858 boo
698 1800 876 1880 πρεσόύτερος
922 1820 1009 1875 χοντο.
1026 1789 1093 1857 Eira
1106 1797 1212 1875 ἐπανῄει
1224 1802 1258 1863 ὡς
1271 1798 1299 1854 τὸ
1314 1797 1426 1874 οἴκημα,
1441 1799 1486 1856 καί
1498 1799 1618 1878 πρίσθεῑς
1630 1805 1693 1881 παρ’

116 1879 172 1964 ἀρχα
181 1891 230 1944 τῶν
247 1887 390 1963 Ἀκατίρων
406 1886 452 1944 καί
466 1890 517 1944 τῶν
530 1888 627 1944 λοιπῶν
643 1890 719 1944 ἐθνῶν
731 1892 877 1962 νεμομένων
925 1884 1001 1942 αὐτόν
1014 1884 1124 1954 ἥκοντας
1137 1884 1283 1963 βαρόοίρους
1295 1883 1409 1962 ἐδέχετο.

92 2037 95 2044 1
116 1972 228 2050 τὴνπρδς
247 1971 562 2042 ministeriorum.
585 1970 678 2032 'Endos
699 1973 725 2030 δὲ
746 1980 790 2030 τοῦ
804 1997 877 2052 περι·
961 1971 1039 2045 Ἐμοί
1054 1969 1080 2028 δδ
1097 1971 1295 2050 ἀπεκδεχομένιρ
1320 1970 1364 2028 τὸν
1385 1972 1542 2050 Ὀνηγιίσιον
1560 1975 1695 2050 Ῥωμύλος

118 2059 184 2116 θόλου
194 2061 303 2118 πλεῖστα
319 2058 459 2137 ἐτύγχανεν
469 2059 616 2134 οἰκήματα,
626 2057 659 2116 τά
670 2059 716 2136 μὲν
726 2061 756 2116 ἐκ
768 2061 877 2119 σανίδων
922 2058 967 2115 καί
983 2061 1132 2138 Προμοῦτος
1151 2059 1195 2116 καί
1209 2057 1344 2133 Ῥωμανδς
1362 2062 1386 2116 οἱ
1400 2058 1425 2126 ἐξ
1448 2059 1561 2128 Ἰταλίας
1581 2063 1696 2128 ἐλθόντες

118 2145 237 2226 ἐγγλύρων
253 2147 299 2205 καί
319 2145 493 2224 ἡρμοσμένων
506 2148 541 2212 εἰς
563 2145 732 2224 εὐπρέπειαν,
753 2146 787 2204 τὰ
801 2147 827 2204 δὲ
848 2150 877 2206 ἐκ
923 2145 1000 2224 παρδ,
1016 2145 1060 2202 τὸν
1080 2145 1206 2215 Ἀττήλαν
1227 2145 1348 2222 πρέσύεις
1373 2150 1423 2203 τῶν
1438 2149 1537 2225 φιαλῶν
1555 2146 1628 2207 ἕνεκα
1643 2154 1695 2208 τῶν

119 2234 188 2290 δοκῶν
200 2234 402 2313 κεκαθαρμένον
416 2231 462 2290 καί
476 2233 539 2310 πρὸς
551 2233 676 2302 εὐθύτητα
687 2231 877 2308 ἐπεξεσμένων,
921 2235 1034 2309 χρυσῶν,
1048 2231 1225 2310 συμπαρόντος
1239 2233 1324 2296 αὐτοῖς
1338 2231 1382 2290 καί
1397 2231 1559 2291 Ῥουστικίου
1571 2240 1616 2292 τοῦ
1627 2235 1696 2291 κατδι

119 2319 308 2394 intemeratum
324 2319 352 2378 δέ
368 2317 607 2400 ξύλοις[κύκλους]
620 2319 801 2376 ἀποτελοῦσιν·
814 2322 836 2376 οἱ
851 2319 877 2376 δέ
925 2319 1115 2390 ἰίωνστοίντιον,
1139 2318 1183 2376 καί
1214 2317 1441 2390 Κωνσταντιόλου,
1468 2320 1557 2398 ἀνδρὸς
1590 2324 1619 2379 ἐκ
1650 2326 1696 2391 τῆς

118 2404 195 2462 κύκλοι
214 2407 243 2462 ἐκ
263 2411 309 2462 τοῦ
328 2405 438 2485 ἐδάροος
458 2405 599 2482 ἀρχόμενοι
615 2407 639 2470 ἐς
658 2405 721 2484 ύψος
745 2404 878 2464 ἀνίόαινον
924 2404 1044 2461 Παιόνων
1056 2405 1143 2482 χώρας
1152 2409 1198 2474 τῆς
1209 2405 1258 2462 θπὸ
1268 2405 1379 2485 ’Aet-ibor
1388 2404 1559 2480 ταττομένης,
1572 2410 1595 2472 ἐς
1607 2407 1696 2484 λόγους

120 2491 226 2566 μετρίως.
246 2491 379 2552 Ἐνταῦθα
393 2495 440 2560 τῆς
461 2489 574 2560 Ἀττήλα
587 2490 783 2566 ε’νδιαιτωμίνης
797 2514 877 2567 γαμε·
923 2482 1010 2562 ἦλθον,
1025 2491 1069 2548 καί
1081 2491 1219 2570 ἀνηρώτων
1231 2491 1338 2570 πότερον
1350 2491 1527 2570 διηφείθημιν,
1538 2491 1555 2561 ἢ
1568 2493 1697 2569 ἐπιμένειν

120 2582 170 2648 τῆς,
182 2575 221 2634 δελ
233 2582 284 2636 τῶν
296 2578 404 2656 πρδςτῇ
419 2576 483 2656 θύρεγ
497 2578 637 2656 βαρῦοίρων
650 2577 743 2655 ἔτυχον
761 2578 877 2650 εἰσόδου,
925 2577 1131 2653 ἀναγκαζόμεθα.
1150 2577 1203 2635 Καὶ
1219 2579 1282 2652 ἐμοῦ
1303 2577 1446 2656 φήσαντος,
1461 2583 1495 2643 ὡς
1514 2578 1606 2637 τούτου
1619 2581 1697 2660 χάριν

121 2665 158 2722 καὶ
173 2664 302 2733 additui
321 2664 474 2742 στρώματος
487 2667 605 2738 μαλακοῦ
626 2664 748 2739 κειμένην
767 2664 879 2722 κατέλα-
924 2663 1078 2738 πευσόμενος
1094 2669 1138 2720 τοῦ
1153 2663 1310 2738 Ὀνηγησίου
1324 2671 1376 2730 τοῖς
1397 2663 1542 2744 περιὸολοις
1562 2688 1696 2745 προοκαρ-
1726 2689 1728 2693 ·

122 2749 171 2820 θον,
187 2760 236 2816 τοῖς
252 2752 282 2808 ἐκ
300 2755 347 2821 τῆς
361 2750 435 2828 ἐρέας
458 2751 583 2816 πιλωτοῖς
595 2755 640 2809 τοῦ
656 2752 763 2830 ἰδάρους
784 2774 880 2810 σκεπο-
924 2753 1006 2827 τερῶ,
1021 2749 1174 2828 καὶάντερω
1202 2772 1300 2820 ,σαντος
1313 2755 1334 2809 εἰ
1346 2751 1588 2822 αύτοῑςθἏττήλεις
1596 2752 1696 2831 ἥμερόν

123 2837 201 2910 μένου,
217 2835 282 2895 ὥστε
300 2841 342 2896 ἐπ’
364 2841 448 2895 αὐτῶν
471 2837 591 2914 βαδίζειν.
614 2840 739 2916 Περιεῐπε
757 2837 783 2895 δὲ
798 2837 879 2907 αθτλν
925 2859 949 2892 τι
961 2835 1005 2893 καί
1020 2845 1101 2913 πρᾶον
1117 2839 1175 2914 περὶ
1191 2837 1330 2915 πρεσὸεἰας
1351 2837 1523 2914 ἀπεκρίνατο,
1536 2840 1623 2915 ἔλεγον
1646 2864 1696 2912 μη-

124 2925 268 2998 θερεπόντων
281 2926 379 2992 πλῆθος
400 2923 504 3001 κύκλῳ·
526 2924 570 2981 καί
593 2925 748 3000 θεράπαιναι
769 2923 814 2980 tot
835 2929 879 2981 τοῦ
925 2924 1013 2998 δαμῶς
1026 2923 1230 3002 μετατρέπεσθαι
1245 2929 1290 2993 τῆς
1305 2923 1425 3001 γνύιμης,
1437 2925 1505 2982 ἀλλὰ
1520 2927 1633 3001 πολεμον
1648 2950 1696 2986 κα-

126 3009 217 3086 ἐδάρους
229 3009 334 3084 ἀντικρὺ
346 3011 427 3078 αὐτῆς
439 3008 585 3083 καθήμεναι
594 3010 682 3075 ὀθόνας
693 3008 819 3088 χρώμασι
830 3010 876 3065 διεΙ
924 3009 1084 3086 ταγγέλλειν,
1099 3013 1121 3067 εἰ
1137 3011 1173 3086 μή
1189 3033 1217 3087 γε
1234 3014 1304 3088 αὐτῷ
1318 3010 1446 3076 Σιλὸανὸς
1461 3012 1478 3082 ἢ
1499 3011 1532 3069 sir
1553 3013 1696 3088 ἐκπώματα
1710 3059 1712 3062 -

125 3171 161 3218 u'bi
171 3173 309 3236 preciperet
321 3192 333 3216 α
351 3179 389 3222 An
405 3149 505 3222 nonunt
516 3174 662 3232 existiment,
677 3173 770 3234 inquit,
787 3185 813 3222 se
826 3174 882 3222 uiiis
901 3191 905 3278 γ
925 3187 993 3222 verso
1004 3175 1069 3222 immi
1082 3176 1190 3224 sedentes
1203 3175 1261 3225 telas
1277 3176 1398 3224 coloribus
1414 3175 1573 3237 voriegabent,
1585 3191 1640 3239 quee
1654 3191 1695 3225 re·

126 3248 220 3305 uetitus
228 3250 320 3297 exorari
333 3262 411 3310 nosse
424 3252 452 3297 ur
465 3247 549 3310 prodar
556 3248 680 3310 dominum
690 3260 770 3308 suum,
780 3253 806 3296 et
814 3248 881 3296 urbii
924 3254 1164 3303 sribnsnnnaromm
1174 3256 1325 3302 adornatum
1340 3253 1558 3314 superiniciuntur.
1571 3259 1647 3303 cerm
1657 3267 1695 3302 sa-

129 3326 189 3374 ἰετοὶ
198 3327 359 3376 educationem
374 3328 438 3388 apud
449 3329 562 3388 scythes,
576 3339 663 3375 uxores
676 3329 700 3374 et
716 3326 802 3374 liberos
815 3339 879 3385 suos,
926 3331 1041 3390 iutate,et
1050 3331 1187 3379 murneribus
1196 3330 1295 3390 truditis,
1303 3342 1419 3390 egressus,
1427 3331 1566 3390 exspectans
1573 3329 1630 3377 duur
1639 3333 1697 3378 one·

128 3416 192 3464 neque
200 3407 309 3468 potiorem
318 3407 393 3456 ducat
401 3405 464 3466 apud
477 3406 574 3454 nitriam
580 3405 727 3474 seruitutem,
738 3418 809 3466 qurum
817 3405 881 3466 apud
925 3409 1073 3471 gosiosrogia
1082 3410 1157 3458 exiret
1169 3408 1231 3468 (iem
1241 3409 1304 3456 enim
1315 3408 1409 3456 eduum
1416 3420 1460 3456 suu
1470 3407 1527 3456 iiiuc
1536 3411 1656 3467 venerat),
1667 3408 1697 3455 ed

129 3481 229 3531 λιαιιυοε
244 3483 351 3545 ingentes
359 3485 435 3544 opes?
448 3503 460 3526 ν
470 3485 582 3532 ceterum
599 3495 624 3532 se
639 3481 704 3530 dorni
720 3486 881 3531 remanentem
927 3485 1016 3546 relique
1030 3485 1144 3544 oediircia,
1160 3485 1200 3532 ubi
1214 3485 1297 3533 nttiies
1308 3482 1510 3543 commorabatur,
1528 3485 1639 3545 procaesi.
1654 3487 1697 3533 iiic

130 3559 202 3618 nnjori
212 3575 290 3611 eornm
298 3562 371 3610 rebus
379 3561 517 3623 adjumento
527 3561 882 3623 tutorum,quippequidomrni
926 3564 984 3612 dum
1001 3578 1044 3625 ego
1060 3567 1147 3612 starem
1161 3577 1216 3612 eum
1229 3564 1319 3624 reliqua
1337 3561 1490 3610 multitudino
1506 3564 1563 3621 (nec
1583 3562 1645 3610 enim
1657 3575 1697 3610 ac·

129 3633 444 3701 innpimret,siqnibusin
454 3639 524 3688 rebus
531 3639 643 3688 Romanis
652 3639 801 3698 irasceretur,
809 3651 882 3699 qrrnm
926 3653 992 3688 cessu
1006 3641 1077 3688 ultius
1091 3641 1134 3688 ioci
1150 3639 1300 3700 protribebar,
1316 3639 1403 3700 quippe
1416 3639 1456 3699 qui
1469 3639 1547 3688 Attilae
1560 3639 1699 3687 custodibus

128 3711 180 3760 idad
188 3729 224 3764 eos
235 3716 350 3765 accedens
363 3717 523 3765 criminationi
536 3730 562 3765 se
572 3715 702 3776 obiiceret,
714 3718 734 3764 si
752 3717 811 3764 torte
824 3715 882 3776 quid
926 3720 951 3764 et
961 3717 1073 3774 barbmis,
1083 3717 1123 3779 qui
1133 3729 1188 3765 eurn
1201 3716 1386 3774 assectabantur,
1397 3727 1461 3762 erem
1476 3716 1575 3774 notus),
1587 3715 1634 3763 ridi
1647 3728 1697 3762 ma·

129 3791 200 3838 τοοίιι
212 3805 280 3853 quern
297 3793 377 3841 Attiire
395 3793 524 3842 rationibus
537 3792 689 3841 commodum
709 3791 830 3839 rideretur
846 3792 882 3840 in·
926 3805 996 3853 gnum
1015 3793 1111 3842 turbam
1127 3795 1307 3850 accurrentem,
1320 3805 1375 3852 qum
1387 3790 1520 3839 tumultum
1535 3793 1559 3839 et
1574 3791 1698 3852 strepitum

128 3870 189 3914 reret
201 3871 256 3924 Qun
265 3882 341 3931 quum
353 3869 449 3917 dixisset
461 3869 555 3917 et-miiri
566 3869 659 3916 veniam
669 3867 771 3916 dedisset
783 3881 838 3915 eum
853 3868 883 3916 de
928 3868 1000 3918 edem
1019 3869 1110 3918 exitum
1129 3870 1207 3917 nrtitae
1220 3868 1408 3929 prestolabatur.
1422 3865 1527 3915 Tandem
1538 3867 1619 3916 nitiias
1628 3867 1699 3916 domu

128 3941 230 4004 irimque
247 3959 276 3994 ει
291 3946 343 4006 ipso
358 3945 487 4005 intelligere
502 3957 657 4006 cuperemus,
672 3943 775 3992 adeundi
788 3943 796 4004 t
807 3945 883 3992 btnxi-
927 3959 1045 4006 egressus,
1057 3945 1121 4006 gravi
1133 3945 1271 4002 vultu‚buc
1281 3945 1337 3992 iiiuc
1346 3943 1428 3992 ocutos
1443 3945 1563 4004 torquens,
1573 3956 1628 3990 cum
1637 3947 1700 3992 Ouo-

127 4021 183 4068 mino
193 4022 251 4070 enirn
262 4023 285 4070 in
294 4021 410 4084 dignitate
421 4023 551 4072 constituto
562 4035 646 4085 purtim
659 4021 760 4070 decorus
768 4024 819 4070 eret
828 4035 882 4070 con·
926 4023 988 4083 gesio
1005 4035 1047 4083 pro
1058 4021 1149 4070 nedibus
1162 4021 1275 4070 substitit.
1292 4021 1336 4068 iiic
1352 4032 1409 4068 eum
1423 4017 1506 4078 inniti,
1525 4019 1612 4080 quibus
1630 4023 1698 4068 erent

127 4095 201 4144 tinum
210 4101 371 4160 congemis),
386 4099 452 4148 abiit.
467 4099 581 4148 Postridie
592 4098 623 4146 ad
634 4098 719 4146 domus
730 4097 810 4147 ditiiae
821 4099 883 4147 inte·
927 4099 994 4162 litos,
1011 4099 1134 4159 adierunt,
1153 4098 1239 4158 eteius
1251 4097 1366 4157 iudicium
1379 4099 1531 4157 exceperunt.
1549 4095 1640 4144 Deinde
1653 4097 1703 4162 dn·-

126 4171 182 4219 rion
193 4179 256 4234 εεριε
270 4188 309 4224 me
319 4175 410 4224 contuli
425 4175 488 4224 dono
504 4177 580 4223 terens
589 4175 640 4235 ejus
651 4175 733 4234 osori,
745 4188 800 4235 qum
810 4178 885 4224 ceree
927 4189 994 4224 mum
1011 4176 1115 4237 repetiit,
1131 4177 1155 4222 et
1168 4173 1322 4224 barbararum
1339 4173 1445 4234 gentium
1462 4172 1566 4234 tegetes,
1579 4171 1622 4233 qui
1632 4171 1662 4220 ad
1673 4187 1699 4223 se

125 4249 338 4300 imbuerem
355 4255 404 4300 tres
422 4251 455 4300 iiii
472 4251 552 4310 liberi,
570 4263 672 4312 quorum
691 4251 810 4298 maximus
826 4255 883 4298 nutu
927 4253 1050 4306 venerunt,
1064 4250 1166 4298 admisit.
1547 4256 1548 4259 ’

123 4326 168 4385 ian
180 4333 229 4378 turn
245 4329 394 4378 Aretinorum
406 4333 430 4378 et
442 4330 585 4391 reliquarum
595 4329 715 4390 gentium,
729 4341 776 4390 qua
788 4327 884 4389 Scythia
958 4331 995 4378 bie
1007 4341 1071 4387 τετυ,
1085 4329 1143 4376 dum
1162 4327 1302 4388 Onegesium
1314 4326 1492 4388 exspectabam,
1504 4326 1627 4388 Romulus,
1640 4329 1699 4376 Pro-

125 4406 152 4453 ad
164 4409 259 4456 Ροιιῑιιεο
271 4411 353 4470 patet,
367 4421 465 4469 regum
480 4408 585 4456 tenebat.
607 4409 672 4456 intra
684 4407 724 4454 iiie
735 4409 801 4468 sepia
818 4407 885 4454 erunt
928 4410 1010 4456 mutus
1021 4411 1045 4456 et
1056 4410 1183 4465 iiorusnus,
1197 4405 1266 4466 iegati
1275 4405 1305 4453 de
1315 4405 1377 4454 vasis
1387 4405 1465 4454 aureis
1476 4417 1507 4454 ex
1519 4403 1587 4454 italie
1598 4405 1627 4453 ed
1638 4406 1700 4454 utti-

125 4483 194 4531 nnita
202 4484 306 4544 editiein,
317 4485 402 4546 purtim
413 4477 442 4532 εἰ
451 4484 540 4532 tabuiis
550 4483 649 4545 sculptis
660 4486 684 4532 et
692 4483 810 4544 eleganter
820 4495 884 4530 com·
928 4486 975 4533 lum
991 4484 1069 4543 missi,
1083 4495 1198 4531 truncum
1218 4481 1332 4538 Rursticio,
1346 4481 1387 4541 qni
1403 4481 1427 4529 in
1438 4480 1554 4529 comitatu
1569 4481 1700 4530 Constantii

127 4561 205 4619 ρεειὶε,
216 4563 299 4622 metim
313 4575 343 4610 err
358 4562 466 4611 trabibus
475 4574 546 4622 opere
558 4573 619 4622 puro
634 4563 658 4609 et
674 4560 698 4608 in
718 4559 884 4608 rectitudinem
927 4565 987 4622 erut,
997 4565 1022 4610 et
1031 4560 1195 4610 constantioio
1203 4573 1232 4607 ex
1245 4563 1359 4608 Paeonum
1369 4558 1472 4619 regione,
1482 4572 1537 4620 ηοω
1547 4559 1625 4608 Αιῑίίω
1635 4572 1700 4620 pare·

127 4635 207 4685 atiabm
221 4637 314 4696 dotatis,
331 4651 387 4699 quoe
405 4638 522 4700 impositre
533 4639 600 4686 erant
610 4637 678 4698 lignis
689 4637 713 4685 in
724 4637 825 4686 circutos
833 4649 885 4684 cur·
928 4641 978 4699 but,
990 4653 1029 4688 me
1037 4642 1093 4687 sunt
1104 4650 1212 4687 sermone
1221 4635 1308 4696 adorti,
1318 4637 1342 4685 et
1350 4637 1563 4696 interrogaverunt,
1574 4639 1654 4684 utrum
1664 4636 1698 4683 di·

128 4715 201 4761 san:
220 4714 300 4764 circuti
322 4719 403 4763 nutem
423 4716 502 4764 asoto
523 4715 547 4762 in
570 4713 713 4763 mediocrem
733 4713 884 4762 altitudinem
928 4717 1044 4776 missi,an
1056 4727 1151 4764 manere
1163 4714 1360 4763 mectiessemus.
1377 4731 1389 4756 ι
1407 4712 1433 4762 ld
1444 4713 1533 4775 ipsum,
1545 4715 1657 4774 inquom,
1671 4715 1697 4761 ut

129 4791 275 4851 wambani.
307 4794 351 4840 iiic
363 4791 486 4840 trabitsiut
503 4792 582 4840 Attilae
593 4790 705 4852 uxor,ad
720 4791 883 4852 qnnmebnr·
928 4793 1001 4840 scium
1016 4805 1045 4840 ex
1063 4793 1192 4852 onegesio,
1205 4792 1267 4839 intre
1281 4789 1326 4838 ista
1341 4792 1407 4852 septa
1422 4791 1539 4851 opperior.
1556 4791 1638 4837 »Tum
1654 4803 1697 4848 ego

130 4863 190 4924 baris,
201 4867 240 4928 qui
250 4868 312 4916 eirca
320 4868 489 4928 jnuunserant,
500 4869 584 4916 nactus
596 4867 697 4926 aditum,
709 4867 785 4928 ipsam
801 4865 885 4930 deprc·
928 4869 981 4918 ilios
1000 4868 1101 4918 uicissim
1114 4867 1278 4929 percunctari,
1290 4879 1320 4914 an
1334 4865 1430 4927 aliquod
1447 4867 1504 4914 mite
1518 4877 1655 4925 rearmnsum
1667 4865 1696 4912 ad

129 4940 219 4990 badim
232 4943 297 4992 motii
312 4945 417 5004 stragula
429 4945 712 5004 incentern.ltretoutem
722 4944 884 5006 perimentum
929 4959 966 5006 en,
977 4945 1007 4993 de
1019 4945 1106 5006 quibus
1115 4945 1184 5005 togati
1195 4945 1317 5002 venerunt,
1329 4943 1359 4990 ab
1369 4942 1440 4990 Attila
1455 4943 1571 4990 tulissent.
1604 4943 1698 5000 Nequin-

130 5015 194 5066 taneio
203 5021 318 5082 tapetibus
326 5023 438 5078 stratum,
449 5021 565 5083 inquibus
574 5023 730 5071 constitimus.
742 5026 801 5070 Eum
809 5021 885 5069 iamu·
928 5033 1000 5083 quem
1009 5021 1077 5070 aiunt
1087 5021 1154 5069 iiium
1167 5019 1252 5068 dolori
1264 5019 1416 5076 asententin,
1429 5018 1468 5066 sed
1482 5017 1569 5064 betium
1582 5016 1666 5064 minari
1675 5020 1699 5064 et

131 5091 199 5143 Ιοιιιαι
210 5097 336 5146 multitudo
346 5097 371 5146 in
382 5099 464 5148 orbem
478 5098 654 5158 circumstabat,
667 5104 691 5148 et
700 5098 790 5148 anciliae
801 5112 832 5146 εει
841 5097 883 5147 ed·
929 5098 1106 5159 denuntiare,ni
1114 5098 1229 5158 syiueuus
1238 5097 1280 5144 uut
1288 5094 1500 5158 pocuiudedantur.
1510 5095 1698 5156 Nosvcroquum
