3842 5726
809 373 1056 434 FRAGMENTA.
1672 385 1705 436 et

108 519 157 564 τες.
170 486 255 558 θύται
265 517 324 562 ταις
337 517 427 572 τεειαις
438 517 483 554 του
504 492 633 574 βασιλέως
644 491 822 572 ἐξωγκωμένοι
841 496 887 554 καί
931 496 1026 576 πατρί)
1047 494 1137 555 καί
1114 519 1144 554 το
1167 503 1278 576 πρᾶγμα
1303 498 1449 575 ἐθαύμασε,
1465 500 1595 578 μακάριον
1617 501 1708 560 ἑαυτὸν

109 587 193 642 πάντα
208 586 250 664 ἐφ’
271 587 372 649 δαοτοῑς
386 585 494 662 δρῶντες
509 581 636 658 κείμενα,
659 581 749 638 στάσιν
765 583 790 640 ἐν
806 582 887 655 ἄλλή-
931 583 1136 660 θπολαμόάνων,
1151 586 1173 642 ελ
1191 590 1304 644 τοιοῦτον
1317 581 1366 651 tzar
1382 585 1511 665 γαμύρόν.
1527 589 1586 646 Τῶν
1599 573 1694 662 μέν’
1665 612 1708 648 ουν

108 674 160 738 λαις
179 695 211 729 ον
198 671 358 752 ’μικρδν’
340 693 460 750 ηγειραν,
476 672 500 728 oi
514 669 561 744 piri
576 671 682 746 ἀγαπᾶν
702 668 747 728 καί
767 668 888 778 δέχεσθαι
932 669 1162 752 δμοφύλωνδλέγοε
1174 673 1240 738 τενδς
1256 670 1303 742 τὴν
1315 670 1448 730 εὐσέβειαν
1467 673 1511 730 καλ
1524 674 1618 753 ἀρετήν
1639 678 1708 752 ἀγα-

105 759 151 830 τήιι
166 765 304 836 παρῶσαν
321 757 487 832 εὐδαιμονίαν
501 755 660 829 κελεύοντες,
675 759 698 814 οἱ
713 755 786 814 δέ
763 779 807 814 τον
821 757 887 816 οἴκοι
932 757 1033 826 σθέντες
1050 758 1241 818 τοῦνεανέσκου
1249 757 1394 837 ,πρδςτελν
1407 758 1502 817 ἐκείνου
1517 759 1624 836 γνώμην
1638 762 1709 840 ἐχεύ-

104 845 230 954 γεγρνότα
249 845 390 925 φυλάττειν
401 841 522 922 δρκον’
491 852 578 910 αυτοῖς
589 843 635 901 καλ
655 842 692 919 μὴ
713 843 887 924 παραύοιίνειν
933 867 1014 921 ρησαν
1026 845 1071 903 καὶ
1081 847 1281 918 συνεστήκεσαν,
1292 849 1316 904 οἱ
1334 844 1361 904 δέ
1376 846 1467 905 πολλοὶ
1476 870 1523 905 και
1512 847 1709 928 δυνατώτεροι

105 931 420 1001 δκείναςτδςσυνθήκας.
436 922 642 1002 Αδταιδὲήσαν
659 929 888 990 θσεύέστοιτσικαλ
931 952 982 986 των
996 933 1039 990 οε
1040 931 1155 1010 ογμένων
1170 932 1277 1012 ἐξάρ”
1226 955 1292 1012 ρχης
1307 932 1384 1010 eupit
1396 933 1512 1012 εἴροντο
1524 958 1569 992 και
1583 959 1675 1016 προ
1660 937 1708 1008 τὴν

106 1019 272 1121 βσρδαρεκδιι
295 1010 357 1090 ἦθος
371 1020 434 1084 εἰς’
419 1017 544 1094 σιμότητα
566 1018 795 1128 παρατρέχουσιιι,
809 1019 889 1078 παντλ
931 1017 1011 1076 ὠδῖνα
1036 1042 1082 1088 της
1103 1018 1240 1086 ἐπιόουλης
1267 1020 1352 1098 οφαδα
1346 1021 1439 1087 ’ζοντες
1466 1021 1647 1098 ἐμεμήνεσαν·
1673 1016 1709 1083 ὧν

11 1115 14 1130 ’
104 1107 195 1187 τρόπῳ
211 1105 357 1182 Ῥωμαίοις
375 1105 551 1164 ἐπιθουλεύειν
566 1105 667 1163 καλ’
630 1129 703 1183 πασῃ
719 1129 827 1186 μηχανῃ
810 1105 887 1164 “sui
932 1095 1011 1183 ηρχεν
1023 1105 1191 1186 Ἔρίοιιλρος,
1205 1104 1270 1185 ἀνὴρ
1280 1105 1466 1182 ἡαιοιονὴς
1425 1130 1470 1166 και
1484 1113 1535 1166 τῶν
1551 1109 1711 1171 άλλοινλυσ-

104 1195 170 1251 erbe
184 1193 248 1257 τοὺς
262 1191 468 1268 ὑποδεξαμένους
481 1192 590 1268 άδικειν,
606 1191 693 1250 κδν
667 1216 700 1250 τα
715 1191 828 1270 μέγιστα
843 1196 888 1250 ὑπ’
933 1193 999 1250 σεοδέ
987 1216 1098 1272 εσος.τερ
1063 1195 1277 1269 οςΣιιμποσίου
1300 1194 1326 1252 88
1348 1195 1561 1274 προτεθέντος’
1532 1206 1618 1265 αυτοῖς
1638 1199 1711 1280 παρδι

105 1283 191 1340 οὔτῶν
207 1274 238 1338 εὖ
253 1281 407 1358 πάσχωσιν,
420 1282 455 1346 ὡς
467 1276 542 1336 δν
510 1303 555 1348 της
566 1279 671 1338 ἐκείνων
681 1278 835 1350 ἁπάοης’
798 1303 888 1360 χωρας
932 1303 977 1338 του
962 1280 1117 1390 βασιλέως
1130 1282 1267 1360 ἁδροτέραν
1286 1280 1332 1340 καί
1345 1283 1517 1342 πολυτελεστέ
1519 1306 1579 1363 ρου,
1596 1284 1643 1356 τήν
1657 1310 1712 1344 πα-

103 1371 239 1446 ἐγιιρατεῑς
255 1367 394 1444 γένωνται.
416 1366 483 1446 Περλ
502 1364 593 1424 τούτου
613 1359 712 1442 μὲν
683 1389 727 1424 ουν
749 1357 781 1437 ην
803 1369 888 1434 αὐτοῖς
933 1365 1035 1444 ροεμίαν
1050 1367 1228 1435 ἀποδείξαντες
1241 1371 1327 1476 ἀληθῆ
1341 1369 1388 1478 τήν
1409 1369 1563 1446 λέγουσαν
1579 1325 1645 1438 οίνός
1665 1375 1711 1434 καὶ

101 1453 300 1526 ήστάσις,καλ
315 1453 513 1528 διανεμηθέντος
535 1451 771 1531 άπερράγησαν,οί
791 1452 838 1528 μὲν
854 1453 887 1510 τὰ
934 1454 1077 1526 άλήθεια,ι
1066 1479 1139 1513 του
1122 1454 1274 1514 Διονυσου
1286 1481 1331 1514 και
1342 1479 1399 1515 τοτε
1411 1457 1571 1538 ῥήξαντος
1542 1481 1629 1528 αιιτοις
1638 1462 1710 1543 παρδι

101 1541 180 1652 γείρω
194 1540 413 1622 προθέμενοιτῆς
433 1545 543 1619 βουλῆς,
564 1540 630 1599 οίδὲ
642 1540 676 1598 τδ
697 1538 886 1620 εὔσεύέστερα,
933 1541 1011 1599 πότον
1031 1541 1079 1612 τήν
1094 1543 1321 1622 έπικρυπτομένην
1343 1545 1442 1616 στάσιν,
1467 1546 1601 1605 διαλύεται
1616 1547 1705 1626 μὲν
1680 1573 1710 1608 το

101 1627 668 1710 ε’τεκρύπτοντεςδέἑκστέραστάσιςτήνπρ’
640 1630 886 1709 ροφασεντῆςθργῆς
933 1628 1078 1706 συμπόσιον
1091 1631 1221 1702 ἀτάκτως,
1232 1653 1276 1688 και
1266 1629 1332 1688 διδ
1348 1635 1430 1712 θυρῶν
1442 1631 1555 1712 ἐχώρουν
1570 1642 1627 1696 τεθο
1630 1637 1710 1716 ρ·υύη

101 1713 178 1790 ὅμως.
195 1715 280 1774 itate
295 1713 461 1793 βασιλεὺς
429 1738 512 1772 τιιιιον
524 1737 570 1773 ουκ
582 1712 686 1791 ἐληγεν,
703 1717 762 1772 ἀλλ’
777 1719 843 1792 δμοτ
833 1737 888 1794 ρα·
934 1715 1361 1795 μένοικαιπαρακεκινηκότες(πα
1364 1720 1674 1802 ρεγινηκότεςθίῖίοσο.)·δ
1661 1725 1709 1783 888

100 1803 193 1870 πέζους
207 1791 266 1912 ἐμ
279 1825 324 1860 και
314 1801 512 1876 δμοσιιηνους
526 1800 571 1859 καλ
585 1801 688 1859 πολυ
664 1824 693 1859 το
705 1801 875 1880 φιλοδοιρον
864 1825 888 1868 ες
934 1803 1068 1880 Φράύιθος
1082 1805 1153 1862 δι’1
1139 1827 1232 1881 αρετης
1245 1808 1293 1861 θπε
1297 1803 1430 1883 ύρολήν
1406 1827 1436 1864 το
1449 1806 1529 1864 καλον
1544 1809 1590 1866 καὶ
1611 1809 1710 1868 δίκαιον

102 1891 195 1956 αιίτοθς
206 1913 255 1961 ην·
270 1887 431 1966 οὐδαμοῦ
403 1913 454 2000 γαρ
473 1887 560 1967 ἐξεφερ
562 1911 604 1946 ετο
616 1888 660 1946 καὶ
674 1894 888 1996 παρεγυμνοῦντο
933 1891 1040 1949 κάλλιον
1055 1889 1111 1966 ἅμα
1132 1891 1177 1950 καλ
1197 1892 1390 1972 θεοφιλέστερον
1410 1891 1569 1966 ὀφθήσεσθαι
1587 1895 1708 1972 νομίζων,

103 1977 180 2035 εδ
146 2001 195 2046 ττς
216 1976 388 2057 φιλονεικίας.
406 1967 503 2036 Ηνδὲ
491 1975 664 2053 ἡγευων
632 2000 678 2046 της
690 1999 737 2052 μεν
758 1978 888 2056 θεοφιλοῦς
934 1978 1139 2057 είπροοθιίη’
1107 2002 1201 2057 ταχος,
1216 1981 1245 2036 οὐ
1260 2001 1309 2056 περ
1312 2002 1353 2054 ιμε
1343 1977 1453 2044 είναςέτ
1439 2001 1511 2057 τερον
1527 1981 1626 2059 καερδν,
1642 1983 1710 2040 stit

103 2063 230 2130 καλθείας
246 2065 353 2172 μερίδρς
363 2063 511 2142 Φράύεθος,
534 2062 599 2142 ἀνήρ
621 2086 675 2130 νεος
690 2063 737 2139 μὲν
752 2062 822 2121 κατθι
840 2063 888 2134 τὴν
934 2066 1100 2142 σπασάμενος
1115 2090 1144 2124 το
1132 2066 1281 2148 ξιφοςτης
1294 2068 1408 2146 πλευρᾶς
1419 2065 1451 2126 'E
1453 2067 1574 2147 ριούλφου
1589 2069 1707 2140 διήλἽασε

105 2153 221 2224 ηλικίαν,
237 2150 376 2230 γεγονδιςδ
377 2195 390 2208 .
378 2149 439 2218 ἐεῖς
454 2150 549 2231 ἀρετήν
565 2173 611 2208 και
600 2151 777 2220 ἀλήθειαν“
765 2151 888 2222 απάντῳν
934 2152 989 2212 Καὶ
1006 2157 1020 2210 8
1040 2152 1086 2229 μέν
1108 2152 1191 2212 ἔκειτο
1206 2153 1305 2225 πεσὼν,
1327 2153 1528 2233 ὀνειροπολήσας
1551 2153 1599 2226 τὴν
1623 2156 1710 2216 ἄδικον

104 2237 248 2317 ἐνθρύικων
264 2240 412 2304 κάλλιστος.
435 2239 519 2305 Θεούς
539 2261 567 2296 τε
588 2237 639 2316 γδρ
659 2237 789 2316 ὡμολόγει
812 2244 887 2316 θερα-
933 2239 1087 2311 ἓπιύουλήν·
1099 2244 1123 2300 ot
1138 2241 1164 2298 88
1177 2242 1224 2273 aaa

105 2325 190 2382 πτύειν
204 2325 278 2384 κατὰ
291 2326 335 2384 τὸν
351 2328 460 2405 ἀρχαῖον
475 2324 580 2403 τρόπον,
595 2324 640 2383 καὶ
652 2324 775 2400 οὐδεμίαν
788 2325 887 2398 ὑπέστη
973 2333 1042 2390 Exc.
1058 2334 1101 2387 De
1114 2342 1185 2388 sent.
1199 2353 1230 2407 p.
1246 2333 1299 2387 οδε
1319 2351 1326 2390 :
1339 2328 1491 2404 Συμποσίου
1506 2329 1533 2388 δέ
1547 2331 1711 2410 προτεθέντος

105 2413 200 2470 πλάσιν
223 2416 249 2480 ἐς
276 2414 381 2484 ἀπάτην
407 2413 452 2472 καὶ
485 2415 545 2470 διακ
548 2414 655 2516 ράτησιγ
690 2411 888 2491 (διακρότησινέ
934 2417 1020 2482 αὐτοῖς
1032 2415 1106 2494 παρδι
1118 2423 1162 2476 τοῦ
1177 2416 1302 2496 βασιλέως
1313 2415 1452 2496 ἁδροτέραν
1463 2415 1507 2474 καλ
1522 2419 1711 2477 πολυτελεστέ-

106 2501 216 2608 (λερει),
232 2498 303 2557 ἄλλά
318 2499 419 2576 γυμνὴν
431 2524 477 2559 και
466 2497 652 2578 καθαρδνδ’
632 2523 652 2556 ιε
640 2521 728 2580 φαενε
739 2497 787 2570 τὴν
800 2498 888 2580 ψυχήν
934 2525 988 2583 ρου,
998 2501 1045 2574 τὴν
1056 2503 1199 2584 παροιμίαν
1210 2502 1346 2571 ἀπέδειξαν
1357 2503 1480 2575 ἀληθινὴν
1490 2503 1561 2582 [τήν]
1571 2506 1710 2583 λέγουσαν·

106 2587 220 2666 :spires
202 2586 302 2668 βίου,
316 2587 408 2667 ἐχθρὸν
423 2585 617 2665 θπολοιμθοίνων
934 2617 946 2642 ι
961 2583 1027 2656 οἶνος
1041 2590 1086 2648 καί
1105 2590 1213 2661 ἀλήθεια
1233 2596 1277 2648 τοῦ
1292 2590 1428 2648 Διονύσου.
1446 2618 1456 2642 ι
1471 2591 1518 2650 Διὸ
1538 2592 1584 2651 καὶ
1597 2593 1640 2650 τδν
1655 2593 1711 2652 θεὸν

550 2693 612 2754 ὁμῶς
624 2691 699 2740 Ἀίδαο
712 2691 810 2754 πύλῃσιν
934 2675 1037 2744 εἰκότως
1053 2679 1149 2736 Λυαῖον
1163 2681 1320 2749 ιιαλουσιν,ί
1306 2701 1341 2744 ως
1362 2681 1389 2736 ού
1409 2676 1504 2788 μόνον
1507 2680 1646 2738 διαλύοντα
1665 2682 1711 2748 τδις

166 2763 192 2818 ὅτ
207 2761 233 2826 χ
244 2762 325 2824 ἕτερον
335 2763 376 2824 μὶν
385 2762 455 2824 ῑῑύθθ
467 2761 593 2824 ἐνὶφθῑσῑνι
607 2762 663 2809 ἄλλο
672 2763 697 2809 δὲ
707 2761 770 2824 stirp.
932 2762 1024 2836 λύπας,
1036 2763 1103 2822 άλλδι
1114 2764 1194 2823 καὶ
1171 2787 1200 2822 το
1208 2764 1330 2842 στεγανὸν
1341 2767 1391 2822 τῶν
1402 2765 1560 2848 ἀπορρήτων
1571 2768 1709 2847 διαχέοντα

108 2840 372 2930 l'mauuu8a8r88e
387 2847 622 2926 Ρωμαίανεύθθς,
638 2847 776 2924 ἐναμηδὲν
793 2848 885 2928 θύρίζῃ
932 2851 1009 2908 καίδ
995 2849 1215 2910 διακαλύπτοντα.
1257 2851 1356 2911 Kos
1326 2874 1384 2910 τοτε
1403 2855 1434 2932 βη
1427 2851 1568 2920 ίανεος
1539 2879 1626 2922 αυτοις
1638 2879 1710 2932 παρα

108 2939 147 2994 διδ
160 2961 285 3014 emutare<
300 2937 430 3014 ἀνάγκην.
455 2935 537 2996 Καλδ
558 2935 679 3016 βασιλεὺς
703 2936 829 3017 ἐπέτρεψε
843 2936 886 2995 τὸν
932 2936 1009 2995 πότον
1024 2937 1190 3016 τὴννβουλήν,
1211 2938 1344 2996 διαλύεται
1364 2939 1392 2996 τδ
1411 2939 1556 3012 συμπόσιον
1576 2942 1707 3008 ἀτάκτοις.

108 3029 198 3103 γάμον,
221 3025 270 3082 καί
292 3029 308 3084 δ
331 3023 476 3104 πατήρ
443 3048 490 3095 της
512 3023 590 3104 κόρης
614 3023 794 3104 (ἐτρέφετο
767 3047 817 3104 γοιρ
837 3023 887 3082 ὑπὸ
971 3030 1014 3082 De
1026 3046 1056 3083 re
1070 3028 1227 3082 narratacs.
1243 3030 1369 3083 Zosimus
1384 3030 1431 3096 lv,
1451 3028 1487 3084 56
1504 3029 1573 3104 (δρα
1588 3051 1619 3105 p.
1633 3028 1690 3107 (1.).

108 3195 191 3251 tar,nt
208 3191 321 3240 contuiti
344 3189 455 3253 presenti
468 3190 624 3252 prosperitate
643 3189 788 3250 fruerentur,
807 3189 846 3237 atii
860 3191 886 3237 ut
931 3195 1027 3252 perator
1044 3191 1108 3240 dedit
1129 3191 1168 3252 jus
1186 3193 1339 3253 nuptiarum,
1360 3195 1384 3239 et
1407 3197 1473 3252 ροισι
1496 3193 1582 3254 puettm
1607 3194 1711 3254 (etenim

106 3268 289 3328 iusiurandum,
301 3267 368 3329 qnod
379 3267 444 3315 dorni
462 3267 637 3328 praestiterant,
650 3267 789 3326 servarent,
807 3278 886 3326 neque
930 3267 975 3316 sub
990 3270 1056 3329 patre
1076 3268 1241 3326 nutriebatur)
1262 3281 1313 3315 rem
1328 3267 1472 3326 admiratus,
1487 3269 1587 3318 beatum
1600 3284 1625 3318 se
1637 3271 1711 3319 duoe-

110 3349 174 3407 patta
182 3346 323 3406 migrarent.
343 3345 477 3393 iitsantem
494 3345 566 3404 pacta
583 3341 848 3403 erantimmanissima,
862 3345 886 3390 et
930 3343 983 3402 bat,
1000 3344 1064 3405 qarort
1073 3344 1149 3392 tatem
1162 3357 1276 3404 generum
1290 3347 1376 3391 noctus
1388 3346 1456 3391 esset.
1473 3347 1506 3391 Ex
1527 3359 1556 3393 eo
1575 3345 1663 3394 tactum
1676 3349 1712 3395 eat

111 3424 335 3486 trudetitateipsum
343 3423 501 3472 barbarorum
509 3435 600 3471 morem
609 3421 755 3470 excedebant
766 3439 773 3470 ι
785 3421 885 3470 otomni
930 3422 958 3467 ut
975 3421 1099 3479 nonnulii,
1116 3420 1157 3468 sed
1175 3419 1305 3468 admodum
1324 3420 1407 3482 pauet,
1426 3419 1582 3470 adolescentis
1597 3422 1711 3471 virtutem

111 3503 195 3551 ratim
205 3501 323 3552 Romanis
338 3499 436 3548 insidias
448 3497 575 3548 tenderent
588 3501 612 3548 et
622 3497 687 3547 omui
703 3502 756 3547 urta
765 3503 789 3548 et
803 3498 886 3548 fraude
930 3503 954 3546 et
962 3498 1074 3560 pietatem
1090 3499 1201 3559 reveriti,
1211 3498 1241 3547 ad
1255 3499 1306 3559 ejns
1316 3509 1413 3547 musam
1423 3497 1619 3558 seadjunxerint.
1631 3502 1709 3550 btutto

111 3579 286 3640 namuurum
299 3590 395 3626 mamma
407 3578 483 3626 ineos
501 3575 644 3627 constabant
661 3575 761 3636 merita,
773 3576 885 3637 aggrede-
930 3588 988 3624 vero
1000 3577 1080 3637 piures
1091 3579 1115 3625 et
1134 3576 1157 3624 bi
1175 3576 1336 3637 potentiores,
1352 3588 1408 3637 quse
1417 3576 1489 3624 semet
1500 3576 1530 3624 ab
1541 3576 1610 3625 initio
1625 3577 1710 3626 deere-

111 3659 187 3704 restur
196 3659 222 3704 et
232 3654 542 3715 circumvenirentmaque
554 3653 719 3714 quiescerent,
733 3652 885 3702 doneeomni
930 3657 1027 3713 verant,
1047 3655 1137 3704 tuenda
1151 3655 1195 3704 sibi
1209 3654 1311 3716 ducere,
1324 3656 1349 3702 et
1367 3657 1496 3716 conceptas
1513 3655 1611 3704 insidias
1628 3661 1711 3718 partu·

110 3733 200 3782 ιΙΙυεαεα
210 3735 310 3794 regione
318 3731 386 3793 potiti
396 3732 482 3780 ment.
496 3733 531 3778 De
548 3729 594 3777 boe
605 3729 678 3792 igitur
687 3730 740 3777 erat
750 3729 813 3777 iuter
826 3733 885 3791 scy-
930 3733 1031 3792 rientes,
1043 3732 1146 3782 insanire
1162 3735 1185 3780 et
1196 3732 1282 3781 furere.
1297 3733 1389 3780 tiorum
1400 3731 1509 3793 princeps
1522 3735 1575 3780 arat
1592 3732 1709 3792 ilriutius,

111 3805 579 3868 thasseditio,etintersedissidentes,
591 3806 616 3854 in
627 3805 688 3854 duas
699 3807 829 3854 eontrarias
837 3819 887 3867 par·
930 3809 967 3857 vir
977 3811 1094 3871 impotens
1110 3812 1134 3858 et
1150 3808 1300 3858 furibundus.
1317 3812 1399 3866 Quum
1415 3811 1497 3856 autern
1512 3809 1564 3857 titos
1583 3810 1712 3871 imperator

111 3891 145 3936 trs
156 3889 196 3936 tati
204 3889 274 3934 suut.
293 3885 344 3934 stit
359 3886 383 3933 in
399 3884 555 3944 deteriorem,
570 3883 609 3932 atii
621 3883 645 3931 iu
657 3883 820 3944 benigniorem
835 3896 886 3932 sen·
931 3886 1042 3934 convivio
1054 3886 1155 3935 lautiore
1173 3886 1317 3948 excepisset,
1339 3897 1423 3934 rerum
1443 3898 1494 3934 esse
1513 3885 1572 3934 ittud
1584 3887 1710 3948 antiquum

111 3969 205 4014 testam
222 3965 368 4025 vergebant,
380 3966 483 4024 utraque
492 3967 572 4011 tamen
583 3975 638 4023 pars
646 3961 771 4030 seditionis
785 3973 885 4010 oausam
932 3963 1083 4024 proverbium
1101 3962 1226 4024 npparuit,
1249 3961 1274 4010 in
1290 3962 1346 4010 rino
1364 3962 1488 4010 veritatem
1507 3975 1567 4011 esse.
1587 3965 1647 4011 Nam
1661 3963 1711 4024 ejus

110 4043 254 4092 atmttabat.
274 4041 434 4090 ttibitmninua
449 4040 579 4101 imperator
592 4039 646 4087 titos
657 4037 788 4086 bonoribus
801 4050 887 4088 ornare
930 4053 976 4101 ope
991 4041 1014 4088 in
1034 4044 1144 4102 apertum
1160 4040 1238 4101 erupit
1251 4039 1344 4088 seditio.
1363 4040 1469 4089 sotvttur
1485 4040 1556 4101 igitur
1572 4041 1710 4088 eonririum

111 4121 309 4180 mdmistabat,
323 4121 347 4168 et
359 4119 490 4167 modomae
499 4129 587 4166 mense
602 4117 741 4179 participes,
754 4117 827 4165 modo
838 4118 885 4166 sub
931 4117 1066 4178 incondite,
1083 4119 1108 4166 et
1118 4129 1202 4178 magna
1220 4129 1276 4164 οιιιει
1293 4117 1455 4164 eornmotione
1467 4117 1491 4165 et
1503 4117 1642 4166 contusione
1652 4131 1710 4166 eon·

110 4197 190 4246 eadem
199 4198 306 4246 tentorio
315 4195 428 4258 degentes
438 4195 581 4244 admittebat
594 4197 620 4243 et
633 4195 699 4244 omni
718 4195 885 4244 benevolentia
931 4197 993 4243 riam
1003 4195 1178 4244 tumuituautes
1195 4195 1259 4241 toras
1268 4191 1403 4254 prositiunt.
1413 4196 1444 4242 at
1456 4193 1576 4253 Fraritta,
1586 4207 1642 4254 quae
1659 4197 1711 4243 erat

109 4287 149 4322 εαε
161 4273 360 4337 prosequebatur.
378 4276 499 4334 Nusquam
513 4272 578 4320 enim
595 4283 669 4332 prava
689 4284 772 4320 eorum
790 4271 887 4319 consitis
930 4273 982 4333 ejus
997 4272 1092 4320 virtutis
1106 4270 1260 4331 magnitudo,
1279 4269 1298 4318 si
1315 4270 1396 4318 statim
1410 4270 1542 4332 prosiliret,
1554 4271 1712 4332 putebriuaet

111 4353 257 4412 apparebant
270 4349 483 4412 etdetegebantur.
496 4353 553 4398 Erat
569 4351 652 4396 autem
665 4348 789 4396 sanctioris
798 4350 822 4396 et
832 4347 885 4396 deis
928 4349 1020 4410 justius
1037 4362 1062 4398 sa
1085 4348 1205 4397 iacturum
1227 4346 1383 4396 existimarit.
1405 4348 1488 4407 itaque
1506 4359 1553 4395 non
1573 4351 1712 4409 exspectato

110 4441 168 4476 esra
179 4425 256 4489 partis
267 4427 317 4475 dna
330 4427 453 4488 Fraritta,
465 4428 536 4475 aetate
547 4424 645 4486 quidem
656 4423 764 4485 juvenis,
774 4423 815 4472 aed
829 4425 885 4485 qui,
931 4429 979 4478 atio
993 4431 1114 4489 ternpore,
1133 4439 1191 4476 ense
1209 4425 1296 4474 educto
1311 4425 1375 4474 tatus
1391 4425 1472 4473 Eriutti
1490 4425 1597 4474 confodit
1612 4444 1618 4474 τ
1633 4429 1658 4474 et
1671 4427 1712 4476 itte

111 4519 182 4566 ιιεετιιι
194 4507 311 4556 uirtutem
324 4505 412 4554 coierat
423 4507 448 4554 at
459 4503 554 4554 imitati
565 4503 683 4560 studeret,
691 4502 799 4551 omnium
810 4501 886 4552 bomi-
931 4505 1027 4568 quidem
1038 4505 1157 4566 aottapsus
1164 4502 1273 4565 jacebat,
1286 4502 1416 4562 somnians,
1425 4515 1501 4563 quum
1510 4505 1565 4551 ante
1577 4503 1600 4552 in
1612 4503 1712 4554 somniis

113 4597 168 4633 sam
187 4584 400 4640 amantissimus
415 4587 476 4632 erat.
507 4587 571 4632 Deos
591 4583 630 4631 itte
646 4581 690 4630 sibi
706 4581 736 4630 ad
755 4582 884 4643 antiquum
930 4584 1043 4645 injustam
1052 4581 1258 4644 aggressionem*
1271 4577 1310 4606 *θ

112 4675 200 4710 mrem
211 4661 327 4710 σολεειθοο
336 4661 473 4720 statuebat,
493 4673 572 4722 neque
584 4659 619 4709 itti
638 4659 703 4708 utiua
717 4659 794 4708 inerat
805 4658 883 4708 dotus.
954 4658 1265 4722 Quumqueittisatiquando
1272 4657 1302 4706 ab
1310 4657 1451 4718 imperatore
1459 4657 1546 4718 largius
1552 4661 1709 4720 aesrrmptuo

113 4741 160 4788 Soa
171 4741 210 4789 itte
220 4739 351 4802 quiequam
365 4751 406 4800 per
420 4737 529 4786 fraudem
539 4739 564 4787 et
577 4736 692 4786 malitiam
707 4734 811 4797 tingebat
820 4771 827 4795 ,
837 4747 886 4796 quo
931 4740 980 4788 sius
989 4739 1125 4787 convivium
1137 4735 1367 4794 tuissetesbibituru,
1382 4747 1456 4783 verax
1469 4735 1546 4796 patuit
1557 4735 1710 4795 proverbium

113 4821 154 4868 sibi
163 4821 295 4882 petatium
307 4819 471 4880 compararet,
490 4817 531 4866 sed
543 4831 617 4878 puro,
631 4814 734 4878 simplici
746 4817 771 4864 et
783 4813 885 4863 candido
930 4815 1002 4876 itiud,
1013 4815 1099 4865 neceni
1114 4815 1196 4862 sinum
1208 4817 1232 4862 et
1244 4813 1339 4863 veritas.
1371 4816 1451 4869 Quare
1459 4814 1484 4859 et
1496 4811 1541 4858 boo
1550 4823 1639 4860 numen
1650 4825 1708 4860 eon·

116 4899 191 4948 :she
204 4901 267 4948 ister
285 4897 395 4946 bomiues
412 4896 504 4958 agetut.
523 4896 629 4957 Peiorem
645 4895 721 4958 portis
738 4893 886 4943 internorum
930 4897 1043 4955 gruenter
1063 4893 1175 4943 Liberum
1191 4893 1321 4955 appeliant,
1336 4891 1393 4953 quia
1411 4902 1459 4939 ιιοιι
1476 4890 1555 4938 sotum
1568 4890 1710 4940 moeroribus

118 4973 538 5038 thim-cumessedueebatmui
552 4973 618 5024 atiud
627 4974 652 5022 in
666 4976 762 5036 peetore
772 4973 885 5034 versaret,
931 4972 1030 5033 liberat,
1050 4970 1220 5020 verumetiam
1240 4969 1328 5018 mentis
1348 4981 1434 5017 arcana
1454 4965 1562 5015 dissolvit
1580 4967 1605 5014 et
1623 4969 1707 5026 aperit.

119 5057 227 5108 altudere
238 5059 482 5122 poemorum
501 5057 631 5105 Romanam
646 5051 776 5114 expetivit,
794 5064 824 5100 ne
833 5064 888 5113 pro·
932 5053 1012 5107 Quare
1031 5051 1055 5097 et
1068 5049 1163 5097 iliorum
1181 5061 1256 5108 quum
1269 5047 1330 5095 inter
1347 5045 1432 5108 pocuta
1454 5043 1551 5093 comitia
1567 5041 1709 5106 revelasset,

122 5137 453 5202 stemmatum
463 5134 566 5198 iniurius
576 5145 627 5184 esse
645 5133 777 5194 cogeretur.
796 5131 826 5180 ut
840 5131 885 5180 tm·
932 5127 1070 5178 convivium
1080 5125 1229 5176 turbulenter
1238 5123 1381 5174 dissolutum
1397 5123 1441 5172 est.
