3930 5754
821 353 1064 417 FRAGMENTA.

150 495 244 572 μέδας,
312 493 350 550 λῶ
366 488 421 550 όντι
435 487 485 547 ύπίι
504 491 550 547 τοῦ
564 485 667 567 γήρως,
688 485 733 543 καί
751 484 926 564 προεὸάλετο,
971 484 1084 561 ἀνδρεῖος
1098 480 1143 540 καί
1154 479 1201 552 τήν
1211 479 1300 560 χώραν
1315 479 1446 558 ἐλῄστευε.
1490 481 1556 538 Καθ’
1568 479 1596 538 δε
1607 478 1639 550 δή
1653 477 1745 558 χρόνον

148 587 207 642 καθ’
219 514 363 659 όπετρυέίχίν
379 576 441 648 ίθος,
456 578 491 641 τίς
507 574 627 652 βοήθειαν
638 573 685 644 τήν
701 570 816 652 κεφαλήν
829 570 925 650 Γοργό·
971 572 1015 630 καί
1027 574 1044 640 η
1054 569 1182 647 λεγομένη
1197 568 1280 648 Σρίγζ
1291 569 1387 648 ἐφάνη,
1399 565 1462 645 γυνή
1474 566 1589 638 δυσειδής
1601 567 1645 624 καί
1654 565 1747 646 θηρεύε-

148 692 204 737 νος·
217 667 316 744 όδέμή
331 665 433 745 βλέπων
446 665 492 722 οὐκ
504 663 616 740 ἐ[θανεν]
627 681 634 696 ·
647 666 660 720 θ
673 659 699 719 δέ
712 660 826 740 Περσείις
838 661 927 739 [ἀγνσ-
973 661 1017 729 δης
1030 657 1077 727 τήν
1089 659 1173 736 φύσιν,
1188 656 1245 726 ήτις
1256 657 1267 734 [
1277 655 1448 714 άποόαλοῦσα
1458 655 1470 732 ]
1480 653 1523 712 τόν
1535 655 1632 733 ἄνδρα,
1645 653 1746 732 καίλη-

148 757 202 836 ῶν]
216 755 248 814 δι’
263 756 294 826 ἣν
309 754 393 812 αἰτίαν
408 750 527 831 ἐξέφυγεν
542 753 637 816 ἐκεῖνος
648 748 752 807 τδνάπδ
769 753 815 818 τῆς
826 745 925 826 Γοργό-
971 743 1077 823 στρικήν
1092 748 1275 821 συναγαγοῦσαι
1298 743 1374 820 χεῖρα
1393 741 1438 800 καί
1460 741 1537 800 τόπον
1559 739 1746 800 καταλαύοῦσα

149 867 189 910 νος
200 843 318 914 θάνατον,
330 839 374 898 καί
385 838 495 915 νομίσας
508 836 602 912 μηκέτι
613 840 724 915 ἐνεργεῖν
731 833 778 906 τήν
791 836 834 892 ὑπ’
848 836 927 910 αὐτοῦ
971 829 1099 888 δύσὸατον
1108 827 1166 893 τοὺς
1177 827 1345 909 [παριόντας]
1361 825 1463 899 ἐφόνευε
1473 828 1518 884 καί
1528 825 1574 892 τάς
1587 825 1681 896 θήύας
1694 829 1746 884 τῶν

149 931 293 1014 φερομένης
314 927 442 1010 umam,
464 926 576 1007 στρέψας
596 928 632 992 d<
653 925 744 984 ἑαυτὸν
765 925 810 982 καὶ
830 924 927 994 ταύτην
971 915 1120 992 ἀναγκαίων
1135 915 1246 975 ἐστίνου.
1292 917 1325 992 (ε)
1348 914 1380 975 Ὁ
1395 904 1438 972 σύν
1459 913 1586 980 Οἰδίπους
1604 914 1746 972 δεινότατον

149 1019 272 1100 ἑωρακὼς
283 1017 414 1076 ἐτελεύτα.
457 1017 501 1094 [κοί
515 1013 650 1074 Βασιλεύει
660 1012 716 1090 μετ’
728 1012 805 1072 αὐτὸν
817 1015 927 1090 Περσῶν
973 1003 1020 1080 [τι]
1037 1002 1238 1082 βουλευσόμενος
1247 1002 1288 1080 [ἐς
1299 1001 1329 1059 τὸ
1343 1003 1456 1080 ἀναιρεῖν
1468 1001 1514 1070 τήν
1527 999 1644 1080 Σφίγγα,
1654 999 1747 1058 έλαόεν

149 1107 230 1174 όυίδς
251 1109 329 1163 αὐτοῦ
344 1103 459 1182 ίίίέρρος,
476 1101 544 1168 ὅστις
559 1100 651 1160 ἔκαυσε
666 1101 713 1172 τήν
727 1097 847 1180 μυσαρδιν
861 1099 928 1158 έκεί-
972 1091 1002 1147 ἐκ
1015 1094 1060 1148 ῑθῧ
1074 1089 1205 1163 mmm<
1220 1088 1284 1146 ὅπου
1302 1089 1431 1166 ἇθέῖθέθθ
1455 1087 1588 1168 ἆγρῡίκθυί
1603 1087 1747 1166 γενναίως,

1687 357 1743 410 5⁴5

150 1219 196 1266 νην
209 1193 325 1274 κεφαλήν
337 1196 382 1264 τῆς
398 1191 533 1270 Γοργόνος.

527 1333 554 1384 7.

189 1426 259 1480 Exc.
274 1422 389 1478 Salmas.
403 1437 432 1496 ρ.
447 1416 504 1474 388
519 1437 525 1472 :
540 1413 662 1482 Διόνυσος
672 1414 824 1490 πολεμήσας
836 1415 928 1474 Πενθεῖ

149 1513 187 1590 τῷ
201 1505 333 1587 ἐζαδίλφιρ
351 1506 454 1580 δέσμιος
467 1501 555 1581 ήχθη·
570 1501 665 1579 Ἀγαυή
687 1502 742 1572 δίή
758 1499 845 1578 μήτηρ
860 1503 929 1560 Πεν·

150 1594 214 1662 θέεις
235 1595 334 1652 ίπτισεν
350 1589 441 1656 αι’ποίις
460 1587 614 1648 σπείσασθαι
630 1587 737 1646 ίνύιπιον
758 1591 803 1644 τοῦ
819 1587 929 1646 πάππου

155 1681 275 1756 ίίοίδμου·
289 1683 303 1738 ό
318 1681 344 1738 δέ
358 1677 480 1742 Διόνυσος
495 1675 640 1736 ἐνετείλατο
649 1677 701 1741 τοῖς
714 1673 816 1740 οἰκείοις
830 1675 929 1734 ἀνελεῖν

153 1765 268 1825 Πενθέα·
279 1765 323 1824 καί
338 1763 462 1840 ἐμυθεύθη
473 1765 511 1820 ότι
523 1767 540 1832 ή
554 1762 650 1836 Ἀγαυή
661 1761 704 1820 τὸν
718 1761 811 1820 οἰκεῖον
822 1761 927 1819 διεσπεί-

151 1850 236 1928 ραξεν,
248 1843 289 1911 σία
304 1857 348 1910 τοῦ
362 1852 474 1909 θανάτου
489 1852 567 1907 αὐτοῦ
580 1849 650 1907 αἰτία
662 1846 796 1923 γενομένη.
813 1847 928 1905 Στασια·

152 1940 252 1996 υόντων
264 1938 291 1998 δί
303 1941 354 1997 τῶν
376 1941 488 1996 πολιτῶν
503 1935 545 1996 ἰπί
560 1937 597 2016 τῷ
608 1933 711 2012 θανάτιρ
724 1931 856 2008 Πενθέως,
868 1933 926 1994 Διό-

150 2049 225 2092 νυσος
240 2026 287 2102 μέν
301 2025 473 2097 άπελαύνετο,
490 2022 680 2104 προχειρίζεται
694 2020 719 2079 δέ
733 2025 889 2102 Λυκοῦργος.

190 2116 302 2171 Ταειεεε
315 2118 387 2170 Hist.
401 2117 454 2184 Vl,
468 2114 517 2184 61,
532 2113 583 2168 581
603 2129 610 2172 :

213 2242 242 2290 Ι0
251 2240 272 2290 θ’
282 2240 388 2300 Ἰωάννης
398 2241 501 2304 χρσιτκδς
511 2241 642 2303 ἀλληγορῶν
650 2255 697 2287 που
705 2239 775 2298 λέγει·

213 2313 310 2367 Πενθεύς
318 2327 344 2360 τε
352 2313 393 2360 καί
404 2313 418 2359 ό
427 2311 562 2370 Δάόδακος,
573 2311 659 2372 μᾶλλον
670 2309 694 2357 δὲ
705 2308 801 2362 Πενθεὺς
810 2310 888 2372 πλέον,

972 1175 1191 1254 προσποιούμενος
1199 1174 1297 1251 θέλειν]
1309 1172 1400 1232 ἑαυτὸν
1407 1173 1463 1250 μετ’
1472 1177 1550 1243 αὐτῆς
1559 1175 1693 1252 λῃστεύειν
1702 1175 1747 1232 καί

972 1262 1132 1340 ἐπιτηρήσας
1141 1262 1229 1340 καιρὸν
1240 1263 1323 1340 λόγχῃ
1337 1261 1478 1340 ἀναιρεῖται
1489 1261 1595 1333 ταύτην,
1607 1261 1651 1319 καί
1665 1263 1749 1340 προοί-

971 1373 1011 1426 γει
1019 1348 1201 1419 είςτήνπόλιν.
1212 1353 1247 1408 Οί
1255 1351 1281 1407 δὲ
1289 1349 1405 1419 Θηύαῖοι
1413 1349 1591 1424 θαυμάσαντες
1603 1349 1748 1406 ἀναύοῶσιν

973 1436 1049 1494 αὐτὸν
1070 1437 1189 1515 βασιλέα.
1231 1437 1261 1516 (ε)
1284 1434 1380 1514 Πάχης
1395 1435 1422 1493 δε
1436 1435 1573 1512 γενομένης
1589 1435 1669 1500 Λάϊος
1685 1435 1749 1514 λίθιμ

972 1523 1020 1595 τήν
1038 1525 1153 1606 κεφαλήν
1169 1525 1269 1604 βληθεὶς
1284 1526 1445 1604 ἀναιρεῖται·
1467 1524 1587 1590 Ἰοκάστη
1604 1523 1630 1582 δὲ
1652 1524 1749 1604 ρούου-

975 1610 1039 1689 μένη
1058 1615 1104 1682 τ’ής
1128 1611 1261 1691 βασιλείας
1279 1613 1395 1668 ἐκπεσεῖν
1411 1611 1468 1688 ἀγει
1482 1613 1524 1670 τὀν
1546 1612 1687 1683 Οἰδίποδα,
1704 1611 1750 1670 καλ

972 1701 1116 1778 χειροτονεῖ
1125 1699 1244 1777 βασιλέα.
1258 1699 1312 1758 Καὶ
1324 1697 1459 1774 θεραπεύει
1468 1697 1497 1756 τὸ
1507 1701 1611 1770 πλῆθος,
1619 1697 1663 1755 καί
1675 1702 1750 1776 βασι·

973 1784 1042 1842 λεύει
1053 1784 1158 1862 χρόνους
1169 1785 1211 1857 ιθ’,
1224 1784 1269 1841 καί
1278 1785 1360 1841 τίκτει
1372 1787 1430 1860 μετ’
1442 1785 1576 1855 Ἰοκάστης
1588 1783 1656 1850 υίοίις
1669 1784 1694 1858 β’
1704 1784 1749 1842 καλ

973 1869 1114 1950 θυγατέρας
1133 1871 1167 1949 β’.
1211 1871 1241 1948 (ιι)
1260 1868 1335 1929 Μετά
1358 1872 1386 1928 δέ
1399 1893 1456 1928 τινα
1472 1871 1564 1949 χρόνον
1583 1869 1751 1948 έρωτησάσης

973 1953 1110 2028 Ἰοκάστης
1123 1955 1182 2034 περί
1196 1961 1247 2014 τῶν
1263 1955 1359 2030 γονέων
1374 1959 1467 2028 αὐτοῦ,
1483 1949 1538 2015 εἰπε
1554 1956 1693 2016 λίελίόοιον
1707 1955 1750 2013 τὸν

973 2042 1145 2122 θρεψάμενον·
1156 2044 1208 2114 ήδέ
1221 2043 1404 2120 μετεστείλατο
1414 2042 1500 2102 αὐτὸν·
1512 2043 1557 2101 καί
1570 2035 1625 2102 εἰπε
1637 2043 1674 2120 μὴ
1685 2035 1750 2100 εἰναι

972 2129 1063 2188 τούτου
1078 2129 1141 2202 υίδν,
1163 2133 1221 2189 ἀλλ’
1237 2133 1307 2208 ἐντῇ
1322 2129 1371 2209 ἰίλη
1387 2133 1485 2210 εύρεῖν·
1498 2131 1542 2188 κεί
1558 2137 1675 2205 μαθοῦσα
1686 2131 1750 2209 χρό-

972 2239 1015 2274 νον
1033 2207 1103 2298 εὗρεν
1123 2216 1162 2275 δτι
1176 2217 1229 2282 υίὸς
1251 2217 1330 2288 αἰτῆς
1343 2221 1461 2296 ὑπῆρχε,
1474 2217 1519 2276 καί
1540 2209 1595 2276 εἰπε
1610 2222 1647 2297 τῷ
1672 2218 1750 2280 Οἰδί-

972 2305 1041 2361 ποδι.
1082 2303 1116 2363 Ὁ
1130 2303 1157 2362 δέ
1181 2303 1294 2369 οἰκούσας
1317 2303 1410 2361 ἔλαθεν
1433 2303 1510 2374 ἥλους
1524 2303 1569 2362 καὶ
1589 2304 1673 2376 πήξας
1692 2301 1750 2368 τοίς

196 2413 199 2420 ·
212 2381 362 2444 ἀνῃρημένων
371 2385 418 2429 τῶν
429 2381 516 2429 λοιπῶν
526 2379 626 2442 ἐγγόνων
635 2384 682 2428 τῶν
693 2383 735 2427 τοῦ
745 2378 857 2442 Κάδμου,

214 2455 256 2500 τοῦ
267 2453 308 2514 μὲν
316 2449 452 2506 Ἀκταίωνος
464 2450 535 2498 αι’ποῦ
544 2451 591 2498 ιἰπθ
603 2455 678 2497 κυνῶν
687 2449 761 2506 ἰδίων,

972 2391 1118 2472 όρθαλμοίις
1129 2391 1254 2451 ἀπέθανεν
1270 2389 1326 2466 ἅμα
1340 2390 1420 2471 μητρί
1431 2391 1563 2470 Ἰοκάστη.

214 2521 321 2582 Διέεκιι
331 2519 506 2583 mmmmm
518 2519 822 2581 πεεὰπατιὸτυητιύετε»
1182 2525 1307 2586 ΛΟΓΟΣ
1328 2523 1538 2584 ΔΕΥΤΕΡΟΣ.

212 2589 274 2653 εἶχεν
285 2590 365 2639 ίλπίθα
372 2593 500 2652 κατασχεῖν
508 2589 538 2638 τὰ
547 2594 654 2650 σκῆπτρα
662 2591 702 2637 καί
713 2590 766 2644 τοὺς
778 2589 878 2652 θρόνους.

214 2661 253 2716 Ὡς
264 2662 284 2710 θ’
295 2659 503 2718 ήκουσεΔιόνυσον
515 2659 683 2719 ίγγονοννόθον
696 2659 792 2720 Κάδμου

213 2732 380 2780 ἀντιποιεῖσθαι
388 2735 429 2788 τῆς
437 2731 509 2792 ἀρχῆς
517 2765 524 2790 ,
533 2729 614 2788 δεσμεῖ
621 2729 738 2789 κρατήσας
746 2733 837 2778 τοῦτον.

214 2801 294 2856 ,θύσας
303 2802 374 2855 λιταῖς
384 2800 408 2848 δέ
419 2805 459 2858 της
469 2799 552 2862 μητρός
561 2799 674 2848 κτείνεται
688 2799 762 2854 δόλοις
771 2799 863 2849 τούτου.

214 2869 300 2933 Διόπερ
308 2869 380 2932 μῦθον
389 2867 502 2930 ίπλασαν,
511 2868 585 2928 ἀκτῆς
598 2869 682 2932 μητρὸς
690 2869 821 2928 κτανθήναι.

1014 2663 1036 2704 ι.
1058 2642 1168 2715 Ἐπειδὴ
1180 2642 1206 2702 δέ
1220 2645 1359 2722 ἀναγκαῖον
1372 2645 1454 2701 εἰπεῖν
1465 2641 1534 2709 ὅπως
1548 2645 1571 2700 οί
1583 2639 1641 2700 τότε
1653 2641 1749 2721 άνθρω·

973 2753 1019 2789 ποι
1032 2728 1173 2790 πολυθείαν
1189 2731 1327 2808 ἐτίμησαν,
1341 2731 1444 2789 λεκτέον
1456 2731 1519 2806 ἡμῖν
1532 2732 1646 2790 ἐντεῦθεν
1667 2732 1751 2808 ἀρχο-

975 2817 1071 2896 μίνοις.
1083 2819 1186 2900 Σερούχ
1193 2841 1230 2886 τις
1238 2821 1267 2878 ἐκ
1277 2823 1323 2889 τῆς
1332 2823 1377 2877 τοῦ
1389 2818 1474 2899 ’ίάφεθ
1486 2819 1569 2897 φυλῆς
1575 2817 1751 2894 καταγόμενος

976 2902 1061 2982 δόγμα
1075 2905 1210 2983 παρέδωκε
1230 2909 1354 2980 τιμᾶσθαι
1372 2903 1430 2970 τοὺς
1444 2906 1527 2962 πάλαι
1546 2903 1751 2975 τελευτήσαντας

528 2974 556 3033 8·
975 2992 1020 3051 καί
1033 2993 1235 3072 ἀριστεύσαντες
1249 2992 1342 3072 ἀνδρας
1354 2987 1370 3062 ή
1384 2991 1426 3050 διά
1435 2990 1566 3061 εἰκόνωνή
1579 2990 1621 3049 διά
1631 2990 1750 3068 ἀνδριάν-

193 3081 265 3140 cod.
284 3082 371 3138 Paris.
397 3079 492 3136 1630:
510 3074 585 3137 ίίίετά
600 3076 626 3136 δέ
649 3077 757 3153 Κάδμον
778 3075 930 3136 ἐύασίλευσι
974 3101 1037 3157 των,
1048 3077 1092 3138 καί
1101 3079 1203 3146 τούτους
1212 3083 1410 3160 προσκυνεῖσθαι
1419 3083 1478 3137 κατ’
1488 3077 1542 3146 έτος
1553 3081 1587 3145 ὡς
1597 3077 1633 3136 ἐτι
1646 3081 1750 3149 ζῶντας,

151 3171 200 3238 τῆς
208 3165 333 3232 Βοιωτίας
340 3163 469 3238 Νυκτεὺς,
480 3156 509 3222 ού
518 3162 633 3243 θυγάτηρ
644 3165 783 3235 Καλλιόπη
795 3166 824 3222 ἐκ
837 3165 930 3240 μίξεως
974 3165 1019 3224 καί
1034 3164 1139 3242 μνήμας
1150 3167 1235 3224 αὐτῶν
1247 3167 1359 3224 ἐκτελεῖν
1370 3165 1415 3224 καί
1427 3167 1453 3223 όν
1465 3173 1521 3233 ταῖς
1534 3165 1674 3243 ίερατικαῖς
1686 3167 1750 3222 ἀνα-

152 3251 281 3315 Θεοόοίου
301 3254 385 3322 Ζῆθον
399 3250 444 3308 καί
464 3251 588 3331 Ἀμφίονα
606 3250 701 3322 ἀτεκεν,
715 3250 740 3310 σί
755 3250 868 3333 ῥιφέντες
886 3253 931 3311 καί
974 3251 1119 3332 γράφεσθαι
1133 3250 1246 3330 βίόλοις,
1258 3252 1302 3310 καί
1317 3251 1386 3317 θεοὺς
1400 3249 1490 3318 αύτούς
1507 3251 1641 3328 ὀνομάζειν
1659 3253 1694 3318 ὡς
1708 3252 1750 3308 εὗ·

153 3339 220 3418 παρ’
233 3337 356 3418 ἀγροίκου
379 3336 567 3417 εἰνατραφέντες
587 3345 711 3417 κρατοῦσι
723 3342 769 3410 τῆς
793 3339 930 3412 Βοιωτίας,
975 3335 1752 3420 εργέτας.[Ἐντεῦθενείσήχθηήπολυθείακαίήείδωλολα·

154 3425 345 3491 ἐπαναστάντες
375 3428 413 3504 τῷ
437 3427 552 3500 Νυκτεῖ,
576 3425 620 3482 καί
643 3425 758 3494 κτίζουσι
785 3426 859 3483 πόλιν
884 3427 930 3497 τήν
974 3426 1059 3505 τρία]
1074 3419 1159 3486 ’Πίῖτο
1170 3425 1197 3484 δέ
1209 3425 1318 3504 διέμεινε
1330 3429 1392 3506 παρ’
1406 3428 1491 3492 αὐτοῖς
1501 3425 1578 3504 μέχρι
1587 3429 1639 3483 τῶν
1651 3422 1751 3503 χρόνων

157 3513 247 3593 πρώην
263 3504 342 3572 οὖσαν
357 3511 450 3588 κώμην
461 3511 507 3570 καί
523 3511 687 3588 καλουμίνην
703 3511 866 3591 ’Πγ-χέλειαν,
887 3514 931 3570 καί
976 3513 1070 3594 Θάρρα
1086 3514 1244 3594 τοῦπατρὸς
1261 3513 1390 3592 Ἀβραάμ.
1405 3503 1458 3574 Ἧι
1477 3513 1527 3591 γὰρ
1543 3513 1753 3589 ἀγαλματοποιὸς

153 3599 294 3677 ὠνόμασαν
306 3599 385 3669 αύτήν
404 3599 497 3669 Θήβας
509 3601 544 3665 εἰς
558 3597 640 3674 ὄνομα
659 3604 703 3656 τοῦ
721 3599 819 3678 πατρὸς
833 3602 929 3660 αὐτῶν.
975 3602 1020 3660 καί
1035 3601 1086 3660 ἀπό
1100 3602 1228 3681 διαφέρειν
1242 3603 1309 3659 ἰλῶν
1323 3606 1356 3679 τῇ
1370 3599 1444 3659 πόλει
1464 3599 1564 3666 εἰκόνας
1581 3597 1752 3680 ἐργαζόμενος

153 3689 186 3762 (²)
206 3685 314 3746 'romum
327 3685 451 3764 ἀπόγονοι
466 3687 561 3762 Λέῖυτ,
574 3686 617 3767 ἀφ’
627 3678 656 3744 ού
669 3686 793 3752 Οἰδίπους
804 3687 932 3764 γεννηθεὶς
975 3689 1020 3746 καί
1032 3689 1116 3767 λέγων
1130 3688 1233 3754 τούτους
1246 3679 1310 3746 εἰναι
1324 3685 1395 3754 θεοίις
1414 3687 1458 3746 καί
1475 3687 1586 3766 ὀφείλειν
1597 3693 1752 3763 προσκυνεῖ·

152 3773 255 3845 ἐξετέθη
274 3773 342 3853 ξύλῳ
359 3773 417 3840 τούς
437 3773 518 3840 πόδας
531 3773 732 3850 περικλεισθείς,
748 3774 791 3830 καί
811 3774 933 3840 Οἰδίπους
976 3779 1035 3834 σθαι
1050 3779 1084 3842 ὡς
1103 3775 1198 3843 αἰτίους
1218 3779 1269 3834 τῶν
1288 3778 1402 3852 ἀγαθῶν.
1418 3773 1552 3834 Ἐντεῦθεν
1569 3770 1597 3830 δέ
1616 3770 1752 3850 διέδραμεν

152 3861 293 3936 ὠνομάσθη
304 3861 368 3919 διότι
379 3859 549 3937 ὠγκωμένους
559 3851 612 3933 ε’ίγε
629 3859 683 3925 τοὺς
697 3863 785 3924 πόδας.
802 3861 893 3938 Γέγονε
905 3862 932 3919 δὲ
977 3861 1115 3934 ἡτοιαύτη
1133 3863 1194 3930 δόξα
1209 3864 1244 3926 εἰς
1264 3866 1297 3922 τὰ
1312 3864 1422 3920 πλεῖστα
1436 3865 1488 3918 τῶν
1509 3858 1650 3939 ἀνθρώπων
1671 3857 1747 3934 γένη,

153 4057 186 4070 -
198 4025 213 4088 §
225 4033 264 4076 λθ.
285 4025 410 4090 Πύρρος]
428 4027 501 4089 Μέρος
521 4027 579 4076 Chr·
601 4027 684 4074 Ρεειίι.
703 4039 727 4088 p.
747 4031 791 4087 73,
805 4033 850 4090 ²²3
872 4030 953 4090 Πέρας
966 4029 1069 4081 θεότεει.
1088 4042 1112 4091 ρ.
1127 4033 1172 4091 ει,
1190 4035 1209 4078 1.
1224 4029 1292 4092 Apud
1311 4027 1421 4078 Μείείειτι
1434 4039 1522 4075 nomen
1536 4025 1582 4074 Δοο
1596 4037 1644 4074 non
1657 4023 1751 4085 legitur,

186 4100 226 4146 Fr.
242 4099 265 4145 7.
282 4095 342 4144 Vide
354 4095 464 4144 ΜοΙοΙειιι
478 4109 502 4157 ρ.
517 4099 546 4144 ⁴2
559 4108 614 4156 της
629 4094 730 4144 cedren.
743 4107 765 4156 ρ.
779 4099 817 4145 τε.

184 4168 226 4215 Fr.
240 4169 263 4215 8.
278 4165 439 4228 Θεούοῖου]
457 4165 491 4213 εἰσ
504 4165 577 4213 eliam
588 4165 710 4214 cedrenus
720 4177 743 4225 ρ.
756 4168 801 4224 εί,
818 4169 824 4213 Ι
845 4165 970 4224 (θεόθοεος
984 4167 997 4214 ό
1008 4167 1055 4222 υίὸς
1067 4166 1187 4228 θρύτωνος
1195 4167 1218 4226 );
1231 4167 1333 4218 θεόύοον
1344 4167 1394 4216 υίθν
1406 4165 1528 4226 γενόμενον
1538 4161 1668 4227 Βρότιυινύε
1680 4179 1750 4226 τινος,

153 4237 275 4296 εεαεελφου
286 4240 325 4292 της
335 4235 433 4297 Δίρκης,
444 4235 529 4283 Malam
541 4246 565 4294 ρ.
579 4237 623 4293 (ιο,
638 4237 675 4283 17.
684 4237 820 4283 secundnm
829 4237 939 4283 Τιειεειεε
948 4234 1009 4282 nist.
1018 4237 1027 4282 Ι
1037 4271 1043 4294 ,
1054 4239 1099 4284 ειε
1109 4242 1133 4286 ει
1145 4239 1216 4298 Ειερ.
1227 4237 1250 4285 in
1261 4237 1288 4286 ΙΙ.
1302 4251 1325 4297 γι.
1339 4241 1382 4285 1³2
1391 4233 1552 4284 Antiocheam
1561 4233 1718 4294 Amphionem
1727 4238 1753 4282 ει

152 4308 240 4354 zetum
249 4305 308 4354 filios
319 4305 466 4361 θεοόόωντος
475 4305 534 4353 dixit
545 4319 551 4352 τ
561 4306 626 4354 Ιίατά
636 4305 656 4353 δ’
665 4307 754 4367 ἐτέρους
764 4305 883 4366 χρονικοὺς
892 4305 931 4352 καί
941 4304 981 4352 τὸν
995 4305 1141 4368 Ἀντιοχέα
1150 4309 1196 4355 υίοί
1206 4312 1248 4356 τοῦ
1258 4307 1413 4361 θεοθόευιπος.
1425 4335 1455 4348 -
1464 4301 1614 4366 Ἐγχελειαν]
1626 4303 1752 4352 Εύθαλείαν

152 4373 220 4434 ασελ,
230 4374 377 4436 Ἐγχιλίαν
388 4375 465 4423 ΜεΙεΙ.
478 4387 501 4436 ρ.
515 4378 559 4435 49,
570 4381 599 4434 θ,
613 4375 654 4423 ubi
663 4377 727 4424 recte
738 4376 819 4435 ρτοσυί
830 4373 905 4424 dubio
913 4375 940 4423 L.
952 4373 1105 4423 Dindorflus:
1119 4394 1131 4416 τ
1143 4376 1267 4437 scripsisse
1277 4375 1381 4436 νίόειυτ,
1394 4377 1439 4435 uit,
1449 4374 1592 4438 Ἐγχελειαν.
1604 4375 1665 4422 Ποία
1674 4377 1708 4420 ιει
1717 4375 1752 4420 sa·

153 4443 211 4492 θυῖε
219 4443 249 4492 do
258 4443 342 4492 cadmi
353 4446 377 4491 εί
387 4443 522 4492 Πετιιιοιιίια
533 4443 562 4491 τό
573 4443 700 4507 Ἐγχελεῖς,
709 4446 803 4506 gentem
814 4444 930 4504 Ιίίγτίεειιι
937 4477 944 4500 ,
952 4456 1053 4493 necessu.
1066 4445 1134 4494 Unde
1143 4446 1241 4494 ίοειειιοε
1250 4446 1417 4507 explicandum
1433 4445 1478 4494 Ιιοσ
1487 4445 1517 4492 de
1527 4445 1604 4506 ρτίιοο
1615 4441 1752 4491 Thebarum

152 4515 251 4564 ιιοειιίιιε
262 4515 433 4564 commentum.
448 4515 508 4563 υΟί.
524 4517 553 4563 R.
566 4517 652 4576 unger.
670 4517 778 4566 Thebon.
798 4515 881 4566 Ρετοιί.
901 4529 923 4576 γε.
941 4521 979 4563 ευ.
997 4539 1026 4549 -
1047 4515 1187 4570 Οἰδίπους
1204 4514 1297 4578 γενν.]
1315 4516 1412 4570 ’ῖώττας
1432 4513 1485 4574 (vel
1506 4513 1640 4570 Ἰόκαστος,
1659 4513 1749 4560 utem.

151 4583 285 4644 θἐίαθεο.)
299 4596 355 4632 eum
369 4582 455 4632 Πείείε
471 4595 494 4644 ρ.
511 4591 554 4643 50,
569 4588 577 4632 1
592 4585 719 4634 dicendum
731 4591 791 4634 emt.
805 4588 888 4635 Ροεεεε
896 4584 994 4634 demum
1006 4583 1087 4644 OEdipi
1100 4597 1188 4631 nomen
1199 4587 1299 4646 σεσερῖι.
1312 4613 1342 4625 -
1353 4583 1367 4647 §
1379 4589 1403 4634 3.
1414 4583 1508 4633 melum
1520 4584 1544 4632 Ιι.
1558 4583 1593 4642 1.,
1611 4584 1639 4628 ut
1650 4579 1750 4641 ρειεεῖω,

152 4654 248 4704 ΠειΙεΙεε
262 4656 287 4702 τι
296 4653 397 4702 cedreni
407 4665 452 4714 ope
463 4653 577 4702 τεειιττῖτιι
588 4655 677 4703 studui.
690 4659 842 4716 Quamquam
852 4653 960 4702 hocloco
969 4654 1045 4702 codex
1060 4653 1154 4702 ιιοιιιιῖεί
1165 4655 1235 4702 unius
1244 4655 1355 4704 vocabuli
1366 4655 1471 4717 spatium
1482 4665 1585 4702 vacuum
1595 4651 1675 4700 Ιιεθεε.

184 4723 260 4772 Liber
271 4721 425 4784 εεσαιιάιιες
439 4729 460 4770 ι.
472 4723 583 4786 Σερούχ
596 4740 639 4778 τις
650 4723 728 4786 κτλ]
740 4724 828 4772 Eadem
838 4723 910 4773 Ιιεθεί
927 4725 1011 4774 suidas
1027 4737 1050 4772 ν.
1062 4724 1149 4786 Σερούχ
1165 4727 1190 4772 ιιι
1201 4725 1271 4784 gloss.
1284 4725 1397 4774 secunda.
1416 4725 1514 4774 Βτενίιιε
1532 4725 1584 4772 Ιιασ
1598 4723 1709 4781 teguntur
1727 4719 1752 4769 ῖπ

153 4795 213 4842 Εεσ.
229 4795 263 4840 De
274 4791 344 4851 virt„
355 4805 394 4854 ερ.
407 4793 505 4841 suidam
518 4805 541 4840 v.
552 4794 638 4856 Σερούχ
654 4793 677 4842 ln
690 4794 765 4854 ρτίιιιε
774 4794 859 4854 μίσεος
871 4795 927 4842 item
941 4795 963 4843 ῖιι
977 4795 1159 4851 διοδεύσει,
1173 4793 1213 4841 ubi
1229 4795 1264 4843 εῖτ,
1278 4814 1284 4842 ε
1301 4794 1390 4858 Σερούχ
1401 4811 1434 4849 τις
1444 4795 1470 4842 ἐκ
1480 4799 1520 4852 τῆς
1531 4793 1605 4854 Ἰάρεθ
1615 4792 1683 4851 φυλῆς
1699 4789 1752 4836 lm·

154 4865 294 4922 μεθίτησεν,
307 4865 338 4916 ῶς
347 4862 382 4910 δεῖ
390 4863 443 4917 τοὺς
453 4863 631 4924 ἀριστεύσαντας
645 4864 728 4925 ἀνδρας
739 4865 779 4912 καὶ
792 4864 948 4918 ἀποθανόντας
962 4865 990 4912 δι’
1003 4863 1098 4912 εἰκόνων
1109 4865 1220 4924 τιμᾶσθαι
1230 4866 1270 4912 καί
1280 4865 1457 4926 προσκυνεῖσθαι
1473 4863 1524 4910 κατ’
1536 4863 1593 4916 ίτος.
1612 4859 1692 4908 Ἔνθεν
1707 4860 1747 4920 γε’-

152 4944 220 4990 γονεν
231 4931 246 4986 ή
258 4931 381 4991 πολυθεία,
397 4931 437 4978 καὶ
449 4934 606 4994 κατεκράτησε
619 4933 685 4994 μέχρι
698 4933 792 4994 θάρρα,
804 4937 846 4981 τοῖι
859 4935 944 4994 πατρός
960 4933 1073 4996 mmm·
1090 4931 1157 4986 οὗτος
1172 4933 1217 4994 γὰρ
1235 4933 1423 4995 ἀγαλματοποιός
1439 4931 1475 4990 ἦν.
1490 4931 1597 4980 Μάλιστα
1615 4929 1639 4977 δί
1652 4929 1751 4990 μετέσχε

152 4999 238 5054 ταύτης
250 4997 369 5058 ήἘλλάς,
378 5001 499 5060 τιμήσασα
508 5001 610 5058 Ἕλληνα
618 5003 657 5049 τὸν
668 5001 766 5064 γίγαντα
778 5003 818 5050 τόν
828 5007 868 5059 τῆς
879 5004 1030 5064 πυργοποιίας
1044 5003 1154 5065 ἄρξαντα·
1168 5002 1196 5049 δι’
1208 5003 1236 5060 ἢν
1246 5005 1396 5064 μερισθεισῶν
1407 5007 1453 5050 τῶν
1464 5003 1590 5062 γλωσσῶν,
1603 5001 1625 5047 οί
1634 4997 1750 5060 ἀνθρωπσε

155 5069 253 5129 μέροπες
264 5067 401 5125 ἐκλήθησαν.
417 5071 528 5118 ceterum
538 5071 570 5120 εί.
582 5070 681 5120 ΜεΙεΙεε
690 5083 713 5132 ρ.
727 5077 769 5131 τες
779 5072 880 5121 cedren-
896 5084 919 5133 p.
930 5076 974 5132 εις
991 5073 1047 5122 Chr.
1061 5071 1142 5120 Ιέοείι.
1154 5083 1176 5134 ρ.
1188 5075 1226 5120 97.
1238 5101 1268 5114 -
1278 5073 1411 5121 ίντεῡθευ
1433 5071 1584 5132 εἰσήχθη...
1594 5067 1750 5117 εἰθωλολα·

153 5137 236 5201 τρία]
248 5137 350 5188 ειίείίιίίε
360 5138 479 5188 διελύετ-
488 5145 543 5189 τῶν
560 5139 733 5203 ἀνθρώπων]
745 5147 791 5190 τῶν
802 5141 871 5190 ἐθνῶν
880 5142 973 5193 suidas.

261 5233 401 5270 εειεουτιιτε
416 5233 512 5272 ειετοιι.
527 5237 568 5272 οε.
583 5248 609 5260 -
623 5235 678 5273 τοι.
694 5237 728 5272 ιι.
1621 5227 1648 5266 ³⁵
