3842 5726
795 363 1042 430 ansericum.
1676 388 1712 439 ⁷⁷

122 487 164 545 rai
176 487 323 560 ἐπιτήδειος
335 486 377 559 εῐη
388 487 427 566 τῷ
441 485 551 568 ’Armis
564 485 609 544 καὶ
623 484 670 558 rip
685 487 763 546 αὐτοῦ
775 487 831 562 ἅμα
843 496 897 556 τοῖς
943 488 1193 571 συμπορευομένους.
1211 493 1304 563 Ἔδοξε
1327 495 1358 568 δὴ
1380 499 1416 575 τῷ
1437 497 1551 579 εὐνούχῳ
1573 489 1600 558 τό
1619 499 1712 578 λέγειν,

121 576 154 639 εἰς
169 580 249 634 τοῦτο
263 573 478 655 α’ποιεενιριμένοις
491 573 598 650 λογάσιν
616 573 800 649 έμπιστεύεται
815 578 898 654 φυλα-
943 577 987 636 aui
998 583 1045 650 τῆς
1054 579 1160 656 γνώμης
1170 581 1213 638 τὸν
1225 579 1354 662 βάρβαρον
1365 582 1554 660 ἀποδεξάμενος
1565 586 1713 660 ιἰποπέμπει

119 661 165 730 ¹³5*
179 663 227 742 (3³2
238 663 365 740 διαδοχῆς
375 661 426 739 γὰρ
438 660 506 720 κατὰ
518 659 596 740 ρητθιτ
610 659 709 740 ἡμέρας
725 659 834 720 ἕκαστον
850 665 896 720 αὖ·
943 663 1009 736 μετά
1025 664 1055 722 τὸ
1071 667 1182 739 δεῖπνον,
1205 669 1250 726 καλ
1270 669 1313 727 tri
1333 669 1442 748 βασιλέα
1461 670 1531 750 φέρει
1548 671 1594 741 τὴν
1611 673 1714 750 βουλήν.

119 749 167 806 oio
180 749 258 826 ἔλεγε
271 753 331 824 μεθ’
347 748 436 806 ὅπλων
454 748 591 828 φυλάττειν
606 746 649 804 τθν
666 747 819 826 Ἀττήλαν),
835 747 896 829 ἔφα·
943 749 993 817 Ὃς
1013 752 1175 833 Μαρτιάλιον
1189 753 1236 824 τὴν
1257 760 1301 812 τοῦ
1324 755 1467 836 μαγέστρου
1488 755 1610 815 διέποντα
1631 756 1715 836 ἀρχὴν

121 857 181 892 σεεν
194 839 211 892 ὁ
226 834 561 914 εὖνοῦχος,εἴπερπέστεις
579 833 689 906 δέξαιτο,
703 834 898 916 μέγιστααῦτῷ
943 839 1248 920 προσμεταπεμψάμενος
1270 840 1342 919 slepe
1361 841 1407 908 τὰς
1430 843 1493 923 πρὸς
1512 843 1557 902 ebo
1583 843 1715 922 βάρὸαρον

119 923 181 998 έρεῖν
196 923 304 998 ἀγαθά·
314 923 413 980 δεῖσθαι
427 921 454 978 δέ
464 923 574 998 σχολῆς·
586 919 684 992 ταύτην
694 921 722 978 δὲ
732 923 803 1000 αὐτῷ
814 921 896 1002 ύπάρ-
943 923 1082 994 συνθήκας.
1102 926 1213 1006 Ἀνάγκη
1234 927 1261 985 δὲ
1281 928 1383 1008 ἐθάρρει
1399 929 1429 988 τὸ
1448 935 1494 1002 τῆς
1509 933 1603 1010 ἀρχῆς·
1622 935 1715 989 πασῶν

119 1029 179 1084 χειν,
194 1007 251 1083 εἴγε
264 1011 331 1086 παρ’
342 1007 419 1066 αὐτὸν
431 1007 474 1064 let
488 1007 588 1064 δεῖπνον
598 1005 667 1066 ἔλθοι
680 1007 760 1086 χωρλς
771 1007 898 1087 Ὀρέστου
942 1011 993 1090 γάρ
1007 1015 1058 1070 τῶν
1078 1015 1204 1092 βασιλέως
1226 1016 1323 1093 βουλῶν
1337 1019 1351 1073 δ
1366 1015 1506 1096 μάγιστρος
1525 1015 1659 1088 κοινωνθς,
1674 1009 1716 1076 οἷα

119 1095 159 1151 αεὶ
169 1099 225 1153 τῶν
236 1095 329 1152 ἄλλων
340 1093 570 1172 συμπρεσβευτῶν.
582 1091 778 1173 Ὗποσχόμενος
787 1095 814 1152 δὲ
824 1099 898 1153 τοῦτο
943 1095 975 1168 δὴ
989 1100 1040 1156 τῶν
1049 1121 1078 1157 τε
1093 1100 1287 1180 ἀγγελιαφόρων
1299 1101 1344 1159 καλ
1353 1101 1483 1182 ἑρμηνέων
1496 1101 1540 1160 καλ
1552 1105 1716 1181 στρατιωτῶν

119 1191 208 1255 ποιεῖν,
223 1183 271 1241 ἐπὶ
285 1182 335 1254 τὴν
350 1183 465 1242 ἑστίασιν
480 1182 543 1262 πρὸς
555 1182 599 1242 τὸν
618 1184 740 1262 εὐνούχου
751 1183 898 1264 παραγενό-
943 1189 994 1241 τῶν
1006 1185 1073 1264 ἀμφὶ
1092 1185 1139 1257 τὴν
1157 1187 1290 1266 βασιλείαν
1306 1188 1425 1267 φυλακὴν
1440 1189 1483 1247 ὑπ’
1498 1187 1575 1247 αύτδν
1591 1187 1716 1264 ταττομέ-

120 1290 202 1343 μινος,
216 1269 265 1327 καλ
281 1269 335 1326 iel
355 1271 393 1348 τῷ
408 1267 501 1347 Βιγέλᾳ
522 1271 630 1346 ἑρμηνεῖ
646 1268 729 1336 δεξιάς
750 1269 900 1349 κοθόρνους
944 1295 1006 1332 νων.
1024 1272 1127 1332 Ἐδόκει
1137 1275 1165 1332 δέ
1177 1276 1263 1340 αὐτοῖς
1279 1275 1492 1353 βουλευσαμένοις
1508 1280 1560 1334 τῶν
1577 1274 1716 1354 προκειμέ·

121 1353 221 1428 ἔδοσαν,
235 1355 311 1432 ὁμέν
324 1358 456 1434 εὐνοῦχος,
469 1359 504 1421 ὡς
513 1357 560 1414 οὐκ
572 1355 615 1414 ἐπὶ
625 1359 699 1432 κακῷ
708 1360 746 1436 τῷ
757 1356 898 1434 Ἐδήιιωνι,
944 1382 993 1416 νων
1005 1357 1063 1436 πέρι
1078 1358 1115 1436 μὴ
1135 1358 1211 1436 μόνον
1227 1361 1345 1439 Βιγέλαν,
1358 1359 1425 1420 ἀλλά
1445 1359 1495 1442 γάρ
1509 1363 1554 1420 καλ
1568 1361 1714 1438 Μαξιμῖνον

121 1445 174 1500 tlt·
199 1441 247 1502 tet
271 1443 405 1519 μεγίστοις
426 1446 530 1520 εἰγαθοῖς
554 1441 612 1508 εοθς
636 1440 726 1520 λόγους
749 1442 899 1519 ποιήσοιτο,
944 1444 1086 1524 ἐκπέμπειν
1100 1446 1305 1527 πρεσύευόμενον
1319 1447 1392 1528 παρὰ
1405 1447 1599 1520 εδνἈττήλαν.

121 1529 184 1604 iti,
196 1533 236 1595 sinc
252 1532 303 1588 σιἰιι
314 1529 409 1597 ἐξείποι
425 1531 460 1587 τά
476 1531 547 1609 αύτῷ
564 1527 745 1608 ῥηθησόμενα,
760 1533 783 1588 εἰ
796 1530 841 1588 καλ
861 1530 899 1606 μὴ

121 1615 231 1694 τέρατος
245 1614 370 1694 κυρήσω.
383 1614 451 1674 Τότε
465 1615 523 1685 tle
544 1617 663 1693 εὐνοῦχος
678 1615 751 1692 έλεγε
769 1620 806 1694 τῷ
818 1615 898 1688 Ἐδή-
1123 1629 1151 1688 8,
1166 1629 1245 1705 (448,
1260 1630 1401 1687 Theodog¹
1416 1649 1462 1686 an,
1480 1630 1539 1706 ph)

123 1724 197 1774 εωνι,
212 1704 237 1760 ei
251 1701 348 1767 διαόάς
368 1704 393 1770 ἐς
413 1701 460 1772 τὴν
473 1700 604 1772 Σκυθικὴν
619 1701 705 1760 ἀνέλοι
717 1703 760 1762 τὸν
775 1702 900 1774 beriles

124 1791 163 1848 εελ
174 1788 251 1868 παρὰ
269 1787 505 1866 Ῥωμαέουςῆξεε,
527 1788 631 1847 έσεσθαι
649 1791 720 1868 αὐτῷ
738 1789 794 1868 βίον
813 1790 901 1849 ιύδαέ·
985 1795 1054 1850 Exc.
1066 1796 1109 1850 De
1123 1795 1272 1869 ieg.R0m.
1285 1801 1398 1864 47-71
1417 1788 1555 1852 :⁶0rcroi
1567 1790 1717 1870 Χρυσαφέου

126 1899 186 1952 μονα
205 1877 253 1934 sui
267 1877 383 1934 πλοῦτον
402 1875 534 1952 μέγιστον.
550 1878 605 1934 Τοῦ
620 1874 647 1934 δέ
662 1876 840 1956 ὑποσχομένου
854 1876 899 1936 καλ
944 1882 989 1936 τοῦ
1000 1877 1119 1956 εὐνούχου
1128 1877 1328 1958 παραινέσαντος
1338 1877 1461 1938 Ἐδέκωνε
1472 1879 1570 1936 ἀνελεῖν
1578 1876 1619 1936 τὸν
1627 1876 1716 1947 Ἀστέ-

125 1963 249 2043 φήσαντος
264 1961 311 2020 ἐπέ
324 1967 357 2040 τῇ
371 1962 464 2040 πράξει
475 1963 574 2022 δεῖσθαι
584 1961 738 2040 χρημάτων,
752 1967 781 2023 ού
795 1966 899 2023 πολλῶν
944 1965 1002 2037 λαν,
1024 1965 1107 2022 ἐδόκει
1129 1969 1166 2044 τῷ
1187 1967 1289 2044 βασιλεῖ
1309 1964 1442 2044 Θεοδοσέιρ
1461 1965 1505 2022 καὶ
1524 1966 1561 2043 τῷ
1583 1963 1719 2044 μαγέστρῳ

126 2051 162 2122 δέ,
173 2049 244 2108 ἀλλά
256 2049 421 2120 πεντήκοντα
432 2052 526 2129 λιτρῶν
536 2049 654 2128 χρυσέου,
668 2049 848 2127 δοθησομένων
862 2053 900 2131 τῷ
944 2051 1102 2130 Μαρτιαλέῳ
1123 2051 1314 2130 βουλευομένοις
1335 2054 1385 2110 τῶν
1408 2049 1584 2129 προκειμένων
1602 2050 1660 2129 πέρι
1681 2049 1719 2126 μή

126 2140 164 2194 θπ“
178 2136 260 2195 εύτθν
274 2135 386 2208 πλήθει,
395 2135 464 2194 ὥστε
474 2138 545 2216 αὐτῷ
556 2134 659 2202 τελείως
670 2141 827 2216 συνεργῆσαι
838 2136 900 2216 πρὸς
946 2137 1023 2214 μόνον
1037 2136 1166 2214 ,Βιγέλαν,
1182 2135 1250 2195 ἀλλά
1268 2137 1313 2196 καλ
1331 2135 1475 2211 Μαξιμῒνον
1499 2137 1641 2212 ἐκπέμπειν
1655 2158 1718 2214 πρε-

126 2224 167 2293 τλν
180 2225 312 2299 ἐπίθεσιν,
325 2223 371 2282 καὶ
383 2228 428 2282 τοῦ
440 2223 562 2302 εὐνούχου
575 2221 605 2280 τὸ
616 2224 723 2302 χρυσίω
735 2229 900 2306 παραχρῆμα
946 2223 1099 2299 σύευόμενον
1109 2224 1182 2304 παρθ
1192 2224 1235 2284 τδν
1245 2223 1429 2297 Ἀττήλαν,ιιαὶ
1438 2223 1548 2302 Βιγέλαν
1559 2221 1605 2300 μέν
1615 2225 1652 2302 τῷ
1662 2245 1720 2302 φαι·

127 2311 211 2368 θύσειν
223 2306 685 2388 θεοσχομένου,ἔλεγενόβέρύαρος
698 2311 901 2388 ἀποπέμπεσθαι
945 2311 1044 2389 νομένῳ
1066 2309 1114 2382 τὴν
1137 2316 1182 2370 τοῦ
1202 2309 1332 2391 έρμηνέως
1355 2309 1482 2390 ἐπέχοντα
1502 2308 1574 2378 τάξιν
1595 2309 1720 2389 πρέπειν

126 2397 168 2472 μέν
188 2395 270 2456 αὐτὸν
293 2398 494 2471 ἀπαγγελοῦντα
515 2399 554 2474 τῷ
568 2395 679 2472 Ἀττέλφ
690 2397 752 2475 περὶ
771 2402 816 2465 τῆς
835 2421 901 2477 πρε·
946 2397 1012 2476 άπερ
1027 2395 1155 2456 Ἐδένιωνι
1167 2399 1250 2471 δοκεῖ,
1264 2397 1308 2456 τὸν
1317 2397 1344 2456 δέ
1356 2397 1502 2475 Μαίιμῑνον
1515 2395 1596 2474 μηδὲν
1609 2399 1661 2454 τῶν
1673 2398 1719 2454 αύ-

126 2483 226 2556 σόεέας,
238 2482 448 2560 συμπέμπεσθαι
464 2485 487 2541 δ’
505 2484 576 2562 αὐτῷ
592 2482 699 2560 Βιγέλοιν
711 2484 758 2554 τὴν
770 2485 845 2564 παρά
855 2489 900 2542 τοῦ
945 2485 998 2550 τοῖς
1009 2483 1195 2564 βουλευθέντων
1209 2485 1378 2562 ἐπιστάμενον
1388 2483 1422 2544 τά
1432 2483 1558 2564 βασιλέως
1570 2483 1720 2542 ἀποδιδόναι

124 2571 233 2638 imae
256 2571 304 2628 ἐπὶ
325 2578 380 2637 τοῖς
398 2571 508 2650 φυγάσιν
531 2570 667 2650 διπόιιρισιν
688 2569 836 2648 δεξάμενον.
859 2573 899 2632 Δι’
946 2569 1719 2651 γράμματα.Ἐνεγέγραπτοδέτῶνπρεσόιυομένωνάνδρῶν

124 2661 198 2716 αὐτοῦ
217 2657 350 2737 γάρπερὶ
371 2663 416 2716 τοῦ
438 2661 514 2716 αὐτοῦ
532 2657 640 2738 χρυσέου
659 2659 792 2734 μηνύσειν,
807 2659 853 2718 καλ
873 2657 901 2718 δν
947 2655 1720 2738 ἕνεκα,ὡςθμένΒιγέλαςέρμηνεθς,θδέΜαξεμῑνοςμεέζονος

121 2745 213 2824 τρόπον
222 2750 304 2802 τοῦτο
310 2743 529 2824 έκπεμφθῆσεται.
538 2745 729 2816 Ἀπεληλυθόεα
740 2745 799 2824 γθιρ,
812 2744 901 2823 ὥσπερ
946 2743 1015 2824 ἤπερ
1027 2748 1041 2803 θ
1051 2744 1159 2821 Βιγέλας
1171 2745 1257 2821 dilue,
1267 2744 1354 2824 γένους
1362 2765 1391 2803 τε
1402 2749 1564 2824 περιφανοῦς,
1576 2741 1620 2801 καὶ
1630 2740 1719 2812 ἐπιτή-

120 2833 163 2890 sal
182 2833 244 2899 τοὺς
259 2833 370 2902 ἄλλους,
383 2832 636 2910 πολυπραγμονῆσαι
649 2829 693 2890 τθν
712 2830 848 2902 Ἄττήλαν,
863 2831 902 2898 τές
947 2832 1012 2899 δειος
1025 2834 1050 2898 ές
1062 2830 1095 2890 τά
1110 2831 1225 2907 μάλιστα
1240 2831 1352 2910 βασιλεῖ.
1366 2829 1480 2891 Ἔπειτα
1496 2832 1532 2897 ὡς
1541 2832 1569 2888 ού
1583 2830 1622 2887 δεῖ
1636 2850 1721 2906 παρα·

120 2942 146 2976 τε
167 2921 242 2998 αὐτῷ
262 2915 349 2996 δωρεά
372 2917 418 2975 καὶ
437 2917 521 2977 ὁπόσα
543 2917 616 2997 παρὰ
635 2916 777 2994 Ῥωμαέων
801 2917 902 2976 δέδοται
947 2915 1089 2977 σαλεύοντα
1104 2917 1152 2988 ,τθις
1172 2917 1328 2996 σπονδθςτῇ
1348 2915 1488 2992 Ῥωμαίων
1507 2913 1659 2993 ἰμύατεύειν
1673 2918 1719 2994 γῇ.

120 3005 261 3084 γρήματα·
283 3004 322 3081 μὴ
342 2995 424 3062 οἷόντε
443 3003 569 3062 δέεαῦτα
588 3001 765 3083 ἀποκρύπτειν
784 3003 827 3061 διά
843 3003 902 3072 τοὺς
948 3003 1108 3081 Φυγάδαςδὲ
1119 3000 1721 3081 μετδιτοθςῆδηέκδοθένταςὲπτανιαέδεκαάπέ-

123 3173 238 3232 potestate
245 3171 311 3233 apud
324 3171 426 3232 Scribas
436 3174 506 3220 esset.
517 3171 560 3220 ilie
568 3170 613 3220 sibi
623 3170 820 3220 noemsitudinem
830 3171 905 3219 inter-
949 3173 1046 3231 quauta
1055 3170 1162 3234 pecuniae
1175 3183 1189 3218 a
1200 3169 1311 3220 Romanis
1321 3168 1384 3218 dono
1395 3168 1458 3219 datae
1468 3166 1523 3218 stat.
1554 3171 1636 3230 Meque
1646 3166 1670 3215 id
1682 3179 1722 3216 ce·

124 3250 205 3299 eadere
215 3263 274 3298 cum
286 3250 377 3310 Attila,
391 3249 528 3311 respondit,
546 3253 571 3300 et
581 3249 702 3300 decretam
719 3249 765 3298 sibi
782 3261 837 3298 cum
849 3261 905 3298 non·
949 3246 999 3295 tara
1009 3258 1052 3308 per
1063 3246 1165 3308 collegas
1175 3249 1199 3294 et
1206 3246 1305 3294 comitm
1317 3244 1411 3294 licitum
1422 3245 1479 3294 iore.
1492 3244 1604 3296 visusest
1611 3241 1723 3292 errnucbo

126 3326 194 3376 anilis
204 3327 258 3376 aliis
270 3327 376 3389 scythim
388 3327 532 3390 primoribus
549 3328 600 3388 eius
616 3326 757 3376 custodiam.
791 3327 850 3374 itam
864 3337 905 3388 per
949 3321 1062 3372 barbarus
1073 3324 1139 3372 recta
1151 3321 1251 3382 sentire,
1272 3323 1297 3372 et
1316 3321 1368 3383 elus
1383 3323 1419 3370 cst
1434 3319 1558 3381 ampiexus
1572 3318 1722 3368 sentenfiam.

129 3402 488 3464 τίοεσοοοαιςιιειιιουεοοευιιι
506 3403 650 3466 prescriptis
662 3402 747 3452 diebus
757 3414 814 3452 cum
831 3399 904 3450 εειιιὶε
948 3400 1033 3460 itaque
1043 3411 1071 3446 ιο
1081 3389 1496 3458 sconsdimia'so,adimperatorem
1503 3393 1628 3444 consilium
1636 3393 1723 3444 initum

132 3477 189 3526 circa
197 3480 296 3530 attilam
305 3479 420 3528 excubias
430 3491 508 3542 ngare.
540 3481 604 3529 Tum
623 3479 764 3540 eunuchus,
774 3477 795 3528 si
814 3477 862 3528 fide
870 3477 905 3528 in·
948 3473 1096 3536 detulit,qui
1105 3473 1257 3532 Martialium,
1268 3473 1373 3535 magistri
1379 3471 1514 3522 officicium
1521 3483 1619 3520 munere
1628 3470 1723 3530 iungen-

135 3555 238 3615 sermm
249 3569 275 3604 se
294 3555 467 3618 obstringeret,
484 3555 561 3618 inquit
578 3569 604 3606 sc
615 3555 777 3605 maximorum
786 3554 905 3604 bonorum
948 3552 998 3601 tem
1006 3585 1013 3612 ‚
1022 3549 1053 3600 ad
1063 3563 1088 3602 se
1096 3549 1176 3600 venire
1183 3550 1275 3612 jussum
1283 3548 1365 3598 docuit
1371 3548 1552 3598 conventionem
1559 3559 1614 3595 cum
1622 3545 1724 3596 bubum

136 3629 167 3677 iii
184 3635 304 3680 sudorem
325 3633 442 3680 tutorum.
457 3633 503 3682 cui
518 3632 692 3682 reitractandm
708 3632 759 3681 otio
777 3644 904 3694 opusessc
949 3628 1037 3677 iactam
1054 3645 1061 3676 ε
1080 3627 1105 3676 id
1116 3627 1179 3676 enim
1199 3625 1234 3676 iiii
1247 3625 1311 3675 credi
1323 3627 1348 3674 et
1358 3623 1477 3674 committi
1492 3623 1547 3685 jura
1558 3623 1723 3684 magistratus,

136 3706 181 3752 iloe
192 3719 245 3755 rem
251 3707 296 3755 sibi
307 3708 370 3768 iore,
383 3707 443 3756 sind
454 3711 547 3757 omnam
557 3707 644 3758 rediret
652 3709 703 3757 sine
712 3709 797 3758 oreste
809 3709 833 3756 et
848 3707 905 3757 reii-
949 3717 1021 3766 quem
1030 3705 1135 3766 gerebat,
1146 3715 1241 3753 necesse
1252 3705 1311 3752 erat.
1324 3705 1383 3753 tiam
1394 3702 1502 3752 omnium
1509 3697 1656 3761 imperatoris
1665 3711 1723 3748 con·

137 3784 186 3842 qu'a
193 3783 314 3846 legationis
322 3785 457 3834 comitibus.
488 3787 617 3838 Facturum
627 3799 652 3834 se
663 3785 782 3848 pollicitus
792 3785 906 3834 barbarus
948 3781 1054 3831 altiorum
1063 3781 1174 3842 magister
1184 3783 1221 3830 est
1232 3780 1363 3842 particeps;
1376 3779 1421 3828 sub
1432 3779 1502 3841 cujus
1514 3789 1573 3826 cura
1583 3777 1640 3825 sunt
1648 3775 1724 3824 tabet·

137 3871 205 3908 τω
220 3862 326 3923 tempore
338 3861 368 3909 ad
380 3861 517 3910 eunuchum
529 3862 617 3924 perglt;
630 3863 654 3911 et
666 3875 709 3924 per
721 3861 821 3923 Bigiiam
832 3862 905 3911 inter·
948 3858 1010 3920 larii,
1023 3858 1163 3921 interpretes
1178 3859 1203 3908 et
1220 3859 1320 3918 milites,
1338 3857 1380 3920 qui
1397 3857 1478 3920 palatii
1491 3853 1605 3906 custode
1616 3854 1723 3916 deputati

136 3939 220 3996 metm
230 3937 292 3987 dalis
302 3937 392 3988 dextris
403 3938 569 4000 iusiurandum
580 3939 701 4002 utrimque
712 3939 848 4002 prestitum
859 3942 904 3998 est,
949 3937 1013 3984 aunt.
1046 3937 1191 3997 imperatore
1203 3937 1283 3984 autem
1295 3937 1319 3984 et
1329 3935 1444 3984 Martialis
1454 3932 1484 3982 de
1492 3935 1542 3982 iola
1551 3943 1577 3982 re
1586 3930 1723 3980 consultan-

137 4013 291 4078 abeaanciio,
301 4029 327 4066 se
337 4015 368 4066 de
377 4017 463 4079 rebus,
472 4031 527 4081 quae
537 4017 639 4068 Mdeconi
649 4018 746 4068 minime
755 4018 856 4080 damno,
864 4017 906 4068 sod
949 4011 1013 4061 tibus
1028 4011 1135 4073 placuit,
1148 4025 1197 4060 non
1206 4011 1285 4060 scium
1305 4011 1418 4074 iligiiam,
1427 4010 1469 4062 sed
1480 4008 1552 4060 ctiam
1567 4006 1724 4059 Maximinum

138 4089 220 4140 taoni
230 4095 255 4141 et
264 4093 392 4142 commodo
403 4097 495 4156 meent,
512 4095 584 4144 rerba
599 4095 731 4156 iacturum,
743 4095 774 4144 ab
786 4095 905 4155 Edecone,
949 4091 1054 4154 legatum
1063 4093 1159 4141 mittere
1165 4089 1196 4139 ad
1208 4090 1314 4140 Attilam.

134 4168 446 4230 mmesbicredereotar,
453 4183 502 4220 nnn
508 4171 697 4233 enuntiatarum,
707 4171 798 4221 eMamsi
806 4169 905 4232 exsequi
1322 4203 1338 4252 8

134 4243 211 4295 nollet
243 4249 312 4297 Tunc
326 4247 451 4298 eunuchus
462 4249 565 4298 iideconi
578 4247 652 4310 dixit,
664 4249 684 4298 si
699 4247 725 4297 in
736 4247 858 4310 scythiam
869 4260 906 4297 re-
1342 4239 1349 4252 '

131 4321 197 4372 dimo
211 4325 308 4374 attilam
319 4324 454 4384 sustulerit,
466 4325 492 4374 ct
502 4327 663 4374 ilomanomm
676 4325 784 4387 partibus
800 4337 905 4374 sceme-
980 4317 1140 4381 Chrysapblus
1149 4317 1274 4368 eunuchus
1284 4317 1358 4366 suasit
1368 4313 1472 4366 meconi
1484 4313 1581 4364 sttssam
1598 4311 1629 4361 ilo
1646 4311 1725 4361 medio

132 4399 176 4458 rit,
185 4399 258 4450 ritem
269 4401 296 4450 in
308 4401 400 4462 magnis
408 4399 493 4463 opibus
501 4400 570 4450 bento
579 4401 756 4450 inducturum.
789 4401 906 4451 Eunucho
948 4393 1043 4444 toliere.
1054 4397 1131 4456 super
1141 4407 1170 4444 ea
1186 4395 1314 4455 retrahite
1329 4393 1360 4442 ab
1373 4393 1514 4455 imperatore
1524 4387 1657 4440 Theodosio
1669 4401 1725 4437 cum

130 4477 224 4528 [decan
236 4491 347 4528 εεεοειεσε
355 4477 386 4527 ad
400 4478 463 4528 banc
472 4491 523 4527 rein
540 4478 697 4542 peragendam
709 4478 771 4528 dixit
786 4491 847 4541 opus
855 4491 907 4530 esse
950 4473 1068 4522 Martiaiin
1077 4473 1190 4534 magistro
1197 4473 1308 4534 consilio,
1316 4467 1609 4522 decreveruntncnsoium
1618 4466 1724 4528 Btgiiam,

129 4555 243 4614 pemniia,
251 4567 302 4604 non
317 4553 415 4616 quidem
425 4553 516 4614 multis,
529 4553 570 4604 sed
580 4555 752 4618 quinquaginta
760 4555 812 4604 anri
824 4555 905 4614 libris,
949 4549 990 4598 aed
1000 4549 1157 4599 Maximinum
1169 4562 1265 4612 quoque
1277 4550 1381 4611 legatum
1391 4546 1421 4596 ad
1430 4546 1526 4596 Attilam
1535 4545 1578 4606 ire,
1590 4547 1615 4594 et
1626 4543 1725 4605 illgiiam

129 4643 190 4690 σοι
200 4631 324 4692 σιίέέιιΊνιιε,
335 4630 423 4693 quibus
445 4633 565 4692 praemset,
583 4632 611 4680 ut
628 4631 673 4681 sibi
691 4631 722 4681 ad
739 4644 789 4681 rem
808 4631 906 4694 impigre
949 4625 1047 4689 quidem
1063 4626 1141 4688 specie
1158 4625 1308 4688 interpretis,
1327 4637 1377 4686 quo
1390 4635 1489 4673 munem
1500 4621 1652 4682 fungebatur,
1670 4631 1726 4680 quse

130 4705 305 4770 ειιεσσωσειιι
321 4705 458 4767 adiumento
473 4710 565 4769 ment,
576 4705 700 4758 divideret.
734 4710 816 4765 Quum
830 4721 905 4757 cunu-
951 4704 1055 4752 iideconi
1068 4700 1215 4763 riderentur,
1226 4703 1413 4759 exsecuturum,
1429 4697 1586 4750 Maximinum
1600 4707 1672 4755 vero,
1683 4694 1725 4756 qui

134 4785 206 4843 ebus,
219 4785 287 4833 nnita
300 4797 368 4833 mora
379 4785 530 4846 inter-posita,
547 4784 604 4834 dare
622 4773 703 4844 veliet,
719 4783 779 4834 dixit
792 4785 907 4836 barbarus
950 4781 1049 4830 minime
1066 4793 1149 4830 corum
1163 4793 1217 4842 quas
1233 4780 1257 4828 in
1269 4779 1368 4828 consilio
1380 4775 1530 4840 imperatoris
1548 4775 1636 4836 agitsta
1656 4773 1727 4822 erant

131 4869 157 4906 ιε
168 4858 231 4920 prim
246 4859 277 4907 ad
290 4859 473 4909 renuntiandam
488 4859 629 4922 legationem
643 4859 731 4910 dimitti
745 4863 870 4923 oportere,
882 4864 908 4911 et
950 4857 1058 4908 conscius
1067 4861 1137 4920 osset,
1149 4858 1239 4908 litteras
1249 4858 1280 4907 ab
1289 4871 1318 4907 eo
1328 4857 1407 4908 Attilae
1424 4854 1582 4905 redditurum.
1595 4850 1726 4911 scripserat

133 4947 178 4984 ua
185 4949 265 4985 ιεεοειι
275 4937 388 4998 iligilam,
398 4939 440 4999 qui
450 4937 530 4988 stitia
540 4937 570 4987 de
582 4937 708 5000 transiugis
717 4951 856 5000 responsum
865 4951 906 4987 ac·
949 4939 1032 4985 antem
1041 4933 1170 4997 imperator
1178 4933 1209 4986 de
1220 4934 1301 4997 legatis
1310 4934 1373 4994 suis,
1385 4931 1484 4995 Bigiiam
1495 4927 1628 4991 interpretis
1637 4937 1726 4976 munus

133 5011 282 5075 :imsuper
293 5026 348 5062 enm
359 5015 423 5064 enim
437 5027 464 5064 ae
478 5015 521 5075 iiii,
533 5027 581 5076 qua
595 5015 687 5064 ratione
695 5029 782 5065 aurum
796 5015 841 5066 sibi
854 5013 906 5064 nait·
951 5013 1087 5073 obiturum,
1099 5015 1124 5063 et
1132 5013 1290 5063 Maximinum
1302 5014 1405 5076 legatum
1418 5009 1495 5071 milii,
1506 5004 1654 5070 quiquidem
1665 5001 1725 5064 uigi-

134 5091 204 5148 teret,
214 5089 382 5140 indicatnmm.
399 5091 493 5142 Etenim
501 5091 599 5142 Attilam
608 5104 642 5154 se,
650 5091 793 5155 simulatque
802 5091 906 5152 redierit,
950 5091 998 5140 iam
1007 5089 1119 5151 dignitate
1130 5094 1266 5152 superaret,
1282 5091 1307 5138 et
1315 5101 1400 5151 gauere
1407 5084 1506 5135 illustris
1518 5083 1543 5133 et
1553 5081 1597 5131 sibi
1607 5079 1677 5130 raldo
1690 5079 1725 5128 is·

136 5169 394 5230 mambirniam
412 5169 516 5232 reliquos
527 5181 625 5231 omnes,
640 5181 695 5232 quse
714 5181 813 5220 monera
828 5169 908 5218 sibiet
951 5165 1049 5216 mitaris
1066 5170 1134 5216 asset.
1150 5169 1268 5217 Praeterea
1281 5165 1407 5227 scripserat
1418 5159 1515 5211 minime
1527 5160 1611 5209 doecre
1629 5155 1725 5208 Attilam
