3792 5728
226 331 278 380 tta
757 319 903 380 adamat
926 315 1276 378 eatasnataflaiists

223 450 246 506 εί
260 447 297 524 μὴ
311 449 355 507 καί
367 453 381 508 δ
394 449 513 527 βασιλεὺς
523 447 567 507 καί
577 453 594 519 ή
604 447 746 525 σύγκλητος
755 451 826 528 αὐτῷ
835 449 992 525 ίπομόσαιτο
1036 443 1143 522 ποίμνιοί
1156 468 1184 504 τι
1201 445 1246 503 καί
1262 443 1358 509 ἵππους
1380 441 1425 500 καί
1450 443 1520 500 λείαν
1540 443 1617 522 ἄλλην
1637 447 1776 526 ἀφήρπαζον,

222 543 305 606 πᾶσα,
315 539 349 602 ὡς
358 535 478 594 οὐδέποτε
489 535 532 592 tari
541 534 592 612 (ἔτι
601 557 626 597 c.
638 538 740 612 aeut.)
752 539 789 615 τῷ
796 535 919 614 Τριαρίου
931 559 993 610 eop-
1038 531 1073 591 ‘0
1087 533 1113 590 δί
1125 537 1169 591 τοῦ
1182 530 1306 611 Τριαρίου
1318 533 1431 607 συνεχῶς
1443 531 1620 608 προσιππεύυνν
1632 533 1671 590 tei
1681 533 1707 591 τό
1717 558 1780 613 στρα-

223 621 358 692 ὃήσονται.
384 625 418 682 Oi
443 622 489 698 μὲν
512 615 556 679 οὖν
578 621 629 679 σἰπό
652 624 745 699 βουλῆς
767 623 812 680 καί
829 625 852 682 οί
873 622 992 700 ἄρχοντες
1036 617 1142 676 τόπιδον
1165 617 1195 676 cd
1217 617 1328 688 ἐκείνου,
1351 615 1436 693 tapete
1462 616 1506 674 καί
1538 617 1643 686 ὠνείδιζε
1668 622 1778 693 πλεῖστα,

222 709 329 782 ὤμοσαν
353 709 389 784 μὴ
412 708 572 786 ουμόαίνειν,
588 711 610 766 εί
630 709 667 784 μή
684 707 804 780 βασιλεύς
818 709 900 768 θέλοι·
918 709 993 776 αὐτὸς
1037 704 1156 784 ἐπίορκόν
1166 728 1194 763 τε
1208 705 1295 762 καλῶν
1311 701 1356 762 καί
1371 705 1452 760 παῖδα
1466 701 1510 760 καί
1522 703 1614 783 ἄφρονα
1634 705 1674 762 καί
1691 712 1730 764 τοῦ
1747 707 1782 783 γέ-

222 795 250 852 δὲ
265 798 278 852 ό
292 795 411 872 βασιλεὺς
425 795 505 872 μηδὲν
518 795 710 865 ἀποστήσεσθαι
723 800 774 854 τῶν
789 796 838 866 ἤδη
854 797 990 872 συγχειμί·
1036 814 1093 858 νους
1106 798 1150 850 τοῦ
1162 797 1248 849 κοινοῦ
1262 789 1352 868 ἐχθρόν
1370 812 1397 847 τε
1410 787 1454 848 καί
1467 792 1602 868 προδότην,
1617 791 1681 857 ὅστις
1693 794 1719 850 οὐ
1733 817 1783 850 συν-

222 904 283 958 νων,
297 884 319 938 εί
333 881 370 957 μή
385 886 485 960 πρῶτον
499 883 593 941 ἐκεῖνον
605 882 799 960 παραόαίνοντα
811 883 870 943 ίδοι.
886 885 992 945 Τούτων
1038 877 1091 948 ‘tim
1103 882 1148 949 aa<
1166 875 1271 954 γνώμης
1288 881 1334 946 aa<
1345 873 1497 950 Ῥωμαίων
1511 875 1574 952 μηδὲ
1585 881 1630 955 ὃθᾷ
1643 876 1686 947 Τί*
1698 879 1784 957 exs'tpu,

224 967 251 1026 δὲ
265 969 417 1044 όμοθίντων,
433 969 508 1028 αὐτὸν
530 968 576 1046 μίν
591 969 746 1048 Θευδίριχον
768 971 836 1039 ἔδοξε
851 971 993 1042 κινήσοντα
1037 962 1076 1022 ὅτι
1099 963 1172 1022 αὐτοὶ
1200 963 1335 1042 βούλονταί
1360 961 1501 1038 metim*
1524 967 1607 1041 ἡσυχῇ
1630 965 1714 1032 «ὗῑθθτ
1735 967 1784 1044 περί

222 1059 270 1124 τήν
291 1058 370 1114 αὐτοῦ
393 1056 510 1132 δύναμιν,
525 1059 550 1112 ἐν
573 1059 724 1135 λίαρκιανοῦ
746 1057 820 1114 πολιι
839 1055 886 1126 τὴν
906 1065 993 1115 πᾶσαν
1037 1049 1142 1112 ἑαυτούς
1156 1049 1315 1128 κατατρίψαι
1329 1046 1387 1113 τοὺς
1402 1049 1520 1114 Γότθθυς·
1537 1075 1547 1098 ‘¹
1562 1051 1678 1109 taxetur
1690 1051 1732 1126 μὲν
1746 1051 1785 1120 τήν

221 1142 371 1220 ἱδρυμένην,
387 1147 422 1209 εἰς
444 1143 473 1202 τὸ
496 1141 558 1201 εἴσω
572 1143 695 1200 ἐλαύνειν·
718 1143 820 1201 ἐπειδὰν
841 1143 867 1202 δὲ
888 1142 993 1220 γένηται
1037 1136 1110 1208 νίκην
1131 1133 1228 1195 ἀκονιτί
1251 1135 1362 1212 ἔχουσιν,
1381 1133 1499 1212 ὁπότεροι
1519 1135 1647 1210 πέσοιμεν.
1666 1136 1748 1212 ‘litabit
1764 1139 1785 1194 δὲ

222 1230 286 1307 πρὸς
305 1231 361 1298 ταῖς
376 1229 468 1296 πύλαις
487 1235 532 1288 τοῦ
553 1227 656 1306 Αἵμου,
676 1230 734 1288 τότε
757 1230 800 1287 τὸν
821 1235 867 1300 τῆς
887 1231 994 1311 Θρᾴκης
1037 1221 1155 1302 ὁπότεροι
1170 1219 1228 1287 τούς
1243 1222 1342 1300 ἑτέρους
1362 1221 1507 1300 φθείρουσι,
1523 1219 1569 1292 τήν
1583 1227 1625 1279 τοῦ
1644 1223 1715 1300 λόγου
1737 1229 1785 1283 Ka-

223 1316 366 1394 στρατηγθν
392 1316 527 1396 δισχιλίοις
552 1321 659 1376 ἱππεῦσι
684 1317 728 1374 καί
753 1315 870 1382 ὁπλίταις
895 1317 994 1394 μορίοις
1038 1309 1128 1385 δμείαν
1145 1308 1316 1387 ἀποφέρονται
1335 1308 1417 1378 νίκην,
1440 1307 1559 1374 ἐλάττους
1581 1309 1719 1382 λειπόμενοι
1734 1311 1787 1388 πρὸς

223 1406 379 1461 ἀπαντῶντα
405 1402 546 1478 συμμίξαι·
573 1403 714 1482 ὓπερὸάντι
732 1403 773 1462 ’δή
801 1394 886 1478 Αἶμον
911 1404 993 1475 ἄλλην
1037 1396 1083 1466 τήν
1098 1396 1239 1470 Ῥωμαίων
1253 1394 1400 1466 ἔπιόουλήν.
1413 1397 1468 1455 Νῦν
1482 1399 1541 1471 γοῦν
1554 1395 1582 1454 σί
1595 1395 1738 1462 καλέσαντες
1750 1401 1788 1454 καί

225 1489 419 1560 ἀπαντήσεσθαι
433 1490 542 1564 δύναμιν
563 1489 625 1568 πρὸς
642 1493 679 1571 τῷ
693 1489 786 1569 Ἐόρῳ
804 1491 848 1548 καί
862 1491 993 1569 Ἀδριανοῦ
1038 1482 1253 1560 ἐπαγγειλάμενοι
1275 1481 1432 1560 παρέσεσθαι
1452 1481 1497 1538 καί
1519 1481 1592 1540 αὐτοί
1612 1484 1655 1540 καί
1668 1488 1734 1562 κοινῇ
1752 1507 1789 1540 συ-

223 1569 311 1642 πόλει,
325 1567 415 1635 πεζοίνς
430 1567 475 1644 μὲν
490 1569 653 1646 δισμυρίους,
674 1568 861 1648 ἑξακισχιλίους
882 1568 908 1626 δὲ
928 1569 993 1644 μετὰ
1037 1568 1196 1646 στρατεύειν,
1208 1566 1266 1626 ούττ
1278 1569 1387 1626 ἐνταῦθα
1400 1567 1529 1646 πάρεισιν,
1538 1566 1594 1626 οὔτε
1609 1570 1649 1628 ἐπὶ
1660 1568 1703 1634 τδις
1715 1570 1791 1634 πόλεις

222 1655 318 1712 τούτων
330 1654 433 1720 ἱππίας.
447 1654 510 1714 Ἀπὸ
524 1655 550 1712 δὲ
564 1654 720 1733 Ἱίρακλείας
736 1655 845 1714 καὶτῶν
861 1654 924 1734 πρός
942 1659 993 1715 Βυ·
1038 1655 1199 1727 ἀπήντησαν,
1219 1658 1254 1720 ὡς
1276 1645 1358 1725 εἶπον,
1374 1655 1451 1730 μόνον
1470 1653 1497 1712 δί
1519 1653 1642 1713 ἀπελιπσν
1666 1655 1792 1713 ἀπολίσθοι

223 1741 316 1820 ζαντίῳ
330 1741 430 1799 πόλεων
444 1742 488 1800 καί
503 1741 629 1821 φρουρίων
645 1743 725 1812 ἄλλην
738 1743 826 1816 ἔλεγον
838 1733 902 1800 εἶναι
918 1742 993 1800 δύνα-
1038 1743 1151 1801 κάκιστα
1173 1741 1218 1800 καί
1241 1746 1286 1812 τῆς
1307 1765 1336 1818 γε
1358 1740 1514 1820 θρασύτητος
1535 1743 1622 1801 δοῦναι
1643 1743 1712 1814 δίκην
1731 1742 1792 1808 ἀξίαν

223 1851 276 1902 μιν,
290 1830 313 1884 εἰ
333 1827 434 1899 δεήσοι,
448 1827 515 1886 όνατε
536 1828 616 1904 μηδὲν
639 1829 765 1886 ἐλλείπειν
783 1833 834 1888 τῶν
856 1831 881 1896 ἐς
901 1829 994 1887 tiriae
1038 1821 1222 1908 ᾧπροίδωκας
1236 1828 1313 1904 γένει.
1329 1856 1340 1879 ν
1355 1831 1448 1888 Ταῦτα
1463 1829 1651 1896 ἐπακούσαντες
1662 1830 1793 1887 πολλυίτοθ

222 1911 339 1992 χρηστήν
360 1915 599 1991 συντιλούντων·τῷ
618 1914 696 1994 ἔργῳ.
714 1917 805 1974 Ταῦτα
820 1915 995 1992 ὑποσχόμενος
1039 1918 1116 1973 αὐτοῦ
1137 1915 1250 1985 πλήθους
1268 1917 1375 1994 συνῇδον
1396 1919 1448 1982 τοῖς
1467 1915 1566 1991 λόγοις,
1582 1915 1675 1995 καὶτῷ
1694 1914 1795 1994 σφετέρῳ

222 2003 236 2058 θ
250 2000 339 2070 Ζήνων
352 2009 404 2066 τοῖς
415 2000 540 2080 πρίσόεσι
551 2000 618 2059 κατὰ
631 2003 710 2079 τάχος
721 1999 859 2077 ἐκπέμπει.
878 2001 955 2082 Ἄρας
968 2001 994 2059 δὲ
1039 2005 1123 2060 αὐτῶν
1137 2004 1275 2082 στρατηγῷ
1284 2001 1433 2082 προσιόντες
1444 2001 1542 2079 ἔλεγον,
1554 2007 1588 2068 ὡς
1597 2002 1681 2061 εἰκότα
1692 2003 1795 2069 ὀνειδίζοι

222 2087 407 2166 ὁΘευδέριχος
425 2090 462 2168 τῷ
477 2090 555 2146 αὐτοῦ
570 2090 747 2167 στρατεύματι
761 2089 802 2168 ᾔει
822 2089 866 2146 iet
879 2089 926 2155 τίις
944 2089 994 2146 πύ·
1039 2092 1147 2160 ἐκεῖνος,
1165 2088 1209 2147 καί
1232 2089 1271 2146 ὅτι
1291 2091 1320 2146 οὐ
1344 2088 1473 2168 προσήκει
1491 2089 1637 2168 φθείρεσθαι
1651 2088 1796 2167 περαιτέρω,

222 2177 286 2246 λας,
307 2173 425 2253 καθάπερ
450 2175 590 2234 συνέκειτο.
619 2174 774 2256 ’,Ερχομίνῳ
796 2172 823 2232 δὲ
848 2177 918 2251 αὐτῷ
938 2175 995 2234 οὔτε
1039 2175 1096 2234 οὐδὲ
1107 2180 1152 2244 τῆς
1161 2175 1308 2251 συγγενείας
1319 2179 1364 2245 τῆς
1372 2180 1458 2246 κοινῆς
1471 2177 1618 2250 ἀμελοῦντα
1629 2184 1679 2242 τοῖς
1688 2178 1798 2254 προδοῦσι

223 2345 315 2426 'depe
327 2351 503 2417 θποκαθῆσθσι
517 2347 666 2424 λεγόμενοι,
678 2347 745 2406 σίλλδι
757 2350 789 2406 δι’
799 2347 908 2428 ἐρημίας
922 2349 996 2428 (ἠρε-
1040 2349 1085 2406 ἐπί
1098 2371 1155 2406 τινα
1174 2349 1286 2427 γήλοφον
1308 2346 1373 2428 ίνπίρ
1391 2353 1435 2407 τοῦ
1457 2349 1634 2428 στρατοπέδου
1647 2355 1691 2406 τοῦ
1709 2349 1799 2406 ἐκείνοιν

225 2433 285 2509 μίας
306 2435 382 2506 conj.
403 2437 484 2510 vau.)
501 2432 604 2492 διελθὼν
620 2433 652 2492 τὰ
672 2435 785 2514 ἐνμέσῳ
805 2437 841 2501 εἰς
860 2435 918 2500 τοὺς
937 2435 996 2511 περί
1039 2435 1115 2492 ttae·
1127 2435 1184 2494 ιΤί
1196 2432 1253 2501 τοίις
1266 2434 1342 2510 ἐμούς
1359 2439 1503 2512 συγγενεῖς,
1518 2425 1541 2494 ὦ
1554 2436 1677 2508 κάκιστε,
1687 2436 1800 2501 dentice

225 2519 315 2579 Σονδίν
331 2521 441 2594 (Σοῦνιν
460 2523 541 2598 Val.)
559 2522 730 2600 παραγίνεται
750 2519 859 2601 χώρους.
875 2519 954 2602 Ὀρος
969 2521 996 2580 δι’
1040 2521 1066 2580 τί
1084 2521 1211 2586 τοσαύτας
1232 2530 1355 2598 γυναῖκας
1376 2521 1498 2590 ἐποίησας
1520 2522 1656 2602 χηρεύεινς
1676 2528 1723 2580 ποῦ
1744 2523 1768 2578 δὲ
1781 2524 1800 2576 σί

144 2659 147 2666 a
224 2609 280 2664 ἐστι
292 2612 368 2665 τοῦτο
390 2606 487 2686 ὑψηλόν
500 2629 528 2664 τε
549 2606 594 2666 καί
608 2606 675 2683 μέγα
696 2607 740 2665 καί
757 2607 853 2688 σίπορον
868 2611 993 2682 ἐπελθεῖν,
1041 2608 1137 2666 τούτοιν
1151 2607 1255 2688 ἄνδρες
1268 2607 1284 2677 ή
1297 2612 1352 2673 πῶς
1367 2607 1515 2674 ἐξαπόλωλε
1530 2610 1668 2680 πόντωνή
1689 2608 1801 2682 sinopis,

224 2693 249 2751 τί
262 2718 299 2761 τις
320 2693 373 2750 ἄνω
393 2693 499 2752 κωλύει·
515 2697 541 2753 ἐν
563 2685 585 2772 ᾧ
608 2695 816 2772 στρατοπεδεύων
836 2699 850 2754 ὁ
871 2695 995 2774 Τριαρίου
1041 2695 1074 2766 ήν
1097 2695 1199 2772 ἔχοντες
1221 2695 1317 2753 οίκσθεν
1333 2695 1556 2774 συνεστρότευσείν
1579 2719 1633 2768 σοις
1657 2697 1699 2755 καί
1722 2695 1803 2753 σύνδυο

224 2782 358 2859 ἐτύγχανε.
369 2783 513 2840 Κοίντεῦθεν
523 2779 761 2858 πρυσόσίλλοντεςίξ
771 2781 996 2861 ἐφόδωνόιλλήλσις
1012 2789 1016 2845 Ι
1040 2782 1085 2842 καὶ
1100 2781 1213 2861 σύντρεις
1230 2782 1336 2848 ἕκαστος
1351 2781 1445 2850 ἵππους
1460 2783 1542 2860 ἔχων,
1566 2789 1611 2841 νῦν
1634 2782 1737 2841 σίνιπποι
1756 2804 1802 2860 γω-

223 2962 349 3012 decoratus
361 2967 435 3023 esset,
454 2963 573 3024 expiandi.
605 2964 648 3014 ttts
668 2965 783 3025 cognitis,
794 2964 911 3014 Vatamtri
931 2965 993 3014 ditus
1039 2965 1124 3025 ibant,
1137 2964 1328 3026 congredientes,
1347 2968 1468 3026 armenta,
1486 2980 1563 3028 eqrros
1577 2971 1603 3018 et
1620 2968 1691 3016 stiam
1709 2965 1805 3028 praedam

223 3040 297 3088 mittit
313 3053 409 3102 quoque
422 3040 669 3102 Byzantiumtegatos,
680 3041 721 3102 qui
733 3040 852 3102 dicerent,
863 3041 934 3090 titum
946 3053 993 3089 non
1040 3045 1123 3092 mutuo
1140 3043 1186 3092 sibi
1194 3042 1334 3106 eripiebant.
1348 3043 1393 3093 sed
1408 3045 1490 3093 Triarii
1502 3045 1568 3094 sititis
1582 3046 1668 3095 erebro
1677 3043 1808 3105 obequitans

223 3119 289 3180 prius
301 3116 325 3166 td
342 3117 420 3178 operis
437 3129 614 3178 aggressurum,
628 3131 701 3179 quarn
713 3118 841 3178 imperator
857 3119 881 3166 et
898 3121 994 3166 senatrm
1040 3120 1102 3170 circa
1118 3121 1301 3172 eastraatterius
1311 3124 1443 3183 exercitus,
1454 3135 1509 3172 cum
1522 3125 1698 3174 contumeliose
1714 3124 1806 3171 insecta·

221 3194 359 3254 iuramento
376 3192 446 3241 ttdern
460 3191 594 3254 dedissent,
607 3207 731 3255 uunquam
749 3207 775 3244 se
786 3194 918 3256 ingratiam
933 3193 994 3242 redt-
1038 3199 1118 3260 batur,
1132 3202 1156 3249 et
1168 3200 1243 3248 muita
1256 3200 1363 3248 convicta
1381 3200 1405 3249 in
1415 3215 1471 3250 eum
1483 3201 1604 3262 jaciebat,
1619 3201 1742 3264 perjurum
1759 3211 1808 3248 curra

223 3273 355 3320 turoseum
365 3269 638 3330 Tbcudericiro,Trtarti
657 3269 715 3319 titio.
748 3273 832 3332 ltaque
841 3273 960 3320 senatores
971 3272 995 3319 et
1038 3276 1690 3338 vocans,puerum,dementemetsuigenerisbostem
1707 3275 1809 3338 ctprodi·

225 3348 299 3397 ducas
314 3345 600 3405 sacmmcutadixerunt,
613 3360 737 3408 nunquam
749 3359 774 3396 se
787 3347 922 3408 ingratiam
939 3361 994 3396 curn
1040 3351 1129 3411 torem,
1142 3351 1184 3412 qui
1200 3354 1362 3402 Rornanorum
1374 3355 1479 3402 mentem
1495 3367 1545 3402 nou
1561 3357 1660 3416 nosset,
1678 3366 1754 3414 nequo
1764 3363 1808 3412 quo

223 3426 265 3474 itio
273 3460 281 3485 ,
290 3425 334 3473 nisi
348 3425 475 3486 imperator
486 3425 598 3484 notuerit,
615 3425 740 3474 redituros.
775 3428 805 3474 ns
816 3425 952 3486 imperator,
970 3439 996 3474 se
1038 3427 1162 3476 tenderent
1173 3441 1256 3477 eorum
1264 3429 1370 3488 consilia,
1380 3429 1479 3478 rideret.
1490 3449 1502 3472 ι
1513 3431 1610 3479 Etenim
1621 3431 1719 3490 vetunt,
1728 3428 1808 3488 iuquit,

224 3514 347 3563 rruequam
366 3513 381 3549 a
403 3501 491 3549 taedere
510 3513 672 3561 recessurum,
684 3502 729 3550 nisi
744 3502 808 3563 prius
826 3515 854 3550 ea
867 3503 916 3563 ipsa
934 3505 996 3551 esset
1040 3504 1082 3565 ipsi
1094 3505 1162 3552 otiosi
1175 3504 1269 3554 citicere
1281 3508 1309 3553 ut
1327 3506 1399 3554 Gothi
1412 3519 1453 3567 per
1471 3506 1565 3554 Gothos
1576 3502 1809 3555 deteantureteeni·

224 3583 392 3638 transgressus.
408 3576 449 3624 iiis
457 3577 597 3636 juramentis
606 3577 731 3639 praestitis,
743 3577 935 3627 Ttrerrdertcbum
943 3591 994 3626 mo·
1039 3581 1142 3640 cientur,
1154 3594 1203 3642 quo
1216 3581 1266 3630 stne
1278 3581 1327 3630 utto
1339 3581 1435 3642 tabere,
1448 3581 1533 3630 utrivis
1544 3586 1658 3632 nostrum
1678 3581 1812 3636 ceciderint,

226 3667 281 3702 rere
295 3652 469 3701 cumomnibus
480 3653 562 3713 nontin,
571 3653 666 3722 quasad
679 3655 868 3726 Martianopoiim
879 3655 902 3702 tu
913 3655 996 3704 castris
1016 3669 1019 3688 ¹
1039 3655 1141 3705 victores
1150 3657 1272 3706 exsistant.
1283 3659 1433 3719 Quicumque
1444 3660 1554 3706 nostrum
1564 3660 1811 3718 adversariosopprss·

225 3729 337 3790 babebat,
350 3732 373 3777 et
386 3729 485 3776 ulterius
501 3728 608 3790 progredi
618 3729 705 3789 tussit:
726 3730 766 3778 ubi
781 3731 811 3778 ad
821 3734 902 3792 portos
919 3732 995 3780 Haemi
1040 3733 1128 3793 serint,
1144 3732 1287 3796 Cadmeam,
1304 3747 1377 3796 quam
1396 3734 1492 3795 dicunt,
1506 3735 1636 3784 victoriam
1651 3735 1813 3798 reportabunt,

225 3805 313 3854 montis
326 3804 485 3866 pervenisset,
496 3803 603 3853 Tbractac
613 3807 752 3866 ptrmteeturn
764 3820 819 3856 cunr
829 3807 922 3857 duobus
930 3809 996 3870 equi·
1040 3808 1083 3870 ipsi
1094 3809 1184 3858 scilicet
1195 3809 1284 3858 viribus
1296 3811 1384 3860 attritis
1403 3811 1570 3860 Romanorum
1582 3811 1677 3861 insidiis
1690 3812 1762 3872 magis
1774 3809 1814 3856 ob

223 3885 276 3932 turn
286 3881 390 3930 mitiibus
399 3885 422 3930 et
431 3881 514 3930 decem
523 3881 628 3932 mittibus
638 3885 715 3943 gravis
724 3887 852 3934 armaturae
861 3898 887 3934 se
898 3885 931 3933 itti
940 3898 995 3933 eou-
1041 3885 1113 3934 noxit.
1147 3889 1216 3935 Nunc
1226 3889 1351 3947 postquam
1362 3893 1386 3936 te
1393 3886 1558 3948 advocarunt,
1571 3889 1598 3944 et
1612 3901 1639 3938 se
1656 3888 1719 3949 ipsos
1727 3898 1815 3947 quoque

225 3961 366 4022 junctarum
375 3973 434 4018 csse
445 3963 554 4009 ttmmum
565 3961 707 4020 transgresso
716 3963 774 4011 altas
784 3962 901 4024 iiticopias
910 3963 940 4011 ab
949 3966 995 4012 tte·
1040 3970 1153 4012 venturos
1162 3967 1200 4026 et,
1219 3967 1247 4013 ut
1256 3978 1310 4013 cum
1321 3967 1363 4014 tuo
1379 3964 1485 4014 exercitu
1495 3965 1662 4028 conjunctos,
1681 3965 1771 4015 betium
1780 3975 1816 4024 ge·

228 4037 271 4086 bro
279 4037 378 4086 iiumine
389 4039 414 4086 et
425 4037 575 4098 adrianopoli
585 4037 681 4086 obviam
694 4037 775 4098 ituros,
786 4039 891 4100 peditum
903 4041 994 4100 viginti,
1040 4045 1117 4089 sturos
1127 4055 1177 4092 osse
1189 4042 1357 4104 promiserunt,
1369 4055 1445 4104 neqrre
1456 4043 1585 4104 quisquam
1597 4045 1738 4102 irtcadtutt,
1746 4052 1817 4100 nepus

225 4114 335 4175 equitum
353 4113 486 4162 sesmitita.
520 4116 631 4162 ceterum
645 4115 765 4164 Heracleae
780 4117 804 4164 et
818 4116 996 4166 inaiitsctrita·
1040 4116 1070 4166 ad
1083 4118 1168 4180 urbes,
1181 4117 1250 4168 sicuti
1264 4118 1387 4179 dixerant,
1405 4124 1578 4179 (recurrerunt,
1599 4123 1675 4182 teque
1690 4117 1818 4176 autemut

225 4191 289 4240 tibus
302 4192 327 4238 et
340 4189 398 4238 iocis
410 4190 507 4238 renuitis
523 4191 585 4238 eirca
600 4192 739 4252 Byzantium
757 4192 869 4242 dicebant
879 4207 929 4243 esse
939 4195 997 4243 atius
1040 4197 1102 4245 mate
1114 4197 1202 4258 perires
1210 4198 1235 4247 et
1243 4210 1325 4259 poenas
1338 4197 1478 4248 temeritatis
1486 4201 1535 4246 tuae
1551 4198 1606 4258 tris,
1616 4212 1681 4261 quos
1690 4195 1818 4261 prodidisti,

225 4267 411 4328 copias,siopus
422 4267 495 4326 ieret,
510 4267 543 4314 ita
555 4271 581 4314 ut
593 4267 658 4316 uuita
668 4281 706 4326 re,
717 4268 810 4330 quaead
820 4270 913 4318 teticem
922 4284 996 4320 eren·
1041 4272 1122 4331 dares,
1136 4274 1293 4334 retiquemnt.
1307 4293 1319 4316 ν
1335 4277 1392 4324 ttaec
1404 4274 1443 4322 nbi
1454 4274 1599 4337 audieruut,
1608 4277 1692 4337 plures
1703 4289 1734 4323 es
1746 4271 1819 4322 rnrrtti·

226 4342 434 4404 tumspemndum
453 4343 555 4402 taceret,
575 4342 750 4395 destitueretur.
783 4349 841 4395 Haec
859 4351 923 4396 zeno
942 4362 996 4410 pm·
1041 4351 1203 4412 tantaequae
1219 4365 1274 4400 curu
1287 4351 1525 4410 Tbeudertcboerat,
1540 4365 1571 4402 ea
1593 4367 1652 4414 quas
1667 4352 1821 4413 dictaerant,

227 4420 323 4468 mittens
341 4419 435 4480 tegatis,
449 4419 530 4468 statiua
542 4433 583 4468 eos
602 4418 700 4472 dimisit.
718 4425 801 4484 itaque
820 4424 998 4472 Tireuderieirus
1041 4427 1184 4489 probarunt,
1193 4431 1216 4476 et
1229 4429 1341 4477 adversus
1351 4441 1421 4477 suum
1431 4429 1517 4488 ducem
1527 4429 1686 4492 insurgentes
1695 4428 1820 4484 dixerunt,

227 4511 326 4546 movens
334 4510 389 4546 euru
401 4511 444 4546 suo
460 4499 565 4546 exercitu
572 4535 580 4560 ,
591 4503 617 4548 ut
629 4504 785 4562 convenerat,
793 4502 822 4550 ad
836 4504 914 4552 taraces
922 4505 997 4552 ttmnd
1042 4503 1126 4552 merito
1135 4505 1198 4552 irunc
1207 4505 1242 4554 itti
1250 4505 1355 4553 conrteia
1365 4505 1452 4566 disere,
1462 4519 1506 4554 nee
1515 4506 1733 4568 oporterediuitus
1743 4505 1822 4553 inmu-

227 4574 397 4624 montisreuit.
431 4576 576 4631 Quumitiuc
585 4576 728 4635 accessisset,
744 4591 822 4640 neque
833 4579 997 4628 duxTiuaeiae
1041 4583 1107 4628 tuam
1121 4583 1246 4643 perniciem
1255 4586 1360 4632 armatos
1371 4588 1515 4646 pergere,et
1526 4585 1597 4633 nulia
1611 4582 1822 4645 trabitaregnatio·

227 4651 312 4700 obuius
329 4649 387 4708 tuit,
399 4663 476 4711 neque
492 4650 514 4698 bt
534 4652 574 4712 qui
593 4651 623 4700 ab
641 4653 719 4701 Hebro
734 4655 828 4703 venturi
847 4655 996 4705 dicebantur.
1042 4657 1078 4704 uis
1089 4658 1193 4718 ratione,
1205 4672 1230 4708 se
1239 4659 1268 4707 ad
1278 4673 1360 4708 eornm
1371 4673 1479 4721 causam,
1489 4661 1531 4722 qui
1543 4660 1612 4722 ipsos
1622 4661 1767 4724 pmderent,
1781 4656 1822 4704 ad·

228 4732 319 4777 interea
329 4729 578 4790 percurrensdeseria,
591 4743 645 4791 qum
665 4729 688 4778 in
701 4731 778 4780 medio
798 4736 879 4794 erant,
897 4735 926 4782 ad
946 4735 997 4783 toea
1040 4735 1146 4795 jungere.
1159 4735 1274 4784 Postridie
1288 4736 1374 4784 iterum
1393 4737 1522 4785 ascendens
1538 4737 1732 4786 Tlreudericbns
1742 4736 1824 4784 collem

228 4804 317 4854 Sondin
331 4805 458 4866 (Sucina)
473 4806 587 4866 pervenit.
602 4809 642 4854 Eat
657 4811 736 4856 arrum
753 4809 837 4857 senilis
851 4823 919 4858 mons
936 4812 999 4861 atius
1043 4812 1145 4862 bostium
1162 4815 1245 4862 <astris
1262 4815 1440 4876 imminentem,
1454 4815 1574 4864 clamabat
1589 4835 1595 4864 ε
1609 4835 1622 4858 ιι
1637 4820 1699 4878 cnr,
1712 4815 1823 4877 pessime·

228 4886 252 4930 et
264 4884 411 4943 prmuptus,
424 4881 571 4944 quiescendi
585 4883 681 4932 uriuime
695 4888 788 4947 potest,
807 4887 826 4934 st
843 4887 897 4947 qrris
910 4889 941 4936 stt
957 4890 997 4950 qrrt
1042 4905 1107 4939 meos
1119 4894 1229 4952 cognatos
1240 4892 1359 4954 perditum
1369 4893 1476 4942 tstitcur
1490 4896 1527 4943 tot
1538 4895 1661 4945 mutieres
1673 4892 1825 4944 viduasaiie·

229 4975 259 5010 es
269 4960 317 5008 alto
328 4959 447 5020 impediat.
459 4962 486 5008 tn
498 4960 723 5024 eot'lreudcricbus,
739 4965 822 5013 Triarii
833 4965 910 5026 trtius,
921 4969 998 5016 castra
1042 4968 1110 5016 cisti?
1128 4969 1223 5016 ubinam
1243 4971 1350 5019 iocorum
1366 4975 1422 5018 sunt
1437 4984 1521 5019 corum
1537 4971 1602 5020 viri?
1625 4971 1755 5034 quomodo
1770 4981 1824 5016 eorr-

231 5037 355 5098 posucrat,
367 5035 447 5100 ibique
457 5037 550 5087 teribus
559 5039 647 5100 praeitis
657 5039 718 5090 inter
729 5053 763 5102 se,
773 5054 847 5104 quum
859 5043 997 5104 pabulatum
1042 5047 1143 5108 surnptau
1159 5047 1214 5096 sunt
1232 5046 1356 5098 facultates
1372 5060 1431 5110 quas
1445 5045 1597 5108 babuerunt,
1611 5061 1693 5110 quum
1715 5047 1788 5097 dorne
1797 5043 1826 5092 ad
