3916 5728
229 369 285 419 sot

229 491 389 565 Empedusi
415 489 495 560 cujus
518 491 641 546 nominis
661 491 866 566 Pythagoreum
880 492 1006 566 philoso-

229 579 318 653 phum
332 585 471 632 memorat
483 578 629 633 Iamblich.
642 580 698 636 Vit.
716 579 801 652 Pyth.
820 577 867 637 36.
880 582 924 635 Au
939 580 1004 634 Em·

228 667 326 806 pylps,
338 663 419 806 pujus
428 666 551 720 nominis
560 667 723 740 scriptorem
736 667 857 722 vidimus
872 678 940 724 tom.
952 667 1005 736 111,

229 772 259 828 p.
295 771 330 822 ογ

539 936 700 960 —1-00*

494 1044 747 1134 rnsntus.
852 996 855 1004 ’

487 1237 510 1290 Ε
531 1237 643 1292 LIBRO
663 1237 752 1292 xvii.

271 1383 433 1438 Macrobius
447 1382 505 1438 Sat.
529 1383 589 1450 ΙΙΙ,
608 1380 650 1440 6:
675 1379 811 1456 Epaphus
831 1395 938 1448 aanor,
966 1388 1013 1438 au'r

229 1473 363 1546 plurimae
376 1472 508 1537 lectionis,
523 1471 593 1524 libro
605 1471 831 1543 septimodecimo
840 1477 885 1525 uit
895 1470 1011 1543 Delphis

233 1561 352 1633 quoelam
368 1569 489 1632 tempore
503 1562 636 1624 evenisse,
651 1569 683 1612 ut
694 1559 833 1632 templum,
850 1560 1010 1630 religiosum

233 1661 318 1702 unteo
333 1651 516 1711 etintnctunt,
541 1647 690 1718 spoliatum
712 1650 903 1720 incensumque
919 1650 967 1712 sit;
984 1658 1014 1701 et

234 1736 351 1805 adjicit,
367 1732 469 1786 multas
482 1736 557 1785 cirea
577 1730 735 1786 Corinthum
756 1728 834 1786 urbes
856 1733 1012 1805 insulasque

231 1827 472 1896 pmainmsnerroe
485 1831 560 1875 nictu
576 1819 691 1873 haustas
698 1837 707 1886 ;
721 1820 812 1874 Delon
826 1837 915 1891 neque
927 1833 1012 1874 antea

235 1928 321 1982 neque
330 1919 428 1982 postea
441 1907 494 1962 hoc
505 1908 674 1962 incommodo
687 1919 829 1972 vexatam,
846 1907 897 1960 sed
905 1925 1015 1980 semper

234 1999 329 2052 eodem
340 2013 453 2049 ettonem
461 2013 541 2051 surii.
555 1993 658 2050 Eadem
669 2003 767 2048 narrat
776 1993 888 2048 Servius
898 1994 934 2048 ad
945 1996 1009 2048 lEn.

236 2085 292 2150 111,
316 2080 364 2146 31..
387 2080 519 2138 Ceterum
544 2079 703 2152 cujusmodi
727 2098 799 2154 opus
827 2079 882 2135 hoc
902 2082 1014 2155 Epaphi

235 2171 334 2239 suerit,
352 2169 458 2225 nescio.

692 361 844 433 ΕΡΑΡΙΙΙ,
865 359 1111 438 trescentis,
1132 361 1371 438 erimannus,

1053 487 1282 570 Ἐπαρχίδης,
1305 493 1319 549 δ
1333 488 1479 572 Πράμνιος.
1493 488 1573 551 Ἔστι
1587 489 1614 549 δί
1635 481 1708 558 οὗτος
1719 491 1790 571 γόνος
1803 515 1830 550 τι

1053 575 1136 636 οίνου·
1150 577 1195 636 καί
1207 577 1277 636 ἔστιν
1297 569 1370 644 οὗτος
1392 575 1450 636 οὔτε
1468 576 1564 654 γλυκὺς
1581 576 1641 638 οὔτε
1652 577 1754 660 παχὺς,
1771 583 1831 640 ἀλλ’

1053 665 1179 744 αὐστηρὸς
1201 663 1248 724 καί
1271 663 1398 746 σκληρός,
1416 663 1462 724 καί
1481 662 1590 741 δύναμιν
1612 663 1680 744 ίχων
1695 665 1830 747 διαφόρου·

1054 773 1136 814 σαν...
1158 751 1297 813 Ἐκαλεῖτο
1308 752 1335 812 di
1357 751 1494 832 ῆἼκαρος
1512 749 1638 832 πρότερον
1663 752 1830 832 Ἰχθυόεσσα,

1054 837 1096 898 διδ
1110 837 1140 898 πθ
1164 842 1190 899 δν
1206 841 1272 919 αὐτῇ
1300 841 1351 898 τῶν
1370 837 1466 917 ἰχθύων
1491 840 1603 916 πλῆθος,
1629 841 1663 906 ὥς
1689 839 1735 899 καί
1753 839 1832 920 Ἐχι-

1054 927 1127 992 νάδες
1136 925 1188 986 isi
1197 929 1248 986 τῶν
1263 925 1366 1008 ἐχίνων,
1379 925 1424 986 καί
1441 925 1549 998 Σηπιὰς
1560 925 1628 1005 ιίκρα
1640 925 1691 985 ini
1705 930 1756 986 τῶν
1771 927 1833 1006 περὶ

1054 1012 1136 1086 αὐτὴν
1160 1017 1278 1090 σηπιῶν,
1304 1027 1386 1074 etc...
1420 1011 1648 1094 Προσαγορείεται
1681 1011 1725 1086 dl,
1753 1015 1831 1094 φησίν

1054 1101 1237 1184 ,Επαρχίδηὴ
1251 1106 1269 1173 ἠ
1288 1101 1403 1178 ἄμπελος
1417 1103 1434 1172 ἡ
1446 1099 1490 1159 τδν
1502 1099 1615 1180 Ἰκάριον
1631 1099 1766 1178 Πράμνιον
1781 1100 1832 1181 ρι’·
1929 1167 1934 1178 ¹

1057 1210 1135 1268 ρουσιι
1149 1188 1200 1248 ini
1213 1192 1264 1248 τῶν
1276 1188 1354 1257 ξένων
1369 1187 1416 1264 μίν
1430 1185 1519 1266 ίερθι,
1539 1186 1589 1245 ὑπό
1603 1186 1630 1246 di
1640 1191 1692 1246 τῶν
1701 1189 1832 1248 Οἰνοαίων

1055 1276 1198 1344 Διονυσιάς.
1216 1277 1298 1348 Οίνόη
1313 1274 1339 1336 di
1352 1275 1426 1340 πολις
1439 1278 1465 1333 lv
1479 1274 1592 1354 τῇνήσιρ
1608 1275 1672 1334 ἔστί.

1363 1501 1524 1528 2⁴0,—

1274 1694 1609 1786 EPIMENIDES.

1097 1909 1277 1986 Epimenides
1295 1921 1374 1966 vates
1387 1911 1524 1967 Cretensis
1538 1909 1616 1984 apud
1629 1908 1714 1984 Diog.
1728 1911 1825 1970 Laert.

1057 2000 1083 2067 1,
1098 2017 1169 2066 tta,
1188 2009 1291 2074 prater
1311 1999 1424 2073 poetica
1446 1997 1507 2072 (De
1526 1997 1636 2070 origine
1652 1995 1787 2056 Curetum
1807 2008 1836 2054 et

1058 2084 1269 2158 Corybantum,
1293 2085 1486 2158 Theogoniam
1503 2094 1531 2138 et
1545 2084 1652 2138 Iasonis
1669 2083 1836 2157 Expeditio-

1059 2189 1135 2240 nem,
1147 2173 1189 2226 De
1199 2172 1297 2227 Minoe
1311 2183 1340 2226 et
1355 2169 1589 2246 Rhadamantho)
1602 2187 1687 2246 prosa
1707 2173 1836 2228 oratione

1001 2274 1007 2286 ·
1059 2259 1199 2334 scripsisse
1212 2258 1396 2334 perhibetur:
1406 2255 1473 2337 Περὶ
1480 2259 1585 2331 θυσιῶν,
1593 2253 1638 2313 καὶ
1647 2259 1693 2326 τῆς
1704 2257 1730 2314 ἓν
1741 2257 1834 2337 “iiiiii

546 2343 706 2366 “0000oe-

453 2525 804 2614 EPARCHIDES.

277 2745 425 2800 Athenaeus
439 2745 483 2814 ΙΙ,
498 2763 528 2819 p.
545 2743 598 2814 61,
628 2747 675 2801 A:
695 2741 859 2820 Ἐπαρχίδης
871 2743 1015 2824 Εὐριπίδην

238 2830 312 2908 φησί,
319 2829 363 2888 τὸν
370 2829 492 2903 ποιητὴν,
502 2831 705 2910 θπιδημῆσθιετῇ
716 2829 820 2910 Ἰκάρῳ,
829 2829 884 2902 καὶ,
895 2831 1016 2911 γυναικός

236 2937 302 2983 τινος
316 2915 383 2993 μετὰ
392 2916 490 2976 τίκνων
505 2915 573 2975 κατίι
585 2917 643 2984 τοὺς
656 2917 765 2996 ἀγροὺς,
782 2918 827 2976 δύο
838 2916 886 2996 μίν
900 2919 1013 3000 ἀρρένων

235 3003 351 3083 τελείων,
367 3014 427 3082 μιᾶς
441 3003 468 3064 δὲ
480 3003 619 3084 παρθένου,
639 3004 771 3086 ραγοόσης
789 3005 948 3083 θανασίμους
964 3006 1014 3084 μό·

236 3114 333 3166 κητας,
348 3091 393 3150 καί
414 3092 602 3169 ἀποπνιγείσης
624 3091 755 3170 μετὰτῶν
776 3093 882 3168 τίκνων,
906 3099 1015 3168 ποιῆσαι

236 3179 307 3237 πουτί
317 3178 347 3238 σθ
359 3179 514 3260 ἐπίγραμμα
523 3203 530 3216 ·

270 3338 314 3398 Ὦ,
323 3340 363 3388 τὸν
375 3339 503 3403 άγίραντον
513 3338 584 3388 πόλον
596 3339 698 3400 αἰθέρος,
712 3341 775 3401 ἥλιε,
795 3341 894 3404 τίμνων,

299 3409 335 3471 ἆρ’
346 3410 403 3466 εἶδες
412 3409 495 3458 τοιόνδ’
505 3409 592 3472 ὄμματι
601 3409 688 3471 πρόσθε
698 3411 783 3472 πάθος,

269 3480 357 3540 μητέρα
367 3480 507 3541 παρθενικήν
517 3496 543 3528 τι
552 3479 624 3541 κόρην
632 3480 726 3537 δισσούς
735 3497 762 3530 τε
774 3480 901 3542 συναίμους

301 3549 325 3596 ἐν
337 3547 416 3610 ταύτῷ
425 3550 503 3610 φέγγει
513 3549 619 3610 μοιριδίῳ
628 3550 758 3612 φθιμένους.

238 3691 362 3764 Sequens
372 3689 559 3764 fragmentum
573 3709 661 3762 quum
672 3692 738 3746 item
748 3692 785 3749 de
798 3695 881 3748 Icaro
900 3693 950 3750 ins.
966 3694 1013 3763 sit,

238 3775 274 3831 de
290 3778 344 3831 hac
359 3778 419 3850 ipsa
434 3776 606 3850 Eparchides
614 3817 622 3847 ,
639 3779 752 3836 aliunde
766 3780 835 3834 mihi
849 3797 908 3835 non
921 3793 1015 3851 notus,

238 3865 378 3936 scripsisse
389 3863 511 3918 videtur.

280 3949 359 4004 Idem
374 3951 402 4018 Ι,
418 3969 448 4024 p.
464 3947 541 4018 snit
557 3970 563 4005 :
586 3946 690 4008 Γίνεται
704 3947 731 4006 di
754 3950 781 4007 ίν
796 3948 908 4030 Ἰκάρῳ,
937 3951 1015 4031 posis

614 4119 639 4167 1.

270 4195 412 4256 Eparehides
424 4199 514 4258 narret,
526 4211 602 4260 quom
614 4198 739 4263 Euripides
746 4204 814 4263 poeta
827 4201 852 4250 in
863 4204 931 4251 icaro
939 4202 1015 4252 insula

239 4271 323 4333 hospes
332 4274 405 4331 essct,
418 4274 531 4323 accidisse
541 4279 569 4324 ut
578 4276 664 4325 mulier
672 4277 784 4338 qondam
798 4291 854 4327 com
862 4278 941 4328 liberis
952 4278 1015 4341 (duo

238 4347 280 4397 iiiii
299 4351 367 4397 erent
378 4348 468 4409 adciti,
480 4354 504 4402 et
516 4363 564 4400 una
578 4353 626 4401 titio
638 4353 721 4414 virgo)
732 4355 843 4404 mmestis
855 4355 880 4403 in
891 4368 948 4418 agro
961 4357 1015 4405 leti·

238 4425 293 4474 ieris
301 4425 379 4488 iungis
389 4427 505 4478 suiiocsta
514 4430 584 4479 simui
592 4444 647 4480 cum
656 4432 736 4482 tiberis
745 4433 832 4495 periret
839 4447 847 4493 ς
854 4431 887 4482 ihi
898 4435 951 4483 tum
961 4447 1016 4496 poe·

238 4505 288 4551 tum
298 4503 345 4552 tate
354 4503 501 4565 epigramma
512 4507 691 4569 composuisse:
758 4503 760 4508 '

292 4614 367 4659 osci!
378 4616 416 4669 oui
423 4617 472 4660 cuii
483 4617 559 4674 polum
568 4619 728 4675 sempiternum
736 4632 850 4677 peragras.

316 4696 346 4728 an
356 4685 421 4730 talem
430 4698 535 4742 umquam
542 4689 613 4732 oculis
620 4689 691 4733 nidisti
702 4690 863 4736 solinimons

291 4755 395 4805 lintrem,
406 4752 473 4798 titiam
482 4755 597 4808 virginem.
607 4755 705 4812 duosque
712 4756 780 4811 duos,

317 4819 396 4866 codem
406 4819 466 4866 letati
475 4821 531 4868 dice
542 4823 598 4869 vivis
607 4823 723 4880 ahrqitos!

622 4926 646 4975 2.

270 5023 380 5071 Nascitur
392 5023 415 5070 in
427 5027 507 5085 icaro,
519 5025 547 5072 ut
560 5025 703 5088 tiparchidcs
713 5026 762 5086 ait,
773 5025 856 5075 vuum
868 5027 1015 5076 Promotum.

152 5133 155 5138 .
241 5099 310 5156 Quod
322 5099 370 5146 vini
382 5113 457 5162 genus
474 5114 552 5164 ncqm
564 5101 634 5153 dolce
649 5115 727 5166 neque
747 5101 862 5165 densum,
877 5102 919 5154 sed
937 5107 1016 5154 suste·

1059 2343 1200 2410 πολιτείας.

1099 2434 1278 2508 Hisscriptis‚
1292 2433 1403 2489 serioris
1420 2435 1471 2489 avi
1483 2433 1611 2501 foetibus,
1626 2450 1692 2487 usus
1708 2443 1749 2488 est
1766 2434 1836 2488 Dio·

1061 2522 1147 2579 dorus
1163 2521 1218 2596 (V,
1238 2519 1306 2589 8o‚i
1319 2521 1341 2594 i,
1353 2521 1403 2594 qui
1422 2539 1500 2576 suam
1519 2520 1554 2577 de
1574 2520 1746 2576 Cretensium
1760 2522 1837 2574 unti-

1060 2609 1214 2684 quitatibus
1227 2609 1417 2663 narrationem
1428 2607 1654 2663 accommodasse
1667 2625 1696 2662 se
1713 2607 1782 2662 dicit
1800 2608 1836 2662 ad

1060 2715 1093 2754 ea
1111 2716 1173 2771 quae
1192 2694 1361 2751 tradiderint
1379 2695 1558 2770 Epimenides
1583 2693 1749 2770 theologus,
1767 2695 1834 2750 Do-

1059 2785 1166 2854 siades,
1196 2781 1350 2839 Sosicrates
1363 2794 1391 2839 et
1404 2783 1615 2840 Leosthenidas.

1099 2873 1220 2946 Diogen.
1234 2872 1264 2945 1,
1284 2873 1355 2928 115:
1370 2866 1497 2942 Γεγόνασι
1514 2865 1540 2926 δὲ
1557 2866 1603 2926 καὶ
1615 2865 1836 2944 Ἐπιμενίδαι

1060 2958 1153 3016 ἄλλοι
1184 2955 1252 3014 iio·
1285 2953 1301 3012 θ
1329 2978 1362 3014 τε
1392 2954 1602 3034 γενεαλόγος,
1635 2953 1691 3012 καλ
1725 2953 1835 3034 τρίτος

1059 3048 1073 3103 ό
1113 3042 1254 3122 Δωριστί
1295 3041 1463 3124 γεγραφὼς
1510 3039 1752 3121 ΠερλῬόδου.

1316 3229 1580 3291 ΓΕΝΕΑΔΟΓΙΑΙ.

1441 3415 1467 3453 1.

1099 3524 1144 3580 sd
1156 3525 1252 3582 Rhodi
1270 3525 1419 3582 historiam
1430 3525 1528 3606 referri
1545 3523 1634 3599 possit
1645 3523 1735 3580 schol.
1752 3523 1834 3578 Pind.

1059 3612 1105 3667 01.
1124 3614 1192 3681 VII,
1215 3619 1275 3677 ai:
1296 3609 1330 3670 ‘ii
1349 3609 1437 3690 όριλος
1460 3608 1488 3669 it
1506 3609 1670 3675 Ποσειδῶνος
1683 3607 1729 3668 καὶ
1742 3607 1838 3688 Ἀρρο·

1060 3695 1132 3767 δίτης
1151 3699 1198 3766 ris
1220 3696 1311 3758 Ῥόδον
1328 3633 1393 3756 εΙναί
1403 3719 1491 3775 φησιν,
1512 3695 1682 3773 Ἐπιμενίδης
1704 3694 1731 3754 di
1755 3692 1837 3764 αὐτὴν

1060 3780 1190 3842 Ὠκεανοῦ
1200 3786 1364 3863 γενεαλογεῖ,
1374 3787 1420 3864 ἄρ’
1430 3776 1461 3856 ἧς
1473 3783 1518 3842 καί
1527 3781 1574 3854 rhu
1585 3783 1661 3842 πόλιν
1673 3777 1835 3859 ὠνομάσθαι.

1059 3875 1097 3927 tt
1113 3870 1292 3948 probabilius
1316 3872 1428 3930 fluxisse
1445 3891 1481 3929 ex
1500 3873 1687 3949 genealogiis,
1707 3871 1746 3927 ad
1766 3887 1837 3943 quas

1060 3959 1131 4014 alter
1147 3959 1272 4032 ejusdem
1287 3961 1441 4017 scholiastae
1454 3962 1534 4017 locus
1547 3962 1690 4036 pertinere
1709 3957 1835 4014 videtur.

1058 4133 1112 4169 rum
1120 4121 1252 4183 odorum,
1262 4125 1287 4172 et
1297 4122 1412 4184 insignem
1422 4121 1598 4172 hebmsvim...
1610 4122 1668 4171 Erat
1675 4121 1757 4170 cutem
1768 4123 1836 4169 icaro

1057 4197 1142 4246 insulas
1151 4197 1216 4260 prius
1227 4210 1313 4248 nomen
1327 4199 1478 4261 ichthyoessa
1488 4199 1608 4259 (Pisecsa
1616 4201 1647 4259 te
1657 4197 1759 4260 piscium
1767 4197 1836 4258 copia

1058 4272 1099 4334 qut
1118 4273 1181 4323 circa
1198 4287 1250 4323 eam
1271 4275 1401 4337 gignuntur
1417 4294 1424 4324 ι
1443 4274 1647 4338 quemadmodum
1659 4274 1684 4322 et
1701 4271 1837 4323 Echinades

1058 4348 1183 4399 abechinis
1191 4363 1278 4400 nomen
1283 4351 1386 4412 hebent,
1396 4353 1421 4402 et
1431 4352 1513 4414 Sepias
1518 4349 1709 4413 promontorium
1720 4361 1735 4397 ε
1746 4349 1836 4410 sepiis..

1059 4425 1119 4475 Vitis
1127 4429 1208 4476 auum
1220 4441 1275 4490 quae
1286 4428 1331 4478 lert
1343 4431 1445 4478 icarium
1455 4427 1607 4487 Primnum,
1617 4426 1648 4475 ab
1656 4425 1745 4475 esteris
1754 4428 1839 4474 εαονα

1061 4505 1202 4567 appellatur,
1212 4508 1240 4554 ut
1250 4506 1284 4556 ait
1297 4506 1451 4569 emunita,
1464 4506 1496 4553 ah
1504 4503 1665 4556 OEuoensihus
1673 4515 1731 4552 vero
1739 4505 1840 4564 Diony·

1059 4581 1119 4630 stas.
1131 4582 1174 4632 Est
1185 4583 1266 4632 sutem
1276 4585 1354 4634 OEnoe
1362 4582 1469 4645 eiusdem
1480 4582 1565 4632 msuln
1573 4579 1697 4644 oppidum.

1311 4711 1582 4772 GENEALOGIAE.

1440 4839 1464 4892 i.

1092 4949 1233 5012 Herophilus
1244 4948 1347 5012 Neptuni
1363 4949 1388 5000 et
1399 4949 1500 5000 veneris
1517 4947 1591 4998 itiam
1604 4945 1718 4998 niodum
1735 4957 1788 4996 esse
1801 4944 1839 4995 di·

1061 5027 1108 5087 cit,
1121 5026 1271 5090 Epimenides
1277 5039 1334 5077 vero
1350 5039 1403 5077 eam
1419 5025 1589 5078 oceanitiiitm
1601 5023 1673 5085 dieii,
1683 5035 1697 5072 a
1706 5022 1838 5086 qutefiem

1063 5105 1161 5156 titinius
1172 5106 1229 5156 uris
1239 5117 1327 5156 nomen
1338 5103 1433 5156 habnt.
