3830 5720
196 301 252 350 m
746 287 949 349 MENanlttl
971 281 1230 346 PROTECTORIS
1825 370 1831 380 Ι

192 419 366 530 τειχομαχίαν
380 417 482 478 στελλει
496 419 566 486 τινθς
581 419 694 500 ἀμφ’
663 442 709 492 της
721 421 743 479 εί
746 417 824 499 ριίνης
835 419 972 496 διαλεχθη-
1017 415 1159 496 {pnsum
1147 416 1265 474 Ταυτα
1274 401 1382 490 ἠμνηω
1396 410 1721 490 Ρωμαιοι,διαλεχθτναι
1732 435 1791 492 προς

193 509 324 606 σομίνους.
366 507 452 568 Ἐνιοι
467 508 543 566 δδ”
509 531 560 566 των
575 510 600 565 ἐν
625 444 972 608 Σερμίριθνθτθὴλίόατον
1017 508 1084 582 ὑμᾶς
1099 505 1163 562 θ
1128 526 1179 562 των
1195 501 1313 581 Ἀόςίρων
1328 499 1604 571 ίκίλευσεδεσπότης·
1620 500 1657 576 μή
1671 525 1713 576 μοι
1727 503 1790 608 με’μ-

192 594 236 646 roi
253 585 404 666 βαλανείου,
419 587 563 659 θδῆτα
529 611 566 666 τερ
580 587 657 666 δήμῳ
671 586 811 694 ἐτύγχανεν
827 585 971 661 ἀνειμένον,
1017 596 1061 671 ψςν
1082 589 1140 650 τινὰ
1162 589 1324 660 ποιήσασθαι
1348 587 1464 664 πόλεμον
1488 586 1631 668 ἀραμένῳ·
1651 589 1771 659 ὑμεῖς’
1745 611 1791 666 γαρ

192 673 235 732 επί
250 679 406 754 κατασκοπῇ
424 678 474 734 τῶν
487 673 619 751 πολεμίων
634 673 742 734 xerd⁸
718 697 747 734 το
768 673 875 745 σύνηθες
886 669 971 740 tetta·
1017 683 1114 788 πρῶτον
1126 679 1173 750 τὶν
1186 677 1271 736 αἰτίαν
1283 699 1328 734 pop
1311 673 1513 752 ”milpont
1471 673 1531 732 δεδ’
1514 695 1611 734 ωοιατε
1626 675 1735 738 Πολλοῖς
1747 673 1792 752 γδρ

192 786 289 834 νοντες,
305 764 350 821 καὶ
365 765 422 821 ἰν
407 762 518 842 απόπτω
532 785 600 841 καρα
584 761 734 830 αδοκοῧντός
748 786 776 821 τι
790 761 834 820 καί
849 759 972 868 θεώμενρι
1017 765 1103 831 πόνοις
1120 765 1262 872 ὁμιλήσας,
1281 787 1326 823 και
1316 761 1533 838 ’ἄποδημίας’
1506 784 1557 841 οοχ
1569 761 1665 834 ἥκιστα
1686 762 1792 832 ποιησό-

191 850 215 908 εί
225 873 275 908 που
288 851 410 920 ίπηλυσις
424 849 547 929 όστσιβοι
551 849 709 930 p6cptnrl,⁸
695 873 730 918 ως
741 871 903 920 κατενοησαν
914 845 973 912 τους
1019 877 1101 930 μενος,
1113 855 1187 930 μολις
1199 850 1382 940 όχειρευσαμην
1394 847 1595 920 ταυτηντὴν
1559 871 1659 929 χωραν
1670 846 1735 906 καί
1725 871 1794 924 υμεις

191 942 242 997 τῶν
257 938 337 1016 'tdeip
339 963 374 997 ων
392 939 596 1018 inclinavimus
610 938 661 1010 ἤδη
677 938 893 1016 προσιόντας,
865 940 902 994 τῶ
921 932 972 1010 μί·
1019 943 1153 1022 ἀφείλεσθέ
1166 964 1209 1019 μοι
1220 931 1311 1019 βιαίως
1325 937 1417 1010 αὐτόν.
1432 937 1503 1017 [ipit
1514 945 1566 1004 τοῖς
1578 937 1659 996 καί
1636 959 1679 996 τον
1691 937 1793 1008 Oleli·

191 1049 231 1084 κει
245 1050 290 1096 της
304 1029 421 1105 ἀτραποῦ
438 1025 662 1098 ἀποπλανηθέντες
678 1025 770 1085 καθ’
742 1049 816 1084 ouum
839 1046 971 1100 κατεγνω·
1019 1030 1149 1088 Gnoso*
1113 1053 1152 1112 ςςρ
1169 1033 1220 1088 τῶν
1235 1027 1407 1108 δορορλώτονν
1420 1025 1550 1098 ἀνήκοντό
1571 1048 1616 1101 μοι
1636 1026 1707 1106 νόμῳ
1723 1024 1793 1103 ἔχετε

192 1137 263 1181 κοτες
276 1137 306 1172 το
293 1113 425 1196 ’όκριόὲς
442 1115 611 1185 θπετόπησαν
625 1104 691 1171 ’ίναι
704 1111 783 1184 πλη
776 1137 804 1170 υν
818 1110 970 1190 Ἄόαρικὴν,
1019 1116 1151 1184 λαθόντες
1194 1116 1273 1176 Ἀλλὰ
1294 1115 1345 1196 γὰρ
1367 1113 1401 1174 θό
1403 1137 1453 1192 ρεις
1473 1116 1500 1180 ἐς
1515 1113 1549 1170 τί
1566 1115 1682 1190 μάλιστα
1704 1112 1795 1192 πικρός

191 1201 326 1271 ἐοηλωσαν
338 1224 367 1259 τε
381 1201 489 1274 αὐτίκα,
501 1200 590 1260 καθ’το
604 1207 712 1310 σημεῖρν
727 1201 857 1259 καθεῖλον.
889 1196 971 1258 Ὁδδ
1018 1209 1115 1264 txae‘
1130 1209 1198 1280 ὑμᾶς
1221 1202 1331 1281 κατίχεέ
1352 1225 1396 1278 μοι
1422 1199 1556 1290 βασιλεὺς,
1580 1203 1610 1260 οθ
1632 1201 1707 1278 μόνον
1729 1199 1795 1267 ἅπαξ

191 1292 277 1355 Birra:
291 1289 354 1368 πρὸς
365 1295 441 1346 τοῦτο
453 1288 614 1369 δυσχεράνας
626 1289 784 1368 σαφέστερον
796 1289 907 1346 ἔσπευσε
922 1309 971 1344 κν·
1018 1291 1035 1362 ἢ
1050 1293 1101 1365 δὶς,
1116 1293 1184 1352 ἀλλὰ
1198 1291 1396 1356 antecelluisse·
1410 1293 1462 1348 τῶν
1477 1285 1587 1348 δεόντων
1593 1312 1627 1352 τε
1639 1288 1710 1346 οὐδὲν
1722 1288 1797 1359 λόον·

190 1383 316 1486 repetere
327 1376 425 1445 rilni‘
414 1399 448 1443 σς
459 1377 538 1442 Ινους
549 1375 575 1434 δὲ
588 1375 688 1453 ὀλίγους
699 1366 817 1434 alnes*
778 1399 837 1442 τους
848 1373 972 1448 'stipans
1018 1383 1084 1454 λήθη
1097 1382 1300 1486 διαρραίσουσι.
1317 1383 1352 1441 El
1365 1379 1449 1439 τοίνυν
1459 1385 1566 1438 τοιαῦτα
1579 1378 1643 1458 πρὸς
1656 1383 1727 1454 ὑμῶν
1741 1381 1796 1448 ἡδο

190 1488 235 1521 και
226 1463 421 1542 ’βοθλεσθαίοί
437 1462 707 1542 ἐπικηρυκεύσασθαι,
723 1463 852 1544 ἐξέπεμψε
866 1485 911 1520 και
901 1463 972 1518 ἀθ-
1017 1470 1129 1548 κηρίνας
1153 1471 1207 1537 τοῖς
1234 1467 1324 1535 ὅπλοις
1323 1467 1516 1578 ἕχρησόμην,
1545 1467 1698 1543 οὐδαμῶς
1688 1465 1797 1544 υποίρχω

190 1553 233 1618 τὸς
245 1551 304 1618 τοὺς
318 1573 448 1626 ποιησσμε
451 1575 508 1618 νσνς
529 1552 575 1618 τὰς
592 1551 760 1631 cavallaria
777 1552 842 1618 lr⁸
816 1575 849 1608 τα
864 1550 913 1618 ἔξω
926 1554 971 1608 τοῦ
1019 1557 1160 1635 μεμττὲος.
1178 1557 1276 1617 Καὶ
1246 1579 1291 1614 νον
1310 1545 1354 1614 οδν
1371 1553 1395 1612 εἴ
1414 1577 1443 1632 νε
1464 1554 1588 1633 βούλεσθε
1603 1554 1663 1632 περὶ
1680 1556 1796 1610 σπονδῶν

190 1639 299 1718 τείχους-
341 1637 394 1698 '²ss
397 1660 404 1695 Ι
419 1638 469 1718 γὰρ
484 1641 514 1697 lx
530 1661 576 1697 του
559 1637 680 1706 ἕλκους
694 1663 726 1698 ft!
730 1639 850 1720 ρῑώθυνῡς
864 1629 908 1712 iv,
927 1637 972 1694 mi
1017 1670 1045 1704 τε
1055 1669 1100 1704 και
1090 1645 1217 1726 ἐἰρήνης
1229 1649 1293 1720 ἡμῖν
1307 1643 1367 1702 θόσθ
1369 1667 1396 1700 αι
1406 1641 1513 1718 λόγους,
1527 1640 1684 1717 θτοιμότατα
1694 1639 1796 1717 ἔχομεν·

191 1727 352 1805 ὁθεόδωρος
363 1730 377 1784 θ
388 1727 509 1806 ἰατρὸς’
484 1749 531 1785 ουκ
542 1725 582 1784 εία
594 1726 638 1784 τόν
648 1727 823 1806 στρατίαρχον
832 1730 857 1784 ἐν
869 1728 972 1804 ραυερῶ
1019 1735 1069 1790 ἰν“
1060 1741 1120 1810 ορῖν
1136 1757 1165 1791 νς
1180 1732 1275 1790 κείσθω
1293 1733 1457 1809 προτιμῆσαι
1471 1729 1501 1786 τὸ
1516 1729 1633 1788 συνοῖσον
1654 1726 1698 1785 καὶ
1711 1727 1747 1785 τὰ
1765 1729 1797 1786 εἰ·

190 1815 305 1890 γίνεσθαι
315 1822 368 1879 τοῖς
379 1813 515 1877 ἐναντίοις
533 1813 592 1873 F
558 1836 611 1880 νιος
621 1813 672 1893 γὰρ
685 1813 752 1891 μηδὲ
762 1811 923 1890 [sitiendi
924 1835 969 1891 φα·
1019 1829 1114 1900 ρηνοιῖα
1127 1820 1177 1900 πρὸ
1197 1843 1242 1877 του
1226 1817 1373 1894 πολέμου
1389 1817 1533 1877 ἑλέσθαι.»
1520 1815 1623 1902 »Πρὸς
1638 1820 1721 1874 ταῦτα
1737 1817 1798 1873 ἅτε

191 1925 238 1960 σκε
252 1901 309 1969 τους
322 1903 485 1981 πολεμιους
472 1927 505 1969 ως
519 1903 629 1976 telius.
646 1906 679 1964 El
695 1903 721 1962 δδ
733 1926 809 1962 τουτο
823 1925 892 1961 κατα
885 1905 972 1973 ’δηλον
1018 1932 1051 1987 νςρ
1055 1908 1126 1966 lom
1141 1909 1294 2051 δΒοδἿνοςπ
1282 1905 1441 1984 Πρότερον
1454 1895 1682 1984 μίνὴμεῐςοθκή
1686 1902 1799 1983 ρξοίμεθα

191 1991 266 2048 ἔσται
282 1992 384 2066 αὐτοῖς,
400 2014 459 2049 ἲῦῐῑ
474 1991 575 2066 tripes
589 1989 648 2067 μθ
640 1991 824 2072 υποκρῦπτῑθν
839 1995 874 2056 ὡς
890 1989 921 2048 ἂν
935 1991 971 2064 μὴ
1017 1994 1149 2106 πρλίμου
1165 1994 1223 2051 οὐδ
1213 1989 1285 2070 ὲγδιρ
1306 1994 1390 2050 καθ’ε
1380 1995 1452 2068 υμῶν
1467 1992 1615 2069 ἠλόσαμεν.
1634 1991 1680 2058 Ἐς
1694 1993 1799 2050 suisnar-

192 2077 877 2160 θπόνοιαγένηταίσρισιτουόιποόεόιωκέναεαῦτόν.
889 2079 950 2137 Οίδ
936 2077 972 2149 δ,ί
1017 2082 1071 2141 τίον
1087 2070 1184 2158 μὲν”
1154 2103 1198 2138 ουν
1219 2078 1250 2137 σθ
1265 2077 1334 2137 κατδ
1348 2081 1395 2148 τῆς
1414 2078 1556 2154 Ρωμαίων
1570 2079 1689 2151 ἤλασας,
1711 2077 1801 2137 λοιπθν

190 2165 248 2224 ἐπεὶ
259 2166 341 2245 ἕτερον
352 2165 468 2246 περὶτῆς
479 2166 582 2246 εἰρήνης
594 2157 672 2237 ἦλθον
683 2166 914 2246 διαλεχθησόμενοι
926 2165 971 2224 καί
1019 2169 1060 2241 δὲ,
1074 2165 1113 2226 ότι
1125 2167 1194 2226 καθθ
1207 2165 1328 2246 βασιλεὺς
1338 2167 1364 2222 ἐν
1379 2166 1459 2245 βουλῇ
1472 2166 1614 2237 ἐποιήσατο
1622 2163 1753 2245 χρηματοί
1763 2186 1799 2222 σοι

189 2253 291 2334 οὐχί’
262 2254 354 2329 αυτὸς,
370 2253 515 2326 ὑπενόησαν
534 2259 569 2321 ὡς
588 2255 680 2313 διόιλετ
681 2258 725 2314 σθ
747 2253 907 2400 στρατηγὸς,
928 2255 972 2312 καί
1018 2259 1162 2315 ἐπιδοῦναι·
1177 2258 1312 2333 τοιγαροῦν
1334 2253 1379 2311 καί
1395 2252 1513 2334 παρέσχε
1530 2262 1582 2320 τοῖς
1602 2251 1713 2312 κατδ“
1687 2275 1761 2312 σεπ
1740 2252 1800 2333 πρό·

190 2343 262 2418 αὐτῷ
283 2339 378 2399 ἐθέλειν
403 2341 550 2421 ίρασκον’
538 2366 565 2400 εν
584 2343 710 2420 συνουσία
733 2343 821 2419 γενέσθ
824 2366 860 2401 αι.
903 2343 971 2400 Τότε
1019 2343 1117 2402 σθεσιν,
1134 2341 1212 2402 Ἐπεί
1226 2339 1253 2399 δὲ
1267 2341 1423 2412 κατενόησεν
1442 2339 1750 2416 αὐθαδιαζόμενονκαλ’
1740 2338 1802 2418 υπὲρ

189 2428 371 2508 θθεόδωρος,
386 2435 431 2488 τοῦ
445 2428 610 2495 συνοίσοντος
626 2453 654 2487 ευ
639 2401 785 2504 ’μόλιστα
800 2427 972 2508 στοχασόμε-
1018 2429 1141 2501 αυτόν
1110 2448 1142 2500 οη
1152 2452 1202 2489 που
1212 2427 1306 2507 τηνβ
1290 2426 1436 2506 Superis
1447 2425 1598 2498 αλαζονείαν
1608 2427 1802 2506 ἐξογκουμενον

190 2539 246 2588 νος,
262 2515 376 2584 ἔλεξεν’
362 2541 397 2583 ως
416 2540 446 2575 το
434 2515 592 2576 ⁸lomcv'
567 2541 595 2574 ου
608 2515 693 2597 χρεὼν
705 2516 952 2597 ἀποκρύπτεσθαι
928 2538 972 2574 τον
1019 2518 1126 2599 ῥήματά
1140 2541 1169 2576 τε
1183 2515 1337 2596 θπερηρανα
1352 2515 1513 2592 σημαίνοντα
1527 2517 1623 2574 καί’“
1590 2541 1638 2588 της
1655 2520 1702 2586 σῆς
1725 2515 1802 2574 δυνό-

190 2605 347 2712 στρατηγθν,
362 2608 461 2682 μαλλον
474 2595 562 2683 μίντ
532 2630 576 2664 ουν
591 2605 660 2674 ἐςτίν
676 2605 724 2674 ἔξω
737 2605 849 2664 ls'rct
817 2629 863 2677 της
872 2605 972 2671 πόλεως
1019 2627 1088 2681 μεως
1098 2601 1295 2683 καθυπέρτεροι,
1310 2607 1454 2673 τηνικαῦτα
1469 2603 1556 2660 καθ’
1526 2602 1602 2670 αυτὸς
1617 2602 1664 2661 ὅτε
1682 2602 1803 2682 ἀγχίνους

190 2692 235 2750 καί
251 2695 274 2756 ἐς
285 2692 343 2772 οβιν
354 2692 469 2772 γενεσθαι
483 2695 596 2773 τωνβ
565 2692 648 2773 όαόρ
650 2717 696 2754 ων.
715 2693 769 2754 Και
781 2716 911 2773 ραρμακω
922 2693 971 2750 τινί
1018 2691 1155 2751 ἐπετέλεσε
1178 2689 1212 2748 τδι
1235 2692 1329 2750 οἰκεῖα.
1360 2688 1462 2749 liat*
1439 2711 1468 2747 το
1486 2694 1529 2746 νῦν
1549 2688 1576 2747 δὲ
1593 2688 1802 2767 ἔχον,ήμε’τερόν

189 2803 219 2838 το
206 2778 303 2846 ’ἕλκος
317 2781 510 2860 περιστείλας’
495 2781 603 2861 αρίησιν
619 2717 706 2842 αθτόν.
724 2781 778 2841 Καὶ
792 2779 823 2850 δὴ
839 2777 973 2860 προελθὼν
1018 2781 1109 2836 ἐστιν
1095 2803 1130 2843 ως
1143 2775 1253 2854 βασιλέα
1267 2779 1367 2836 στεῖλαι
1379 2776 1421 2844 οθς
1432 2773 1499 2834 tv*
1473 2799 1505 2834 συ
1518 2776 1670 2856 βουληθείης
1679 2775 1802 2856 πρόσόςις

190 2869 317 2940 δΒῶνος,
335 2869 418 2945 ἀγχοῦ
438 2891 466 2926 τε
486 2871 537 2926 τῶν
555 2869 696 2948 βαρὸοίρων
713 2870 866 2946 γενόμενος,
891 2867 971 2945 ε’φοίνη
1019 2865 1078 2932 τοὺς
1098 2864 1600 2944 βεὸαιόνσονταςτίιπερίτῆςείρήνης.
1617 2864 1693 2936 Μηδὲ
1708 2865 1802 2944 γίερίν

190 2957 275 3036 σρίσι.
318 2956 386 3015 Τότε
407 2959 431 3014 oi
451 2955 572 3036 πρέσβεις
589 2957 676 3016 τοιάδε
694 2956 826 3036 όμοιόαίιρ
842 2960 879 3034 τῷ
902 2955 971 3034 λόγῳ
1020 2955 1083 3030 ἡμῖν
1098 2944 1164 3011 εἶναι
1177 2953 1266 3030 νόμιζε
1278 2951 1327 3011 κθν
1342 2957 1403 3030 γοῦν
1417 2951 1574 3032 φθέγξασθαί
1585 2951 1702 3028 empsim
1714 2976 1746 3032 γε
1759 2951 1804 3010 καί

190 3135 256 3171 mum
269 3123 389 3184 fastigium
399 3122 493 3184 balnei,
510 3123 576 3185 quod
589 3123 670 3186 populi
682 3125 738 3173 usui
747 3127 799 3174 erat
817 3124 972 3181 destinatum,
1016 3121 1106 3170 bellum
1134 3119 1249 3180 suscepit.
1272 3119 1475 3182 Etenim-priores
1499 3118 1563 3168 bello
1580 3129 1679 3168 causam
1693 3117 1803 3168 dedistis.

189 3199 219 3248 ad
232 3199 390 3260 speculandos
410 3200 504 3260 hostes,
525 3203 552 3250 ut
570 3201 645 3250 moris
658 3203 703 3263 est,
720 3201 888 3252 ascenderunt.
901 3201 930 3250 lli
942 3213 971 3249 ex
1011 3189 1099 3246 ‘lltrltis
1110 3197 1234 3246 exhaustis
1250 3196 1373 3246 laboribus
1387 3199 1411 3246 et
1428 3209 1477 3245 nou
1490 3195 1624 3246 minoribus
1639 3196 1758 3245 itinerum
1770 3196 1804 3244 ia·

190 3277 286 3340 specula
298 3277 532 3338 circumspicientes,
544 3277 564 3327 si
578 3291 627 3340 qua
638 3278 733 3329 barbari
746 3279 897 3341 eruptionem
911 3278 972 3326 iace
1016 3275 1171 3338 tigatiouibm
1182 3274 1337 3325 toleratisuix
1351 3275 1436 3336 num,
1446 3275 1537 3336 lnquit,
1548 3274 1670 3336 ινςίοοοω
1682 3287 1805 3336 ceperam,

190 3357 256 3415 reut,
268 3355 424 3404 aduerterunt
434 3361 540 3406 Avarum
556 3359 667 3418 nuntios,
678 3359 720 3420 qui
730 3359 813 3420 jumse
821 3358 846 3406 in
859 3357 922 3406 viam
931 3355 972 3406 de·
1016 3367 1091 3416 quum
1100 3353 1158 3402 milri
1167 3351 1395 3414 iliamvieripuislis.
1404 3355 1523 3402 Praeterea
1530 3350 1695 3413 Usdebadum,
1703 3351 1806 3414 quijure

189 3432 428 3494 derantuosquum,
437 3434 468 3481 ob
474 3434 671 3495 longinquitatem
681 3435 781 3496 itineris,
791 3437 897 3484 errantes
906 3435 974 3484 certo
1017 3430 1168 3492 captivorum
1180 3427 1286 3478 dominio
1298 3441 1353 3477 meo
1367 3431 1482 3488 cessaret,
1493 3429 1552 3476 milri
1563 3431 1674 3490 ereptum
1686 3428 1804 3476 retinetis.

189 3510 327 3572 dignoscere
339 3522 387 3558 nou
409 3513 517 3571 possent,
538 3511 653 3572 suspicati
673 3513 742 3572 suut,
753 3524 804 3560 esse
819 3525 849 3560 ax
867 3512 972 3562 laostiurn
1018 3509 1106 3558 llultas
1115 3523 1211 3571 quoque
1222 3509 1281 3560 alias
1295 3509 1393 3558 acerbas
1404 3507 1564 3556 contumelias
1573 3507 1598 3554 ln
1611 3519 1650 3556 me
1662 3505 1752 3556 eliudit
1764 3506 1807 3553 im·

190 3587 306 3635 exercitu.
320 3589 406 3647 ltaque
417 3586 483 3634 illico
494 3587 561 3648 signo
570 3587 627 3636 dato
636 3588 766 3637 adrentum
778 3601 862 3636 eorum
876 3590 973 3639 nuntia·
1017 3589 1113 3649 perator
1126 3588 1214 3647 uester,
1233 3599 1313 3648 neque
1324 3585 1348 3634 id
1358 3584 1433 3634 semel
1451 3586 1525 3646 atque
1537 3584 1625 3632 ilerum
1633 3617 1641 3644 ,
1650 3583 1691 3632 sed
1701 3583 1808 3646 saepius,

189 3665 288 3712 suunt.
306 3665 438 3722 λθΒοοιισ,
453 3676 530 3724 ουσιαι
542 3663 575 3712 ilii
587 3666 612 3713 in
626 3664 700 3713 dubio
711 3665 813 3714 insereret
829 3665 936 3729 animus,
948 3681 974 3717 rs
1017 3679 1097 3727 neque
1106 3665 1237 3727 quicquam
1251 3678 1350 3725 eorum,
1361 3677 1418 3726 ques
1428 3663 1493 3725 iusta
1503 3665 1571 3713 erant
1581 3667 1607 3711 et
1624 3662 1735 3723 aequitati
1748 3673 1808 3710 con·

190 3740 325 3802 diligentius
343 3739 481 3801 explorata,
500 3739 613 3802 cognouit
631 3739 745 3790 barbaros
764 3755 815 3790 esse
836 3755 910 3804 parvo
926 3757 973 3792 nu·
1018 3747 1146 3805 sentanea,
1160 3745 1248 3793 soluit.
1267 3745 1352 3806 ltaque
1364 3743 1383 3792 si
1394 3745 1430 3792 tot
1444 3742 1565 3803 tantisque
1576 3740 1669 3802 injuriis
1677 3743 1704 3790 el
1712 3741 1809 3790 damnis

191 3830 271 3876 suero,
280 3817 305 3864 et
320 3817 385 3878 pacis
399 3816 548 3866 conditiones
558 3829 609 3866 esse
621 3817 720 3866 laturos.
734 3821 818 3879 ltaque
830 3820 855 3867 et
869 3819 918 3882 ipse
931 3821 973 3868 mi·
1017 3822 1111 3871 anobis
1118 3823 1220 3872 ailensis
1228 3825 1254 3872 et
1262 3822 1385 3871 lacessitus
1394 3857 1401 3882 ,
1411 3822 1484 3870 armis
1490 3833 1544 3870 sum
1553 3833 1624 3882 usus,
1634 3819 1660 3868 in
1670 3820 1743 3868 nullo
1755 3832 1811 3869 sum

190 3894 221 3942 sit
233 3894 274 3956 qui
291 3894 358 3958 extra
370 3905 453 3942 muros
470 3907 526 3942 curn
538 3895 585 3944 iliis
600 3895 721 3956 colloquia
738 3899 853 3946 sererent.
869 3899 973 3946 Decum·
1019 3899 1235 3962 reprehendendus.
1256 3899 1347 3959 Quodsi
1361 3899 1434 3948 nuliis
1452 3911 1518 3947 nunc
1540 3899 1613 3947 etiam
1625 3897 1656 3947 de
1677 3898 1773 3947 loedere
1786 3898 1812 3946 el

191 3973 263 4020 bebai
273 3972 335 4021 enim
345 3973 498 4034 extumere,
509 3973 629 4036 nequeilli
640 3987 682 4035 per
691 3973 844 4023 Tlreodorum
854 3976 974 4025 medicum
1019 3990 1076 4038 paee
1091 3977 1216 4027 nobiscum
1227 3977 1300 4027 verba
1318 3977 1410 4038 iacere,
1423 3978 1536 4038 prompto
1549 3975 1631 4024 animo
1646 3973 1671 4023 id
1681 3975 1811 4024 iaciemus.

190 4050 278 4101 licebat
287 4051 396 4101 hostibus
404 4052 500 4100 obviam
511 4053 554 4102 ire.
566 4056 648 4115 licque
657 4053 722 4101 enim
734 4053 814 4102 hostes
823 4067 878 4102 eum
889 4055 973 4105 ruine·
1019 4055 1097 4104 Vestri
1110 4055 1182 4116 igitur
1200 4054 1294 4104 arbitrii
1305 4057 1351 4114 est,
1364 4053 1428 4116 quod
1441 4052 1551 4114 expedit,
1566 4053 1717 4114 preoptare,
1729 4055 1757 4102 et
1772 4063 1812 4113 pa·

190 4131 271 4178 ratum
283 4142 333 4178 esse
348 4130 408 4178 scire
425 4130 598 4191 suspicabatur.
615 4130 707 4188 Quodsi
725 4144 782 4180 vero
801 4131 826 4179 id
835 4132 973 4194 rescissent,
1018 4145 1071 4181 cern
1082 4131 1146 4182 bello
1157 4145 1305 4194 praeponere.
1318 4151 1330 4175 ν
1341 4130 1442 4191 Αθουον
1449 4133 1529 4180 Bonus
1540 4127 1663 4190 respoudit
1673 4147 1679 4178 :
1689 4147 1702 4171 ν
1713 4128 1812 4178 Priores

190 4209 243 4254 tum
254 4220 301 4254 non
315 4207 418 4268 amplius
427 4207 460 4255 illi
476 4207 599 4256 latendum
613 4220 663 4256 esse
679 4207 757 4266 dixit,
770 4221 800 4256 ne
812 4209 973 4270 suspicionem
1018 4211 1115 4271 quidem
1128 4225 1172 4261 nos
1180 4211 1282 4260 minime
1294 4211 1384 4261 bellum
1394 4209 1545 4270 occepimus,
1558 4211 1602 4258 aut
1613 4208 1637 4258 in
1650 4221 1696 4257 uos
1707 4207 1813 4272 grassati

191 4285 500 4345 injiceret‚duoemeuit·is
509 4287 646 4336 excessisse.
664 4286 710 4337 sed
721 4288 800 4336 hostes
811 4287 852 4335 ubi
865 4287 976 4336 viderunt
1018 4301 1118 4337 surmus:
1138 4288 1288 4338 econtrario
1309 4289 1335 4337 lu
1355 4287 1421 4348 prior
1444 4286 1468 4333 in
1486 4287 1607 4334 Romanus
1622 4284 1725 4334 irruisti.
1743 4285 1813 4341 Quin

191 4363 266 4424 alios,
276 4365 319 4426 qui
333 4363 363 4414 de
379 4377 437 4426 pace
447 4363 619 4428 disceptarent,
633 4366 729 4427 venire,
740 4366 851 4428 suspicati
867 4371 922 4416 sunt
933 4366 975 4414 du·
1019 4365 1091 4416 etiam
1103 4367 1233 4428 imperator
1241 4366 1304 4416 dona
1320 4365 1364 4414 tibi
1376 4365 1473 4415 mittere
1483 4363 1713 4424 animuminduxit,
1735 4363 1815 4426 idque

192 4453 244 4489 cem
256 4441 360 4502 periisse.
379 4443 465 4502 ltaque
474 4442 622 4504 colloquium
634 4455 716 4490 coram
729 4456 758 4500 ep
776 4442 826 4492 lteri
836 4443 899 4492 velie
909 4443 976 4493 dixe·
1019 4443 1103 4506 legatis
1112 4445 1143 4493 ad
1154 4447 1178 4494 te
1188 4445 1266 4494 missis
1273 4443 1407 4493 mandavit.
1421 4443 1468 4494 Sed
1480 4445 1593 4508 quumte
1603 4441 1762 4492 audaciorem
1780 4443 1815 4491 fa-

191 4519 256 4566 runt.
276 4520 344 4566 Tunc
366 4518 521 4578 Theodorus,
537 4519 578 4580 qui
596 4519 662 4581 quod
677 4521 736 4568 utile
758 4519 837 4580 soret,
857 4521 976 4582 precipue
1019 4525 1086 4570 ctum
1096 4525 1215 4582 cerneret,
1225 4523 1250 4570 et
1262 4521 1325 4570 ultra
1336 4521 1487 4571 barbaricam
1497 4519 1650 4570 inscientiam
1660 4531 1725 4568 vana
1733 4519 1815 4581 gloria

179 4595 328 4655 ¹spectabat,
342 4593 405 4644 dixit
418 4608 467 4643 uon
475 4593 525 4656 jam
541 4599 637 4657 tempus
655 4597 790 4658 postulare,
808 4596 894 4646 utdux
910 4597 976 4645 durni
1018 4599 1108 4649 elatum
1120 4603 1144 4648 et
1156 4601 1306 4660 tumentem,
1317 4600 1348 4647 ila
1361 4601 1388 4648 ut
1403 4599 1439 4648 ilii
1449 4598 1522 4650 cerua
1538 4597 1721 4659 arrogantiore,
1740 4597 1815 4659 longe

193 4671 217 4718 in
235 4671 332 4719 occuito
347 4683 373 4720 se
385 4673 532 4732 contineret,
553 4673 594 4721 sed
607 4675 702 4734 potius,
720 4676 747 4722 ut
769 4675 838 4721 extra
853 4674 975 4723 civitatem
1019 4680 1074 4728 tuas
1083 4678 1146 4726 vires
1159 4676 1316 4736 excedentia,
1334 4677 1490 4728 denuntiares
1503 4697 1509 4727 ε
1531 4677 1648 4726 nimirum
1664 4675 1778 4738 prudeus
1790 4678 1816 4723 et

192 4749 312 4812 prodiret,
331 4751 356 4798 et
374 4750 398 4799 in
414 4754 568 4812 conspectum
591 4751 751 4800 barbarorum
769 4751 870 4800 ueniret.
892 4755 977 4814 ltaque
1019 4758 1107 4804 cautus
1117 4753 1191 4802 rebus
1202 4754 1251 4802 suis
1265 4755 1396 4816 prospexit.
1411 4758 1442 4806 ut
1452 4756 1479 4804 nt
1491 4755 1622 4804 nuncsuut
1635 4766 1685 4814 res,
1695 4755 1816 4802 ucstmm

193 4825 292 4874 uulnere
312 4829 434 4888 unguento
455 4826 528 4888 iiiito,
548 4831 629 4878 Bonus
644 4841 658 4876 a
674 4828 770 4877 medico
788 4828 901 4878 dimissus
920 4843 975 4878 cum
1019 4830 1094 4880 estad
1110 4831 1280 4892 imperatorem
1297 4831 1402 4892 legatos,
1418 4844 1479 4894 qttos
1491 4831 1535 4880 tihi
1547 4831 1676 4892 videbitur,
1695 4829 1816 4890 mitte-e,

193 4902 302 4951 barbaria
319 4904 440 4954 conuenit.
456 4906 525 4953 'lunc
538 4905 609 4968 lepati
620 4909 706 4954 mutuo
716 4919 826 4955 sermone
840 4905 977 4967 hujusmodl
1020 4910 1061 4971 qui
1071 4907 1102 4958 de
1109 4919 1169 4970 pace
1176 4908 1328 4958 conveniant.
1337 4911 1386 4958 Nec
1392 4908 1456 4958 enim
1464 4909 1587 4958 existimes
1595 4907 1681 4967 velim,
1690 4906 1716 4954 in
1727 4909 1817 4956 nostra

193 4981 273 5031 serbis
282 4984 339 5032 suat
353 4983 390 5033 usi
404 5002 411 5032 ε
423 5003 434 5027 ν
447 4991 553 5034 Avarum
565 4985 691 5047 domiuus,
706 4983 847 5047 ottomani,
857 4985 921 5046 apud
934 4999 978 5036 uos
1020 4989 1136 5049 potestate
1147 4997 1199 5036 esse
1211 4987 1343 5049 quicquam
1362 4988 1440 5049 aliter,
1460 5000 1534 5048 quam
1550 4987 1682 5049 imperator
1696 4987 1816 5046 praescri·

194 5061 247 5110 lucc
261 5073 392 5122 proponere
404 5061 482 5123 iussit.
499 5065 534 5113 Nc
552 5063 585 5114 ilii
602 5062 785 5123 succenseretis,
799 5063 819 5112 si
839 5065 924 5112 contre
936 5076 977 5114 ros
1021 5064 1107 5127 pserit„
1119 5063 1197 5114 dicere
1206 5066 1249 5113 aut
1259 5063 1344 5115 lacere.
1357 5084 1369 5108 ν
1384 5067 1441 5116 limo
1450 5063 1492 5114 ubi
1501 5066 1582 5115 licum
1591 5063 1667 5126 disit,
1677 5066 1748 5114 recta
1760 5065 1817 5126 qui·
