3916 5728
529 349 716 422 DAMONlS,
738 349 970 426 uiuocniri,
992 348 1164 411 ursinis
1185 348 1429 412 FRAGMENTA.

173 481 317 552 Βυζαντίου
330 485 451 558 scripsit,
463 484 604 558 siquidem
616 495 691 539 recte
703 484 749 538 hic
759 501 776 538 a
787 485 891 538 Nostro
906 482 952 537 di-

171 589 267 626 versus
282 581 475 646 esseputatur.

484 753 646 777 -00000—

456 913 669 1002 DAMON.

396 1111 484 1172 neri
508 1111 758 1211 urzairrior.¹

214 1279 364 1334 Athenaeus
377 1279 416 1346 X,
429 1298 461 1352 p.
481 1287 549 1355 442,
562 1277 602 1338 C:
624 1276 767 1356 Φύλαρχος
777 1280 803 1335 έν
821 1277 883 1356 ἕκτη
904 1281 955 1338 Bo·

174 1362 306 1439 ζαντίους,
321 1361 473 1443 οἰνόφλυγας
493 1362 583 1444 ὄντας,
595 1365 621 1422 έν
636 1367 689 1430 τοῖς
702 1365 854 1436 καπηλείοις
866 1367 955 1437 οίκεῖν,

174 1444 389 1526 ίκμίσθώσαντας
409 1447 468 1517 τοὺς
486 1453 585 1508 ίαυτῶν
609 1449 742 1528 θαλάμους
757 1451 889 1528 μετὰτῶν
908 1475 954 1528 γυ-

178 1541 279 1596 ναικῶν
292 1541 346 1603 τοῖς
360 1535 451 1609 ξένοις,
467 1537 593 1613 πολεμίας
608 1537 750 1617 σάλπιγγος
765 1537 818 1596 οὐδ’
831 1541 857 1597 ἔν
868 1537 957 1606 timot<

174 1625 352 1702 ὑπομένοντας
365 1625 484 1686 ἀκοῦσαι.
496 1624 543 1685 Διὸ
558 1625 603 1684 καί
617 1626 821 1703 πολεμουμένων
833 1624 896 1684 nori
907 1627 955 1684 αύ-

173 1717 238 1790 τῶν,
253 1713 298 1770 καί
312 1715 341 1770 οὗ
358 1713 620 1792 προσκαρτερούντων
634 1719 687 1780 τοῖς
697 1713 810 1792 τείχεσι,
825 1714 957 1786 Λεωνίδης

176 1806 190 1860 ὁ
204 1801 350 1879 στρατηγὸς
359 1799 479 1858 Ικέλευσε
488 1799 521 1858 sir
531 1802 663 1872 καπηλεῖα
674 1801 717 1860 ἐπί
727 1805 779 1858 τῶν
785 1805 879 1882 τειχῶν
891 1824 956 1872 σκη-

173 1894 310 1968 νοπηγεῖν,
332 1887 378 1946 καί
393 1887 467 1966 μόλις
481 1888 542 1946 ποτὲ
559 1887 708 1948 ἐπαύσαντο
722 1891 955 1967 λιποτακτοῦντες,

174 1977 210 2044 ὥς
226 2001 289 2058 φησι
299 1977 398 2054 Δάμων
409 1979 436 2035 ἐν
448 1979 486 2056 τῷ
496 1975 562 2058 ΙΙερί
577 1979 732 2046 Βυζαντίου.

216 2068 321 2124 Eadem
333 2085 368 2123 ex
389 2067 524 2122 Athenaeo
535 2067 668 2123 hauriens
681 2069 737 2123 suis
757 2068 851 2124 verbis
861 2079 958 2123 narrat

174 2157 279 2213 AElian.
291 2159 325 2212 V.
338 2157 375 2210 ΙΙ.
391 2155 447 2223 ΙΙΙ,
467 2161 512 2220 ri.
527 2151 571 2211 ei.
589 2152 741 2229 Phylarch.
763 2154 814 2228 (ir.
837 2155 890 2228 ro)
907 2174 955 2230 ap.

174 2245 277 2300 Athen.
289 2244 309 2300 l.
323 2243 342 2300 l.
353 2243 425 2297 Rem
436 2242 472 2298 ad
489 2260 523 2298 ea
544 2252 675 2317 tempora
691 2240 836 2317 pertinere
854 2243 959 2316 quibus

174 2331 332 2389 Antiochus
352 2330 589 2401 Byzantiosbello
604 2332 740 2406 petiverit
760 2330 799 2404 (c.
817 2348 864 2386 an.
883 2331 958 2386 alia-

175 2419 270 2492 258),
300 2419 424 2491 suspicio
460 2429 501 2473 est
525 2419 674 2490 Droysenii
702 2416 886 2493 (Helleuism.
914 2419 956 2486 ΙΙ,

173 2527 206 2582 p.
226 2505 312 2580 285).
325 2507 431 2561 Contra
450 2505 647 2579 Bernhardyus
664 2506 701 2560 ad
717 2506 796 2564 Suid.
820 2525 848 2564 ν.
869 2501 954 2575 Λέων,

173 2593 332 2650 Leonidcm
353 2593 475 2648 eundern
494 2611 552 2649 esse
573 2603 656 2668 putat
674 2613 740 2648 curn
760 2597 868 2650 Leonte
889 2595 959 2649 rhe-

174 2693 238 2736 tore
255 2681 436 2754 Philippique
448 2681 620 2736 adversario.
637 2682 710 2737 Vide
729 2681 827 2757 fragm.
843 2683 959 2738 Leontis

175 2769 260 2847 (tom.
273 2770 315 2838 ΙΙ,
324 2775 354 2842 p.
366 2768 443 2844 330).

218 2859 370 2912 Damonem
386 2859 563 2929 Cyrenaeum,
584 2859 634 2930 qui
651 2860 694 2913 De
708 2858 884 2932 philosophis
897 2860 960 2913 scri·

175 2947 284 3021 pserit,
303 2956 444 3000 memorat
457 2947 541 3019 Diog.
560 2947 594 3000 L.
611 2947 640 3014 1,
662 2951 695 3011 li
710 2962 716 3002 :
731 2942 828 3019 Δάμων
842 2947 856 3002 δ
869 2947 958 3023 Ιίορη-

176 3039 264 3103 ναίος,
280 3027 417 3110 γεγραφὼς
434 3029 499 3109 ΙΙερί
513 3031 565 3088 τῶν
582 3029 738 3110 ιριλοσόρων,
749 3039 828 3089 πᾶσιν
840 3031 959 3109 ἐγκαλεῖ,

175 3117 293 3196 μάλιστα
309 3117 336 3176 δὲ
350 3121 403 3183 τοῖς
417 3117 494 3176 έπτά.

490 3308 652 3333 ’.ἥθ’-

380 3464 750 3554 DAMOCRlTUS.

217 3655 319 3712 Suidas
341 3672 348 3711 :
366 3651 544 3732 Δαμόκριτος,
566 3649 701 3729 ἱστορικός.
726 3649 847 3710 Τακτικδι
867 3651 893 3708 έν
919 3656 961 3730 βι-

177 3741 258 3807 ύλίοις
281 3738 315 3818 β’.
340 3738 407 3819 Περί
431 3738 581 3798 Ἰουδαίων·
609 3729 673 3818 ἐνῷ
698 3737 776 3817 (ρηοίν
795 3735 835 3796 ότι
862 3742 962 3817 χρυσῆν

176 3829 236 3888 ὄνου
253 3825 370 3907 κεραλὴν
384 3825 557 3907 προσεκύνουν
578 3824 623 3884 καί
644 3823 713 3882 κατὰ
732 3823 871 3883 ἑπταετίαν
893 3823 962 3892 ξένον

1717 366 1773 416 377

999 501 1062 555 sqq.
1076 483 1205 538 »Bemla
1222 481 1424 560 --έπταετίαν]
1437 483 1549 560 τριετίαν
1558 487 1610 542 sub
1624 505 1651 541 v.
1665 484 1773 554 Ἰούδας.

1040 571 1319 626 Damocritumhunc
1330 573 1442 626 Jonsius
1455 572 1515 630 Ser.
1531 573 1567 630 ΙΙ.
1585 573 1655 646 phil.
1674 593 1700 646 r,
1716 582 1744 647 4,
1760 575 1776 630 5

1002 655 1046 729 (et
1059 655 1190 713 llrdlach.
1216 660 1258 712 De
1276 660 1442 712 Democrito
1463 678 1492 732 p.
1513 659 1567 732 92)
1582 661 1703 716 eundem
1719 680 1778 719 esse

999 743 1098 800 statuit
1107 761 1171 798 curn
1182 745 1327 799 Demetrio
1337 763 1421 817 quem
1432 749 1474 800 De
1482 749 1496 802 J
1500 747 1585 801 udaeis
1594 748 1698 802 librum
1708 753 1777 804 scri·

999 832 1086 904 psisse
1112 831 1210 886 dicunt
1232 831 1391 886 Alexander
1412 834 1574 906 Polyhistor
1601 847 1630 890 et
1650 836 1779 894 Clemens

1001 920 1081 972 Alex.
1100 919 1233 974 Strosnat.
1254 920 1284 986 Ι,
1303 937 1334 992 p.
1359 919 1423 985 146.
1447 922 1531 992 Quod
1548 940 1651 996 parum
1669 925 1778 998 proba-

1001 1005 1067 1062 bile.
1082 1006 1152 1061 Vide
1163 1017 1224 1064 not.
1236 1006 1273 1061 ad
1284 1007 1435 1064 Alexandr.
1449 1007 1548 1082 Polyh.
1562 1029 1592 1084 p.
1610 1010 1676 1067 208.
1686 1013 1778 1082 Quam

1000 1092 1080 1148 addit
1088 1093 1212 1148 Euducia
1223 1089 1378 1160 Αἰθιοπικὴν
1388 1091 1515 1170 ἱστορίαν,
1525 1113 1558 1150 ea
1566 1099 1663 1151 nescio
1673 1115 1708 1151 an
1716 1111 1777 1155 orta

1000 1181 1036 1234 sit
1048 1199 1081 1236 ex
1093 1181 1251 1236 Democriti
1263 1180 1405 1236 Abderitae
1414 1181 1489 1237 libro
1497 1185 1546 1256 qui
1559 1183 1702 1240 ferebatur
1711 1184 1778 1264 [ispi

1000 1269 1051 1324 τῶν
1063 1268 1089 1324 ἐν
1103 1265 1195 1345 Μερόη
1209 1269 1284 1345 ἱερῶν
1294 1266 1468 1345 γραμμάτων.

1312 1471 1473 1494 ..⁴0oe—

1257 1629 1524 1716 DEMADES.

1042 1822 1158 1879 Suidas:
1176 1819 1320 1896 Δημάδης,
1337 1819 1483 1892 Ἀθηναίος,
1496 1820 1583 1902 ῥήτωρ
1598 1823 1642 1882 καί
1656 1827 1781 1902 δημαγω-

1005 1905 1048 1985 γδς
1054 1911 1198 1986 πανοῦργος
1203 1907 1248 1965 καί
1256 1905 1380 1985 εὐτυχὴς,
1391 1907 1513 1986 πρότερον
1522 1907 1618 1980 ναύτης
1625 1909 1671 1968 ὧν.
1680 1907 1782 1992 Ἔγρα-

1001 1998 1048 2074 ψεν
1063 1994 1251 2071 ’λπολογιαμδν
1265 1994 1328 2074 πρὸς
1342 1995 1516 2072 Ὀλυμπιάδα
1533 2000 1579 2065 τῆς
1595 2001 1689 2058 ἑαυτοῦ
1702 2003 1781 2060 δωδε-

1002 2081 1302 2161 καετίας,”Ιστορίαν
1318 2082 1392 2160 περί
1415 2082 1525 2153 Δήλου
1548 2083 1602 2141 καί
1625 2089 1680 2157 τῆς
1698 2089 1781 2165 γενέ-

1003 2194 1080 2236 σεως
1093 2173 1153 2227 τῶν
1165 2173 1288 2239 Λητοῦς
1303 2192 1345 2226 πα
1356 2169 1440 2229 ίδων.

1042 2259 1183 2316 Demades
1203 2258 1375 2333 demagogus
1397 2261 1534 2334 scriptum
1554 2262 1670 2336 reliquit
1692 2265 1777 2332 nihil,

1003 2351 1046 2403 uti
1058 2347 1174 2402 tradunt
1186 2345 1286 2405 Cicero
1298 2347 1384 2416 Brut.
1402 2366 1420 2420 9
1437 2358 1465 2402 et
1476 2349 1657 2418 Quinctilian.
1676 2353 1715 2421 ΙΙ,
1735 2373 1782 2424 17,

1008 2435 1058 2506 ¹33
1070 2437 1147 2512 xli,
1163 2453 1197 2490 ro
1209 2475 1216 2502 ,
1229 2441 1276 2508 49.
1289 2436 1383 2505 Quare
1393 2435 1471 2507 quod
1483 2449 1669 2510 superstesest
1681 2443 1784 2497 oratio·

1004 2525 1046 2579 nis
1063 2523 1130 2600 Περὶ
1149 2519 1344 2598 δωδεκαετίας-ί
1355 2521 1498 2596 338-3ε6)
1515 2523 1702 2600 fragmentum
1720 2549 1785 2605 sup·

1004 2611 1168 2686 positicium
1179 2628 1237 2665 esse
1251 2610 1305 2664 viri
1318 2610 1396 2666 docti
1402 2609 1571 2682 judicarunt
1588 2613 1627 2686 (ν.
1646 2633 1717 2688 quos
1728 2619 1785 2672 lau·

1006 2699 1056 2754 dat
1067 2701 1273 2756 Westermann.
1298 2699 1397 2756 Gesclr.
1418 2700 1447 2754 d.
1466 2718 1509 2772 gr.
1523 2702 1637 2756 Bereds.
1658 2701 1782 2779 54‚16).

1005 2787 1095 2842 ΜιιΙιο
1105 2787 1197 2840 minus
1205 2786 1370 2860 persuaderi
1379 2787 1433 2841 sibi
1444 2788 1545 2861 aliquis
1556 2791 1680 2863 patietur
1687 2793 1786 2848 Dema·

1006 2875 1070 2930 deni
1089 2875 1175 2930 istum
1195 2875 1238 2929 De
1256 2875 1329 2929 Delo
1347 2875 1439 2929 nuilla
1457 2873 1575 2948 ejusque
1596 2877 1698 2933 iabulis
1715 2899 1786 2953 opus

1006 2964 1207 3037 composuisse.
1217 2961 1344 3016 Dubium
1354 2962 1403 3016 vix
1411 2972 1452 3016 est
1462 2963 1549 3016 alium
1557 2965 1700 3036 quendam
1709 2967 1784 3037 ejus·

1007 3049 1071 3105 dem
1080 3050 1126 3106 vei
1134 3049 1231 3104 similis
1239 3049 1363 3102 nominis
1375 3047 1469 3103 virum
1478 3068 1542 3104 curn
1551 3061 1664 3106 oratore
1676 3053 1786 3109 aSuida

1005 3127 1151 3188 confundi.
1160 3127 1393 3202 (VAEabriciusB.
1402 3127 1505 3197 univ,
1513 3148 1543 3202 p.
1552 3135 1605 3194 iar
1616 3131 1785 3198 3Ruhnlien.

1006 3217 1078 3273 liist.
1095 3216 1158 3273 crit.
1170 3225 1244 3271 orat.
1257 3215 1274 3288 §
1287 3213 1350 3288 73.)
1367 3215 1569 3288 Fragmentum
1581 3213 1674 3271 habeo
1684 3237 1783 3277 unum.

1045 3303 1140 3364 Schol.
1153 3303 1268 3360 ilesiod.
1278 3302 1384 3376 Theog.
1395 3301 1509 3376 9r3‚de
1520 3305 1688 3377 Proserpina
1699 3323 1706 3361 :
1717 3301 1785 3382 Ἡρ-

1006 3387 1107 3447 πάσθαι
1123 3385 1151 3446 δέ
1168 3385 1248 3458 αὐτήν
1259 3408 1338 3467 φασιν
1349 3388 1373 3444 οἱ
1389 3385 1436 3462 μὲν
1454 3388 1484 3444 ix
1499 3386 1634 3460 Σικελίας,
1648 3389 1787 3468 Βακχυλί-

1007 3475 1053 3546 δης
1063 3474 1090 3534 δΙ
1102 3478 1132 3534 έκ
1148 3473 1267 3554 Κρήτης,
1290 3471 1401 3553 Ὀρφεύς
1416 3476 1445 3532 ix
1464 3477 1516 3533 τῶν
1529 3475 1588 3554 περὶ
1606 3474 1650 3534 τὸν
1672 3477 1787 3540 ὠκεανὸν

1006 3563 1102 3636 τόπων,
1116 3561 1274 3638 Φανόδημος
1289 3560 1316 3619 δὲ
1338 3561 1391 3619 ἀπὸ
1403 3566 1450 3634 τῆς
1462 3561 1591 3636 Ἀττικῆς,
1611 3564 1739 3639 Δημάδης
1759 3564 1786 3624 ii
1801 3581 1804 3590 “

1007 3651 1033 3708 ἐν
1048 3649 1152 3715 νάπαις.

1047 3735 1193 3813 Δημάδης]
1203 3755 1264 3794 var.
1277 3738 1344 3794 lect.
1357 3736 1475 3812 Δημέας,
1483 3737 1614 3814 Δημαίας.
1624 3739 1735 3816 (Etym.
1744 3743 1786 3800 ili.

1007 3847 1038 3902 p.
1055 3825 1127 3898 265,
1146 3845 1179 3882 ra
1196 3846 1202 3881 :
1217 3822 1269 3882 άπὸ
1282 3830 1328 3883 τοῦ
1340 3825 1447 3901 Δημέας
1455 3824 1552 3902 γίνεται
1566 3826 1722 3900 Δημεάδης,
1742 3827 1787 3886 καὶ

177 3919 329 3994 ἀγρεύοντες
348 3913 516 3995 προσέφερον,
536 3913 581 3971 καί
605 3911 674 3971 κατὰ
696 3911 780 3970 λεπτά
797 3913 844 3980 τὰς
865 3912 964 3992 σάρκας
1008 3911 1231 3990 κατὰσυναίρεσιν
1243 3909 1394 3990 Δημάδης.)
1408 3911 1464 3969 Pro
1476 3914 1502 3969 έν
1514 3910 1608 3979 νάπαις
1619 3915 1717 3974 Ebert.
1730 3916 1789 3992 (Σι-

178 4003 312 4076 διέξαινον,
324 4003 369 4060 καί
384 4001 463 4068 οὕτως
480 3999 619 4081 οίνῄρουν.Δ
1009 3997 1101 4056 κελιών
1115 4019 1146 4074 p.
1167 4001 1217 4073 ro)
1236 4001 1388 4074 proposuit
1406 3999 1434 4054 ἐν
1447 3997 1553 4065 Nineue
1573 4001 1619 4056 vel
1639 4001 1669 4058 έκ
1692 4001 1788 4070 Νάπης

219 4093 348 4148 Eudocia
359 4112 389 4167 p.
405 4089 823 4166 τοδροειν.Ἰουδαίωνρετςίιι
839 4089 959 4148 Alium·
1009 4088 1123 4165 (steph.
1139 4090 1172 4145 B.
1188 4085 1285 4162 Νάπη,
1295 4083 1369 4151 πόλις
1388 4084 1517 4160 Λέσόοοί.
1531 4091 1584 4146 Cui
1607 4100 1701 4145 tamen
1715 4109 1787 4146 con-

178 4177 227 4250 κήν
237 4177 354 4257 ἱστορίαν
365 4177 409 4236 καί
424 4177 503 4239 ἄλλα.
517 4211 557 4223 -
570 4175 628 4236 ὄνου
643 4175 776 4257 κεφαλὴν]
788 4179 893 4235 Eadem
908 4180 960 4234 sub
1006 4178 1125 4250 jecturae
1136 4176 1313 4250 mythologie
1327 4174 1478 4232 noniavet.
1493 4174 1593 4232 Posses
1605 4197 1612 4231 ι
1624 4177 1650 4232 ἐν
1665 4173 1788 4254 [Ἔννας]

177 4289 208 4326 ν.
221 4265 325 4332 Ἰούδας
336 4271 449 4343 repetit.
466 4293 478 4318 ι
495 4271 537 4324 De
548 4268 685 4323 iabellav.
694 4269 813 4341 interpr.
821 4267 857 4322 ad
868 4269 960 4324 Tacit.
1010 4264 1112 4330 νάπαις.
1130 4267 1202 4320 Nam
1228 4264 1253 4320 ts
1268 4261 1321 4327 τοῖς
1331 4264 1441 4336 λειμῶσι
1457 4269 1509 4328 τοῖς
1529 4261 1598 4321 κατὰ
1623 4261 1670 4334 riis
1691 4261 1789 4324 Ἔνναν

180 4357 254 4413 Ηίει.
271 4359 306 4430 V,
322 4363 379 4421 iet
393 4353 524 4410 Paullum
534 4352 645 4412 Comm.
658 4357 687 4408 in
697 4357 732 4414 N.
743 4357 775 4412 T.
790 4355 849 4424 ΙΙΙ,
861 4374 891 4428 p.
907 4352 961 4410 152
1011 4353 1181 4428 Proserpina
1195 4363 1277 4428 rapta
1299 4369 1355 4407 sec.
1371 4352 1492 4410 Diodor.
1512 4355 1546 4422 V,
1561 4352 1590 4428 3,
1609 4355 1725 4410 Aristot.
1738 4355 1790 4410 illi·

555 4549 560 4565 .
1007 4516 1041 4564 ilii
1058 4515 1155 4566 ordines
1173 4515 1297 4578 δειετοτε,
1317 4514 1388 4565 sicuti
1412 4515 1494 4564 nursi
1516 4517 1610 4566 Βειοοιι
1628 4517 1653 4566 in
1673 4516 1736 4567 libro
1755 4521 1790 4568 De

433 4547 483 4606 lili
503 4545 705 4606 BYLANTIO.
1009 4592 1131 4654 Byzantio.

211 4674 361 4737 Phylarchus
373 4675 434 4725 libro
445 4677 513 4726 sexto
525 4676 653 4738 Byzantios
662 4675 695 4724 sit
707 4675 740 4724 ita
751 4675 846 4724 vinosos
859 4687 922 4735 esse,
936 4677 964 4724 nt
1040 4671 1201 4733 Damocritus,
1212 4671 1351 4732 historicus,
1365 4671 1459 4734 scripsit
1471 4673 1623 4722 Tactlcorum
1633 4673 1706 4723 libros
1715 4672 1790 4734 duos,

179 4753 206 4800 in
221 4751 339 4813 cauponis
350 4751 457 4802 habitent
466 4789 473 4812 ‚
483 4765 539 4801 suas
549 4751 613 4801 edes
627 4751 698 4802 simul
715 4764 773 4800 eum
786 4751 902 4800 uxoribus
912 4751 963 4801 elo·
1009 4749 1066 4798 item
1075 4748 1105 4797 de
1114 4748 1206 4798 iudaeis
1220 4769 1225 4798 :
1237 4749 1261 4798 in
1270 4749 1475 4812 quooperelradit
1484 4763 1525 4800 eos
1536 4763 1637 4800 aureum
1649 4752 1707 4800 asini
1719 4753 1791 4812 capnt

181 4831 265 4878 οεοίεε
274 4829 416 4892 peregrinis;
425 4829 516 4880 bellice
525 4830 591 4880 tube
600 4843 686 4880 sonum
696 4843 727 4879 ne
736 4829 761 4878 in
772 4841 856 4878 mnino
866 4829 963 4891 quidem
1009 4826 1122 4887 adorare,
1133 4828 1158 4875 et
1173 4827 1275 4889 septimo
1289 4839 1385 4888 quoque
1399 4839 1462 4876 anno
1476 4827 1627 4889 peregrinum
1641 4831 1738 4889 captum
1750 4841 1789 4877 ss·

180 4907 297 4956 exaudire
315 4907 467 4958 sustinentes.
491 4911 573 4970 itaque
591 4907 721 4971 aliquando
738 4921 815 4970 quum
828 4907 892 4956 bello
910 4907 965 4970 ipsis
1010 4903 1116 4954 crillcnre
1127 4905 1151 4952 et
1163 4904 1312 4966 interlicere,
1324 4917 1396 4955 earne
1408 4905 1459 4966 ejus
1469 4905 1607 4954 minutatim
1617 4905 1727 4954 dissecta.

180 4984 249 5034 illato
260 4985 367 5035 laborem
377 4999 508 5049 curamque
519 4987 662 5036 tuendorum
671 4999 797 5035 murorum
809 4999 856 5035 non
867 4987 964 5046 terrent,
1042 4983 1205 5046 Proserpinam
1219 4985 1311 5046 raptam
1322 4983 1489 5032 essenomulli
1499 4981 1583 5031 dicunt
1596 4996 1610 5031 e
1625 4983 1719 5042 Sicilia,
1730 4984 1790 5032 lise-

182 5061 356 5113 Lsonidesdnx
366 5063 438 5124 jussit
450 5066 477 5113 ut
487 5076 623 5126 cauponum
630 5064 734 5114 tentoria
746 5077 818 5126 super
827 5063 966 5126 ipsismuris
1010 5061 1115 5124 eiiylidss
1124 5074 1138 5111 ο
1147 5063 1232 5123 creta,
1242 5061 1350 5124 orpheus
1362 5073 1376 5110 e
1386 5060 1444 5109 loeis
1452 5059 1482 5108 sd
1490 5062 1612 5109 oceanum
1625 5058 1688 5120 sitis,
1703 5059 1791 5110 riano·

184 5141 329 5204 trecentum
347 5155 397 5204 quo
414 5143 477 5193 iacto
488 5157 550 5206 aegre
562 5144 658 5194 tandem
671 5144 775 5194 obtinuit
788 5147 814 5193 ut
831 5141 965 5192 desisterent
1011 5141 1094 5192 demus
1104 5155 1133 5189 ex
1147 5143 1240 5204 Attica,
1256 5139 1372 5190 Demades
1382 5152 1437 5188 vero
1450 5139 1506 5188 e**.
