3890 5726
852 367 1105 432 assensum.
1658 325 1666 338 ’
1709 371 1769 430 eos

169 503 237 582 μιτδ
255 499 368 576 τὴντῶν
383 498 405 572 ζ’
420 502 484 562 ίτῶν
497 495 680 581 παραδρομὴν,
700 500 748 559 οὐκ
761 499 786 567 i<
802 498 945 577 άναόολήν,
994 497 1203 580 είρηνοπάτριος,
1224 503 1332 580 ἀρχαῖος
1343 497 1478 578 Χοσρόης,
1495 496 1616 576 βασιλεὺς
1625 496 1770 578 βασιλέων,

168 592 337 652 κατατιθέναι
350 593 402 648 τῶν
419 590 519 649 λοιπῶν
538 591 616 667 τριῶν
631 589 697 646 tect
717 586 765 658 τήν
786 587 947 646 συντέλειαν·
994 586 1120 666 εὐτυχής,
1134 585 1255 658 eiectis,
1277 587 1447 664 ἀγαθοποιός,
1462 577 1533 666 ᾧτινι
1547 589 1570 644 οἱ
1587 585 1639 645 θεοί
1653 584 1771 664 μεγάλην

168 672 217 740 εἶθ’
238 679 306 739 οὕτω
326 676 385 736 καθ’
406 675 515 735 ἕκαστον
538 673 594 742 ίτος
618 673 767 755 πορίζεσθαι
790 673 895 751 Πέρσας
917 671 949 732 τδ
992 673 1075 753 τόχην
1089 673 1134 732 καὶ
1151 673 1267 751 μεγάλην
1283 671 1418 752 βασιλείαν
1437 670 1576 746 δεδώκασι,
1589 671 1664 751 γίγας
1681 671 1772 748 γιγάν·

168 766 314 848 ὡρισμένον
329 767 497 825 ἐνιαυσιαῖον.
520 760 614 830 Ἔδοξε
628 761 655 820 δδ
672 761 718 820 καλ
732 760 852 842 περὶτοῦ
866 783 948 818 κατα·
993 786 1056 838 των,
1068 761 1096 829 θς
1108 763 1138 819 ίκ
1148 765 1212 820 θεῶν
1219 761 1450 841 χαρακτηρίζεται,
1461 759 1635 838 Ἰουστινιανῷ
1646 757 1772 838 Καίσαρι,

168 855 301 934 σκαφήναι
310 851 354 911 τδν
364 847 536 930 μονασιήριον
548 839 618 910 οἶκον
628 849 672 908 τόν
681 848 820 925 λεγόμενον
832 847 948 908 Σεθανδν
994 851 1098 930 ἀδελφῷ
1113 847 1243 928 ἡμετέρῳ.
1266 875 1279 901 ν
1297 847 1332 914 ‘ti
1355 847 1401 923 μίν
1418 837 1461 907 τόν
1484 845 1624 928 προγραφὴ
1647 844 1715 905 otro
1734 867 1772 922 πη

168 939 215 1000 καὶ
224 935 361 1019 ἱδρυμένον
371 938 398 996 tu
408 937 461 1002 τοῖς
473 935 612 1016 μεθορίοις,
627 934 673 994 καί
683 935 865 1016 ἀπολήψεσθαι
879 933 950 996 Ῥω·
995 937 1096 1008 ἐδήλου,
1106 936 1172 1014 ἀτὰρ
1186 933 1319 1012 ἡδόναμις
1332 937 1383 992 τῶν
1394 935 1538 1013 λεχθέντων
1547 932 1633 992 τοιάδε
1643 935 1770 1011 ὑπῆρχεν.

168 1027 263 1104 μαίους
272 1027 316 1084 τὸν
327 1024 416 1095 τόπον,
427 1022 567 1099 Ῥωμαίων
579 1021 626 1098 μέν
636 1025 788 1081 καθεστῶτα
799 1023 844 1079 ἀπ’
856 1024 949 1101 ἀρχῆς,
995 1023 1106 1101 Είποιμι
1120 1023 1148 1083 δδ
1164 1022 1246 1094 αὐτήν
1260 1045 1289 1099 γε
1306 1021 1394 1092 δήπου
1407 1025 1458 1080 τῶν
1470 1022 1554 1100 λόγων
1566 1022 1613 1090 τήν
1627 1019 1772 1092 συνθήκην·

168 1115 280 1187 Περσῶν
293 1111 320 1172 δέ
338 1109 614 1192 παρασπονδησάντων
635 1109 680 1169 καί
699 1111 726 1168 ἐν
741 1113 842 1188 κατοχῇ
857 1109 948 1168 τούτου
995 1113 1136 1188 ἀναγκαῖον
1150 1110 1201 1189 γάρ
1216 1109 1297 1188 ἔγωγε
1311 1109 1399 1191 ᾠήθην
1419 1114 1534 1189 χρῆσθαι
1554 1109 1602 1168 οὗκ
1621 1107 1723 1178 άλλως,
1738 1109 1773 1172 ὣς

167 1202 221 1273 ήδη
236 1198 391 1280 γενομένων,
402 1197 484 1276 τείχει
495 1219 522 1256 τε
534 1196 786 1277 κατησφαλισμένων
799 1198 828 1255 τὸ
839 1196 949 1269 ίλαστή·
995 1197 1026 1258 δν
1042 1199 1079 1276 μὴ
1092 1198 1254 1270 θποτοπήσοι
1266 1221 1304 1264 τις
1321 1195 1398 1276 έτέρφ
1416 1196 1510 1278 φράσει
1521 1193 1734 1274 παρατιτράφθαι
1748 1217 1773 1250 τι

168 1311 235 1368 praa.
252 1290 288 1348 Oi
299 1287 326 1346 δδ
337 1284 406 1344 ἀλλὰ
419 1285 471 1365 γάρ
481 1283 541 1344 οὔτε
555 1285 580 1352 te
591 1285 679 1344 τίλιον
693 1282 875 1366 κατέσκαψαν,
891 1284 950 1344 οὔτι
998 1290 1050 1344 τῶν
1064 1288 1168 1358 άληθῶς
1185 1328 1219 1346 ...
1240 1275 1309 1364 εἶχεν
1327 1282 1411 1343 οὕτω·
1433 1311 1446 1337 ι
1460 1283 1545 1362 Χάριν
1564 1281 1775 1360 ἀπονέμομεντῇ

167 1374 223 1453 μὴν
244 1373 403 1455 θνεχείρισαν
426 1371 577 1449 Ῥωμαίοις.
598 1370 692 1432 Ταῦτά
710 1395 750 1431 τοι
768 1371 827 1431 οὐδέ
844 1375 872 1432 έν
892 1375 950 1440 ταῖς
996 1371 1152 1452 ἀδελφότητι
1166 1371 1358 1452 ταῶΚαίσαρος
1370 1371 1430 1451 περὶ
1443 1373 1489 1440 τῆς
1502 1369 1592 1450 χρείας
1607 1373 1654 1440 τῆς
1670 1368 1774 1449 εἰρήνης

168 1460 294 1524 σπονδαῖς
306 1457 456 1539 έμφίρεται.
468 1455 614 1536 Ἐστέρχθη
625 1457 652 1516 δέ
664 1455 734 1516 ὥστε
746 1456 793 1525 τὰς
809 1459 951 1537 λεγομένας
996 1463 1043 1531 τῆς
1065 1457 1161 1536 μιταίίι
1182 1457 1281 1518 τοάτων
1301 1461 1353 1516 τῶν
1375 1457 1421 1516 δύο
1438 1459 1586 1517 πολιτειῶν.
1607 1454 1701 1534 Ἡμεῖς
1725 1454 1773 1532 μὲν

166 1549 202 1627 τῇ
216 1546 337 1608 Λατίνων
352 1543 480 1626 διαλέκτῳ
494 1544 594 1624 σάκρας
607 1543 634 1612 ἐξ
645 1545 740 1624 ἀμφοῖν
752 1552 807 1604 τοῖν
820 1544 950 1623 βασιλέοιν
996 1544 1211 1625 Ἰἐσδεγουσνδιφ,
1227 1545 1289 1624 θείῳ
1302 1541 1521 1626 ιἰουθιιιουλαρίῳ,
1541 1543 1715 1619 ἐκελεύσαμεν
1729 1547 1776 1602 καί

168 1635 253 1694 αὐτοῦ
280 1637 494 1709 ἐπικομισθῆναι,
521 1629 722 1699 ίπιθεθαιοάσας
753 1630 872 1705 ἅπαντα,
900 1631 950 1692 θσα
1001 1632 1117 1702 ἐξουσίαν
1127 1631 1472 1712 δεδώκαμεν·ήιἰδελφότητ
1482 1637 1527 1690 τοῦ
1539 1632 1672 1711 Καίσαρος
1682 1629 1777 1710 Πέτρῳ

168 1720 235 1800 πρὸς
248 1723 300 1779 τῶν
321 1717 457 1799 aptasset
472 1719 656 1796 spissantem
677 1719 814 1799 ίτάγχαντ.
828 1719 883 1780 Καί
897 1719 950 1779 τοί·
996 1721 1135 1800 μαγίστρῳ
1147 1723 1199 1778 τῶν
1220 1719 1362 1797 Ῥωμαίων
1380 1719 1426 1778 κοιλ
1447 1717 1568 1798 Εὗσεόίῳ
1588 1718 1708 1777 ἐκέλευσε
1728 1717 1775 1774 καί

169 1831 216 1868 νυν
230 1805 265 1866 τά
286 1807 374 1866 τοιοίδε
394 1805 493 1877 ἐστάλη
515 1805 615 1864 αὐτόθι.
637 1805 793 1876 Ξυνέθησαν
815 1805 843 1865 δί
863 1807 909 1865 καί
925 1809 951 1874 ἐς
995 1807 1112 1876 θξουσίαν
1127 1805 1221 1866 δέδωκε
1241 1807 1357 1878 λαλῆσαι
1376 1806 1422 1865 καὶ
1439 1801 1605 1886 τρακταίσαι.
1623 1803 1679 1865 Καί
1694 1807 1708 1862 θ
1722 1803 1776 1882 Ζίχ

167 1900 262 1968 τοῦτο,
277 1891 345 1952 ῶστε
358 1891 429 1952 κατδι
443 1891 505 1969 μίαν
526 1895 619 1972 μοῖραν
636 1894 769 1972 προελθεῖν
782 1895 831 1965 τήν
851 1897 950 1954 καλου·
994 1895 1040 1954 καλ
1053 1899 1068 1954 θ
1082 1893 1220 1974 λεγόμενος
1230 1893 1303 1974 παρὰ
1314 1891 1457 1971 Ῥωμαίοις
1468 1893 1610 1972 μάγιστρος
1631 1892 1677 1951 καλ
1692 1891 1778 1952 Εὐσέ-

168 1979 408 2060 μίνηνσάκρανίκ
417 1983 462 2038 τοῦ
477 1978 620 2057 Ῥωμαίων
634 1979 779 2060 βασιλέως,
794 1981 950 2064 έπιψηφιζο·
995 1981 1050 2048 ὄιος
1071 1979 1106 2040 τά
1121 1980 1182 2060 περὶ
1194 1983 1242 2051 τῆς
1256 1980 1360 2060 είρήνης
1381 1983 1471 2048 κοινῶς
1489 1979 1621 2050 ἐλάλησαν
1633 1978 1679 2038 καί
1699 1979 1778 2058 tepet-
1839 1971 1846 1981 ⁸

167 2067 253 2145 μένην
265 2067 327 2146 περὶ
343 2069 396 2125 τῶν
412 2063 644 2144 προδοθησομίνων
655 2065 804 2146 χρημάτων
821 2071 868 2139 τῆς
880 2090 950 2148 τριε·
994 2069 1115 2141 κτάῑσαν,
1125 2067 1171 2127 καί
1182 2067 1321 2126 ίτύπωσαν
1330 2066 1377 2138 τήν
1390 2066 1496 2148 εἰρήνην
1509 2065 1672 2136 πεντήκοντα
1688 2067 1777 2125 ἐνιαυ-

168 2154 228 2221 τίας
240 2153 310 2231 μετά
323 2153 366 2212 τδν
377 2151 487 2230 teinpus
496 2153 623 2226 ἐνιαυτὸν,
633 2156 667 2220 ῶς
679 2153 856 2224 καταθήσουσι
867 2160 950 2214 ταῦτα
996 2159 1057 2228 τῶν,
1068 2157 1114 2215 καί
1124 2153 1242 2236 έγγραφα
1251 2152 1345 2221 πάντες
1353 2152 1524 2234 ἐσφράγισεν.
1535 2153 1628 2231 Ἡμεῖς
1636 2145 1681 2212 οὖν
1690 2152 1777 2232 [καθ’]

168 2240 303 2318 Ῥωμαῖοι
323 2239 448 2320 Πέρσαις.
471 2239 608 2319 Ἐκυρώθη
632 2239 685 2320 [δέ]
707 2238 775 2300 ὥστε
793 2241 839 2300 καλ
853 2245 883 2302 ίκ
903 2247 950 2302 τοῦ
997 2243 1042 2303 δθ
1058 2244 1112 2323 Ζλχ
1122 2243 1193 2302 καλθ
1208 2242 1349 2322 μοίγιστρος
1362 2245 1414 2301 τῶν
1429 2239 1571 2317 Ῥωμαίων
1585 2241 1631 2299 καλ
1647 2239 1776 2306 Εὖσέόιος

171 2328 304 2409 βασιλέως
320 2330 432 2408 Περσῶν
450 2326 589 2406 ὁμολογίαν
604 2330 630 2386 ἐν
646 2327 786 2408 γράμμασι
807 2331 951 2410 προελθεῖν,
995 2329 1131 2403 ἐποίησαν,
1145 2327 1256 2409 βεόαίως
1269 2329 1364 2410 ἔχομεν
1379 2327 1426 2400 τήν
1440 2327 1554 2473 εἰρήνην,
1568 2327 1614 2386 καί
1626 2326 1775 2406 ίμμίνομεν

168 2421 221 2489 ὣς,
236 2415 315 2486 ήνίκα
328 2415 480 2496 πορίσαιντο
494 2417 597 2492 Πέρσαι
607 2417 659 2474 τῶν
669 2420 748 2495 τριῶν
762 2418 826 2475 έτῶν
838 2417 868 2474 τὸ
880 2419 951 2498 θφει·
995 2419 1092 2483 αὐτοῖς.
1107 2444 1120 2470 ι
1135 2415 1215 2476 Οὗτοι
1229 2415 1279 2494 μίν
1290 2416 1333 2475 ἐπί
1346 2414 1439 2486 λέξεως
1452 2439 1464 2474 ε
1475 2437 1530 2496 χεν.
1540 2414 1737 2493 Ὁμοιοτρόπως
1749 2412 1777 2473 δέ

168 2503 281 2580 λόμενον
291 2503 409 2582 χρυσίον,
419 2503 522 2580 βασιλεῖ
533 2499 715 2579 Ῥωμαίωντὸ
725 2502 786 2585 περὶ
796 2508 843 2563 τοῦ
851 2507 951 2562 τοιοῦδε
995 2505 1041 2563 καλ
1055 2509 1072 2575 b
1093 2509 1139 2564 τοῦ
1153 2503 1296 2582 Ῥωμαίων
1309 2502 1438 2583 βασιλέως
1450 2503 1591 2582 ἐτύγχανεν
1602 2492 1668 2560 οάσα
1682 2504 1780 2578 ὁμολο-

171 2588 347 2670 βεόαιωτικδν
367 2589 554 2660 άναδοθήσεται
568 2589 690 2670 γράμμα.
712 2589 747 2652 Ἡ
763 2589 811 2667 μίν
821 2596 868 2650 τοῦ
882 2589 950 2653 Ῥω·
995 2591 1055 2668 γία,
1069 2591 1131 2651 άνιυ
1142 2594 1188 2663 τῆς
1198 2594 1350 2672 προγραφῆς
1360 2581 1392 2662 ής
1405 2579 1461 2670 εἶχε
1474 2589 1505 2648 τδ
1519 2589 1651 2669 βασίλειον
1664 2589 1776 2668 γράμμα

171 2677 252 2754 pateo
266 2677 460 2758 αὐτοκράτορος
478 2676 539 2758 περλ
552 2681 599 2750 τῆς
619 2677 721 2758 εἰρήνης
742 2677 886 2756 ὁμολογία,
902 2677 952 2749 τήν
996 2677 1028 2737 τδ
1045 2677 1186 2760 Περσικόν.
1210 2677 1265 2738 Καὶ
1279 2679 1306 2735 ἐν
1320 2679 1430 2736 τοιοῖσδε
1449 2675 1595 2755 θξάλλογος
1610 2676 1778 2747 διελύθησαν.

171 2764 270 2838 συνήθη
285 2763 401 2846 φέρουσα
412 2764 576 2846 προγραφὴν,
589 2764 717 2845 γνώριμος
730 2766 793 2843 ήμῖν
807 2769 833 2833 ίς
849 2764 882 2824 τά
894 2765 951 2843 μά·
996 2766 1043 2827 Ἐν
1056 2765 1083 2823 δέ
1093 2763 1126 2836 δή
1135 2764 1211 2846 ἑτέρῳ
1221 2763 1364 2834 ξυνελεόσει
1374 2767 1600 2845 μιγαλαυχοῦντος
1614 2769 1659 2823 τοῦ
1671 2764 1725 2843 Ζίχ
1734 2764 1780 2822 καλ

168 2855 248 2912 λιστα
261 2854 398 2932 τυγχάνει·
423 2857 440 2924 ἡ
454 2853 480 2911 δὲ
496 2859 541 2913 τοῦ
552 2855 662 2930 Περσῶν
675 2852 803 2931 βασιλέως
812 2852 951 2933 γράμμασι
999 2852 1042 2911 tiri
1056 2851 1161 2933 Χοσρόη
1176 2853 1277 2932 βασιλεῖ
1290 2851 1454 2932 κομπολογίρ
1469 2851 1622 2932 χρωμένου,
1636 2849 1780 2932 φάσκοντός

170 2941 220 3016 μέν
234 2941 338 3020 ἐγράφη
364 2931 563 3019 Περσικοῖς,τῇ
587 2939 614 2998 δέ
634 2939 772 3013 Ἑλληνίδι
792 2945 865 3020 φωνῇ
883 2938 953 2998 κατδ
1001 2961 1029 2998 τε
1054 2943 1089 3005 ὡς
1115 2938 1291 3018 όμαχόιτατός
1313 2940 1342 2998 τέ
1369 2941 1424 2998 ἐστι
1448 2940 1494 2997 καί
1517 2939 1591 3005 νίκας
1613 2937 1781 3016 περιεόάλετο

170 3031 258 3086 ταῦτα
272 3026 400 3098 δήπουθεν
415 3026 500 3106 ἴσχάει
514 3026 547 3086 τά
570 3027 689 3110 ῥήματα·
706 3055 718 3080 τ
733 3028 825 3101 Θεῖος,
840 3027 951 3106 ἀγαθὸς,
1001 3025 1114 3099 πολλίις,
1130 3027 1176 3086 καὶ
1187 3029 1221 3093 ὡς
1235 3026 1261 3094 ἐξ
1278 3018 1308 3085 οδ
1328 3027 1422 3108 χρόνου
1436 3025 1483 3098 τήν
1497 3027 1599 3108 κίδαριν
1619 3026 1780 3098 ἀνεδήσατο,

171 3194 254 3244 marn
265 3195 418 3258 repterruiuur
427 3194 729 3258 penderetur;deindeper
739 3195 957 3260 reliquossinguios
1002 3194 1146 3256 Gigantum,
1168 3195 1198 3243 ad
1210 3194 1310 3245 deorum
1327 3195 1450 3256 exemplar
1466 3193 1625 3256 compositus,
1645 3193 1783 3244 ,Iustiniana

171 3283 250 3320 annos
266 3285 300 3321 ex
313 3272 474 3322 consentione
486 3271 574 3322 soiutio
586 3271 661 3322 beret.
676 3274 763 3322 Actum
774 3285 871 3335 quoque
881 3275 918 3322 est
928 3271 959 3322 de
1001 3273 1107 3334 casuri,
1130 3273 1197 3323 tratri
1214 3275 1305 3324 nostro.
1319 3292 1332 3317 ν
1345 3274 1425 3335 Atque
1435 3272 1557 3334 inscriptio
1567 3272 1619 3322 erat
1631 3270 1779 3332 hujusmodi.

172 3345 290 3397 diruenda
299 3348 432 3398 monmtica
441 3345 596 3410 domoque
606 3349 714 3399 secunus
722 3353 831 3408 roratur,
840 3347 959 3398 aedificata
1002 3351 1133 3401 visentem
1141 3349 1781 3414 eorum,qureeomprebensasunttitteris,taiisiuit.

171 3423 200 3474 in
208 3423 359 3486 continebor,
370 3425 441 3487 cuius
451 3437 532 3475 ereum
543 3425 645 3476 Romani
656 3427 801 3490 acciperent.
817 3427 911 3476 Etenim
927 3425 959 3476 ab
1001 3427 1110 3479 liciarum
1120 3441 1164 3489 ego
1174 3430 1249 3490 ipsam
1260 3427 1389 3478 uerborum
1398 3428 1545 3478 structuram
1554 3428 1580 3477 et
1592 3425 1782 3488 dispositionem.

174 3501 245 3549 initio
254 3502 420 3552 Romanorum
431 3501 525 3552 iuerat:
533 3501 633 3552 sedmm
642 3507 811 3566 Pammenem
822 3515 905 3566 pacem
915 3516 958 3552 ru·
1003 3506 1165 3557 Necessarium
1174 3507 1239 3556 enirn
1252 3518 1304 3558 esse
1313 3506 1372 3555 duxi
1385 3518 1434 3556 uon
1442 3505 1513 3556 aiiter
1525 3505 1619 3568 iacere,
1636 3518 1668 3556 ne
1679 3504 1733 3568 quis
1743 3517 1784 3554 su·

173 3577 279 3640 pisscnt,
288 3581 477 3640 occupaverant,
486 3582 512 3630 et
520 3593 596 3643 quum
604 3581 628 3630 in
639 3581 689 3644 ejus
698 3580 891 3644 possessiouediu
900 3581 958 3630 iuis·
1002 3583 1134 3646 spicaretur
1142 3595 1174 3634 ex
1186 3583 1287 3633 tentate
1298 3582 1388 3645 aliquid
1397 3596 1413 3632 a
1423 3595 1463 3632 me
1471 3582 1637 3633 immutatum.
1647 3585 1706 3633 Huc
1715 3583 1750 3632 sic
1758 3594 1785 3632 se

172 3655 405 3714 ambuans-,aedem
423 3656 686 3720 moenibussepseraut
697 3661 750 3709 Non
763 3661 847 3708 tamen
859 3657 893 3706 iiii
905 3669 959 3707 eam
1003 3658 1095 3710 babent
1107 3678 1115 3709 ι
1129 3676 1142 3704 ι
1155 3659 1252 3710 Gratias
1267 3659 1361 3722 agium
1381 3659 1483 3712 casem
1502 3659 1645 3710 iraiemitati
1665 3671 1710 3723 pre
1726 3671 1785 3722 paee

173 3729 284 3780 sanutus
292 3729 401 3781 demoliti
410 3734 478 3794 sunt,
487 3745 566 3796 neque
574 3733 851 3784 nommtsuauiuemnt
859 3733 960 3784 seuera
1003 3733 1784 3800 interistsduerepnacoustituta.itusquidemiesdepuenapbu.

172 3808 959 3874 enimdeearenibiiqoiequamcontinebaut.cerrentumetiam
1003 3813 1086 3866 diuino
1096 3815 1244 3866 cubiculario
1255 3817 1473 3877 nostro‚1ussimua
1481 3816 1656 3878 etpotcstatenr
1664 3814 1784 3876 dedimus,

173 3885 239 3947 (σθ’,
250 3885 280 3936 ut
288 3885 390 3948 interae,
400 3899 461 3950 quas
468 3897 549 3938 meras
556 3889 639 3940 Latina
650 3889 834 3953 linguarucaut,
844 3890 876 3941 ab
887 3891 960 3942 utris·
1003 3891 1029 3941 id
1042 3892 1131 3955 negotii
1140 3891 1266 3944 conticere.
1279 3893 1425 3945 Frateruitas
1435 3893 1518 3943 antem
1527 3893 1629 3944 casaria
1639 3893 1691 3954 eins
1703 3903 1786 3957 proeo-

172 3961 465 4027 qne,etabinrperatem
480 3966 507 4014 et
521 3975 611 4028 ετεςε,
627 3965 780 4029 aiterrentnr,
799 3967 886 4030 quibua
897 3969 961 4018 ratas
1003 3969 1121 4020 rationem
1137 3971 1388 4032 Petro,ttomanerum
1395 3969 1523 4032 magistro,
1532 3969 1558 4020 et
1571 3968 1673 4020 Eusebio
1683 3970 1786 4020 murmi-

172 4038 324 4092 Ιιεθετεοθεθ
331 4039 503 4092 eentirmarent
510 4042 576 4104 paris
582 4041 745 4105 conditiones,
753 4043 785 4094 de
792 4043 881 4107 quibus
890 4043 961 4106 iegati
1003 4047 1049 4109 sit,
1060 4050 1087 4098 ut
1098 4047 1196 4112 depace
1213 4048 1361 4111 eotioquium
1377 4047 1493 4098 haberent
1505 4049 1531 4099 et
1541 4049 1680 4098 tractarent.
1692 4049 1722 4098 ct
1731 4049 1786 4111 qui·

172 4117 355 4168 εοοτεστεττιιθ
366 4119 398 4168 nt
411 4116 450 4167 be
457 4117 583 4168 contestim
600 4118 658 4168 iiiuc
671 4123 729 4169 sunt
738 4121 825 4172 missas.
836 4120 960 4172 conditio·
1003 4125 1059 4176 dem
1070 4127 1171 4189 Zicbus,
1185 4127 1210 4178 et
1221 4127 1262 4190 qui
1274 4140 1289 4177 a
1303 4126 1416 4177 Romania
1432 4125 1545 4189 magister
1555 4125 1653 4189 dicitur,
1674 4128 1700 4176 et
1711 4130 1786 4176 Eusc-

172 4191 354 4256 nibaaqnoque
369 4191 517 4256 adsmipinm
526 4197 591 4255 erat,
608 4197 637 4246 ut
647 4197 774 4259 separatim
785 4209 853 4247 sacra
869 4199 961 4248 sanctie
1005 4201 1067 4264 bius,
1078 4216 1103 4252 re
1111 4203 1174 4254 inter
1187 4216 1214 4254 ae
1224 4203 1355 4254 deliberata
1365 4205 1391 4254 et
1399 4215 1528 4266 perperna,
1548 4204 1714 4256 tractaverunt
1725 4205 1750 4252 et
1761 4203 1786 4252 in

173 4269 209 4320 ab
221 4269 366 4335 imperatore
372 4273 482 4322 Romano
490 4274 650 4335 emitteretur,
660 4287 709 4337 qna
718 4277 832 4338 pecunias
842 4277 963 4339 pensionis
1004 4281 1093 4342 scripta
1107 4279 1250 4344 redegerunt
1265 4293 1349 4344 pacem
1361 4281 1385 4330 in
1402 4280 1575 4344 quinquaginta
1586 4293 1662 4330 annos
1674 4279 1751 4330 Persis
1761 4283 1787 4331 et

173 4345 252 4396 trium
261 4347 600 4412 reliquarumannomm,qni
608 4351 729 4401 restabant
737 4350 907 4412 cadesam,se
914 4353 962 4403 sis·
1006 4357 1196 4419 itomanisessc,
1206 4361 1232 4409 et
1243 4371 1299 4422 quae
1311 4358 1400 4421 scripta
1417 4361 1487 4420 sunt,
1505 4357 1554 4408 suis
1565 4357 1647 4420 sigittis
1666 4357 1788 4421 impressis

174 4423 223 4472 tim
240 4425 346 4474 exeunte
357 4423 460 4488 septimo
484 4437 548 4475 anno
566 4427 642 4478 Persis
661 4429 845 4480 numeraturum
856 4431 961 4480 careret.
1007 4435 1210 4498 approbaverunt
1221 4437 1306 4498 itaque
1316 4447 1361 4486 nos
1373 4436 1456 4486 omnia
1475 4447 1531 4499 que
1543 4435 1630 4486 zicbus
1642 4437 1667 4486 et
1676 4437 1788 4498 magister

176 4503 280 4552 Pactum
291 4514 390 4566 quoque
400 4505 451 4564 est,
473 4506 500 4554 nt
514 4507 639 4556 Persarum
653 4507 844 4558 resecationem
856 4507 961 4572 interpe-
1005 4513 1169 4562 aomanorum
1184 4514 1210 4563 et
1223 4512 1339 4562 Eusebius
1354 4511 1384 4563 de
1394 4525 1453 4576 pace
1464 4515 1641 4574 convenerunt,
1653 4513 1705 4563 rata
1718 4513 1787 4562 firma

176 4579 259 4638 aeret,
270 4591 313 4640 se,
330 4579 479 4642 amaturque
499 4592 600 4642 aarum,
611 4583 678 4644 quod
691 4583 819 4646 stipulatus
830 4587 896 4646 erat,
918 4598 963 4649 pro
1005 4590 1086 4642 valera
1098 4590 1223 4652 volumus,
1241 4592 1267 4642 et
1283 4590 1461 4642 conditionibus
1469 4591 1540 4642 dietis
1554 4597 1654 4642 siamus.
1666 4611 1679 4636 a
1691 4592 1722 4641 iit
1741 4593 1788 4642 ista

176 4653 257 4704 tribus
266 4655 338 4706 anuis
349 4657 491 4720 recepisset,
505 4658 642 4708 saccututis
658 4659 751 4709 iiiieras
765 4658 903 4723 imperatori
913 4664 962 4711 iio·
1005 4665 1103 4728 quidem
1119 4665 1265 4716 adverbum
1280 4669 1314 4718 ita
1325 4667 1415 4730 scripta
1429 4680 1456 4718 se
1467 4667 1593 4718 trabebant.
1608 4667 1696 4718 Εοθειιι
1715 4679 1786 4717 sensu

176 4731 414 4784 namtnoitnrom.
425 4735 571 4785 Et‘nomani
586 4736 736 4798 imperatoris
751 4739 816 4801 pucia
827 4738 963 4789 ratihabitio
1006 4745 1167 4792 Romanorum
1190 4743 1339 4806 impensioris
1358 4743 1494 4794 ratihabitio
1505 4745 1594 4808 scripta
1612 4744 1669 4804 tuit,
1684 4743 1787 4793 eadsine

177 4811 274 4862 actitem
286 4823 338 4874 prm
348 4825 376 4862 se
393 4812 488 4863 terebat
499 4814 690 4878 inscriptionem,
705 4829 760 4878 qiua
774 4817 832 4867 satis
844 4819 902 4868 nota
917 4821 961 4872 est.
1007 4817 1162 4880 inscriptione
1183 4818 1237 4879 iiia,
1249 4830 1323 4881 quarn
1342 4818 1429 4870 litterae
1442 4819 1504 4882 regis
1515 4823 1641 4870 Persarum
1657 4819 1786 4868 trabebant.

178 4891 307 4940 Persarum
325 4901 385 4941 τετυ
403 4891 465 4952 regis
479 4892 573 4942 Persica
591 4893 673 4956 lingna
684 4895 780 4956 scriptas
793 4894 868 4944 rerba
880 4899 964 4948 Graes
1006 4893 1239 4958 superbisseintum
1247 4895 1787 4959 estinteriegatoscoiioquium.Quomdenue

179 4965 234 5016 bae
243 4966 331 5016 sonant
344 4985 351 5016 s
364 4983 378 5010 ε
395 4967 509 5028 Divinus,
530 4967 621 5030 bonus,
634 4969 760 5032 pacificus,
773 4983 883 5022 summus
899 4973 964 5035 prin·
1007 4969 1037 5020 ad
1049 4969 1197 5032 colloquium
1209 4971 1328 5022 sen‘aseut
1338 4971 1363 5022 et
1375 4971 1462 5022 morus
1479 4971 1611 5034 megrriticis
1624 4970 1703 5021 seriis
1712 4971 1787 5032 jacis·

178 5055 250 5104 ceps,
259 5043 394 5104 chosroes,
408 5055 452 5093 rex
463 5057 559 5105 regum,
571 5045 642 5106 teliu,
652 5046 715 5108 pius,
725 5046 857 5107 beneficus,
869 5049 909 5097 cui
929 5048 963 5100 dii
1008 5053 1044 5098 ret
1055 5050 1081 5098 et
1097 5049 1224 5100 extolleret
1234 5048 1369 5113 chosroen,
1386 5053 1411 5102 et
1422 5051 1512 5101 diceret
1529 5051 1598 5101 iiiam
1607 5051 1724 5100 inuictum
1736 5061 1788 5100 ease

180 5130 295 5181 mgnum
305 5117 438 5181 imperium
456 5131 512 5169 cum
526 5122 617 5183 magnis
627 5123 714 5184 opibus
723 5123 883 5188 iuduiserunt,
894 5125 965 5189 Gigas
1007 5125 1251 5177 etmuitasrictorias
1263 5127 1388 5190 retulisse,
1400 5129 1425 5179 ct
1437 5127 1468 5178 ab
1477 5139 1506 5179 eo
1519 5125 1787 5192 temporeperminsit

273 5213 420 5253 ττιοιιετιτι
435 5214 526 5256 norea.
542 5217 583 5254 cu.
596 5229 623 5241 -
634 5215 685 5256 τοι.
699 5217 732 5256 ιτ.
905 5220 909 5227 ’
1667 5217 1692 5259 ιι
