3908 5732
762 287 923 351 loannis
943 287 1179 350 antiocneni

524 455 561 513 33
992 419 1099 496 σαρκῶν
1114 417 1193 476 αὐτοῦ
1214 411 1363 495 όγιόσαντο.
1381 413 1435 476 Καί
1448 411 1482 472 el
1503 411 1550 492 μέν
1566 411 1648 475 Γαίου
1661 417 1788 474 τοιαῦται

566 498 573 513 ’
987 504 1076 584 τρισίν
1089 503 1159 564 ἔτεσι
1171 505 1217 564 καὶ
1230 502 1296 579 μησί
1307 503 1346 576 θ’,
1361 501 1461 584 ἡμέρας
1474 525 1503 561 τε
1518 501 1544 574 η’
1555 501 1601 561 καὶ
1614 501 1639 560 κ’
1654 501 1787 581 βασιλεό-

199 592 267 647 Exc.
283 589 368 646 Sllffi·
379 607 412 664 P·
425 587 481 662 395
500 606 507 642 ²
528 583 606 652 Γᾶἵος
617 581 665 651 'tat
679 581 724 643 θῦο
736 581 850 664 Rideat
864 583 943 642 οὖοοῧ
993 613 1094 658 σαντος.
1109 590 1164 652 Καί
1176 591 1253 659 αιἰτός
1263 598 1315 657 τοῖς
1327 589 1427 672 ίργοις,
1441 593 1475 658 όνς
1487 592 1535 649 οόκ
1548 582 1581 662 ήν
1593 589 1669 661 θεθς,
1686 588 1786 666 έὶόμα·

160 673 382 754 διεπαρθένευσεν.
398 673 471 734 Ἰδόιν
484 673 510 731 δέ
524 673 608 744 πηλόν
622 674 649 732 όν
660 675 801 752 στενωπῷ,
812 669 945 730 όκόλιυσεν
992 685 1044 740 θεν,
1062 681 1129 760 Ὑφ’·
1141 670 1177 738 ὧν
1188 679 1272 739 τεκαὶ
1285 677 1322 756 μή
1338 677 1429 758 παρὼν
1442 679 1641 758 προσεκυνεῖτο,
1658 677 1719 736 τότε
1733 699 1787 735 χι.

159 765 271 842 οἷκθῗινον
288 759 496 832 Οὖοοοοονονονν
508 759 585 838 [νόον
600 757 763 838 ἀγορανόμον
777 758 787 836 ί
801 756 882 832 ὄνον,
897 755 944 814 νοί
993 768 1127 826 τιπτόετο·
1139 766 1184 826 καὶ
1196 767 1238 846 όρ’
1249 755 1286 823 dxx
1298 789 1327 824 τε
1339 765 1404 832 Ζεὺς
1413 765 1458 825 καί
1467 765 1524 832 θεός
1534 765 1685 841 ώνομάζιτό
1696 789 1726 822 τε
1737 763 1787 822 καὶ

160 851 324 928 ίμὸλνιθῆνον
344 848 387 907 νον
410 848 494 918 πῶλον
515 849 551 914 νίν
573 847 615 906 νον
630 846 726 906 κόλπον
742 847 831 906 “51⁰5-
856 836 943 910 Οὗτος
995 854 1137 934 ἐγράφετο,
1158 853 1266 930 σρόγιον
1286 853 1393 932 ἐγίνετο*
1414 853 1562 934 ἀνδριάντες
1582 874 1611 910 τε
1635 855 1716 911 αὐτοῦ
1737 850 1787 908 καὶ

161 937 278 996 κυόεόων
299 935 404 996 τυτθόν
428 935 570 1008 Γαλλίαις,
585 934 631 993 καλ
647 933 736 1009 μαθὼν
751 936 785 1000 ῶς
804 935 852 991 οόκ
875 931 944 990 ίστεν
994 941 1090 1007 elatee<
1102 939 1235 1020 ὶσύρςντο,
1250 939 1418 1015 μεμνημένου
1433 941 1548 1018 μάλιστα
1572 945 1619 998 τοῦ
1636 938 1723 1014 δήμου
1746 929 1785 996 ὧν

162 1027 234 1104 αὐτῷ
253 1023 390 1103 άργόριον,
407 1021 521 1089 disard<
542 1021 662 1080 ίνὲδνοσο
681 1020 792 1088 πολλοὺς
810 1019 948 1086 πδοοοῖοος
995 1027 1129 1086 ἐπεπόνθει
1149 1027 1249 1087 δεινῶν.
1292 1030 1327 1088 Oi
1340 1028 1368 1086 δθ
1380 1033 1538 1108 στρατιῶται
1556 1025 1612 1086 όσσι
1627 1025 1675 1098 μὲν
1694 1030 1724 1086 ἐκ
1739 1030 1788 1083 τοῦ

162 1115 336 1191 ἀνονροθῆνον·
358 1109 403 1169 νοί
425 1109 506 1169 ‘mli
518 1109 581 1188 erpo<
595 1109 652 1175 τοὺς
667 1106 845 1185 οογοῑοθνοοθς
856 1097 947 1184 dmi,
995 1119 1159 1195 Γερμανικοῦ
1175 1113 1267 1194 μόρους
1281 1105 1363 1187 ήσαν,
1374 1115 1512 1194 έθορόόουν
1525 1114 1608 1173 τεκαὶ
1619 1114 1788 1186 όσταοίαζον,

162 1229 175 1254 ⁸
190 1201 236 1262 Ἐν
253 1189 274 1278 ᾧ
297 1203 370 1274 illuit
389 1197 449 1276 περὶ
469 1197 556 1274 ὖθῖγοο
577 1199 761 1278 edomuisti,
784 1194 835 1271 ίγίο
850 1196 948 1266 πλῆθος
994 1204 1061 1264 ὥστε
1074 1201 1119 1261 καί
1130 1201 1329 1283 σραγδςττοιεῖν·
1340 1201 1396 1260 όσοι
1406 1203 1432 1260 δὲ
1443 1202 1529 1268 άλλως
1538 1201 1644 1268 πωςέπί
1655 1205 1688 1280 τῇ
1699 1205 1785 1279 βουλῇ

166 1287 311 1368 χρημάτων
331 1287 488 1364 συνήγαγον.
505 1285 650 1363 »Ἐλέγετο
666 1284 693 1344 dl
712 1281 894 1360 Καλλιγόλας,
909 1279 950 1338 ότι

164 1378 193 1434 ix
201 1383 296 1454 μικρῶς
305 1373 408 1446 ἡλικίας
415 1376 441 1432 tu
452 1377 490 1453 τῷ
502 1371 670 1452 στρατοπίδῳ
682 1371 715 1430 τά
724 1369 810 1430 πολλὰ
821 1368 949 1449 έτρίρετο,

164 1461 210 1522 καὶ
221 1469 273 1528 τοῖς
284 1469 480 1540 στρατιωτικοῖς
491 1462 586 1540 ίχρῆτο
598 1459 771 1536 ὑποδήμασιν·
782 1461 811 1518 ix
821 1461 872 1517 τῶν
884 1458 949 1516 καλ·

163 1549 244 1628 λόγων
257 1540 302 1608 οόν
317 1547 486 1628 Καλλιγολας
499 1547 611 1627 ε’λίγιτο.

536 1697 584 1764 84.

205 1847 275 1901 Exc.
291 1847 333 1900 tle
348 1845 397 1900 ins.
414 1861 445 1918 ρ.
463 1861 499 1898 αα
518 1861 524 1897 :
541 1838 605 1900 Ὅτι
619 1837 682 1898 ποτλ
696 1836 740 1896 τόν
754 1839 837 1914 δῆμον
858 1840 951 1898 συνελ-

166 1929 244 1989 θόντα
259 1931 285 1988 ἓν
303 1926 487 2008 ίαποδρομίιρ,
502 1926 547 1986 καί
565 1931 654 1986 τοῦτον
678 1925 818 2004 ἐλέγχοντα
830 1923 880 1984 iord
900 1927 951 1984 τῶν

167 2021 333 2097 στρατιωτῶν
348 2015 499 2097 θιίρθειρεν·
516 2013 541 2082 έξ
565 2005 646 2092 οἷπερ
666 2012 761 2078 πάντες
781 2011 951 2088 έσιώτησαν,

167 2105 244 2184 άχρις
257 2095 287 2163 ol
311 2103 424 2170 Κάσσιός
435 2125 463 2162 τι
478 2100 592 2180 Χαιρέας
612 2100 656 2160 καί
673 2099 815 2180 Κορνήλιος
830 2099 951 2172 Σαόῖνος,

167 2193 255 2255 καίτοι
272 2191 426 2271 χιλιαρχίας
437 2193 500 2267 παρ’
514 2192 593 2254 αὐτοῦ
606 2185 823 2262 πεπιστευμένοι,
838 2186 953 2263 συνωμό·

995 1291 1166 1362 ἐποιήσαντο,
1181 1287 1327 1358 πεισθέντες
1338 1294 1391 1356 τοῖς
1405 1289 1489 1369 ὅρκοις
1502 1289 1652 1368 ήσόχασαν.
1675 1287 1786 1348 Τούτων

995 1379 1022 1438 δέ
1039 1378 1099 1456 περὶ
1121 1377 1165 1436 τόν
1181 1379 1259 1438 Γάϊον
1274 1377 1479 1455 πραττομένων,
1504 1377 1609 1443 Σέντιός
1620 1401 1648 1434 τε
1664 1377 1710 1434 καὶ
1730 1378 1786 1436 Σε-

994 1468 1099 1532 κοῦνδος
1113 1469 1136 1524 oi
1149 1464 1242 1524 ὕπατοι
1259 1464 1331 1532 sili<
1344 1467 1374 1523 ίκ
1391 1468 1443 1524 τῶν
1461 1467 1598 1544 θησαυρῶν
1611 1463 1644 1522 τό
1656 1462 1787 1544 χρήματα

996 1559 1031 1622 είς
1053 1553 1083 1613 τό
1107 1553 1275 1614 Καπετώλιον
1301 1553 1493 1630 μετεκόμισαν,
1522 1551 1640 1633 ρυλακάς
1669 1573 1699 1610 τε
1726 1549 1787 1615 τοὺς

997 1643 1100 1708 πλείους
1112 1645 1156 1712 τῆς
1169 1641 1304 1722 γερουσίας
1318 1641 1484 1718 ἐπέστησαν,
1496 1639 1541 1698 καί
1553 1637 1716 1718 στρατιώτας
1727 1641 1787 1696 ἱκα·

997 1730 1067 1802 νοός,
1076 1729 1119 1788 ίνα
1133 1728 1170 1804 μή
1185 1727 1316 1808 διαρπαγὴ
1328 1727 1377 1786 tel
1387 1734 1433 1788 τοῦ
1444 1727 1557 1799 πλήθους
1566 1725 1684 1804 γένηται.
1699 1717 1782 1785 odeat

997 1842 1026 1878 τε
1039 1817 1096 1894 ἅμα
1108 1825 1162 1884 τοῖς
1172 1818 1298 1896 ἐπάρχοις
1307 1815 1353 1875 καί
1361 1816 1479 1898 τοῖςπερὶ
1487 1814 1601 1876 Σαθίνον
1610 1813 1656 1873 καί
1670 1813 1788 1894 Χαιρέαν

998 1906 1028 1965 τδ
1038 1901 1167 1986 πρσθιτίον
1180 1907 1348 1966 ἐσκοποῦντο.

1366 2068 1418 2128 85.

1296 2215 1491 2276 CLAUDIUS.

169 2301 262 2351 σαντα,
275 2279 369 2344 πάντες
381 2301 407 2336 τε
419 2280 454 2344 όνς
468 2281 549 2336 εἰπεῖν
561 2279 585 2335 οἱ
597 2277 656 2355 περί
671 2275 748 2333 αὗτδν
762 2273 826 2354 όπίρ
839 2297 867 2332 τε
881 2279 952 2352 σρῶν

175 2367 221 2425 καί
233 2369 284 2423 τῶν
298 2368 390 2424 κοινῶν
412 2366 575 2436 ἐκινήθησαν·
598 2363 642 2420 καί
656 2361 817 2443 τηρήσαντες
832 2360 909 2418 αότθν
924 2362 954 2419 ἐκ
1039 2363 1107 2418 Exc.
1122 2363 1165 2418 De
1179 2362 1245 2417 virt.
1260 2381 1290 2436 p.
1306 2361 1362 2418 805
1378 2379 1386 2416 τ
1407 2355 1473 2421 Ὅτε
1487 2359 1616 2426 Κλαύδιος
1630 2362 1645 2417 ό
1666 2357 1792 2437 βασιλεὺς

168 2458 217 2512 τοῦ
228 2455 338 2528 θεάτρου
359 2451 515 2529 ἐρχόμενον,
529 2449 572 2507 ότι
592 2448 625 2519 δὴ
644 2449 702 2516 τοὺς
720 2451 749 2508 ἐκ
764 2451 810 2517 τῆς
827 2445 954 2513 Ἑλλάδος
1000 2444 1143 2522 Ῥωμαίων
1154 2444 1203 2517 τήν
1215 2445 1263 2522 μὲν
1273 2447 1361 2527 ψυχήν
1373 2449 1402 2504 οὗ
1410 2449 1507 2527 φαῦλος
1520 2447 1646 2525 ἐγεγόνει,
1656 2445 1726 2505 όλλλ
1738 2447 1787 2504 καί

169 2541 269 2604 παῖδας
283 2538 326 2597 tet
344 2537 387 2596 τόν
400 2536 463 2595 ίδιον
482 2535 561 2610 όμνον
572 2533 769 2612 μετεπέμπετο,
788 2536 814 2592 όν
830 2537 954 2613 στενωπῷ
1001 2535 1028 2592 έν
1042 2533 1147 2614 παιδείορ
1162 2533 1263 2606 ἤσκητο
1277 2537 1312 2601 ὡς
1331 2533 1377 2592 καί
1400 2533 1550 2613 συγγράψαι
1570 2534 1638 2592 τινά·
1657 2535 1688 2592 τὸ
1708 2531 1736 2592 δέ
1757 2533 1789 2604 δι]

170 2649 222 2685 τινι
235 2625 307 2705 τόπῳ
318 2627 508 2704 προσπεσόντες
519 2623 722 2700 τιτρώσκουσιν,
737 2621 811 2678 ἄλλοι
820 2643 849 2678 τι
864 2622 893 2678 ἐκ
903 2624 954 2679 τῶν
1001 2623 1080 2697 σῶμα
1091 2619 1220 2694 νοσώδης,
1242 2619 1309 2680 ὥστε
1324 2621 1369 2680 καί
1385 2624 1418 2700 τῇ
1437 2624 1540 2702 κεραλῇ
1559 2621 1606 2680 καὶ
1624 2625 1683 2688 ταῖς
1697 2621 1790 2702 χερσὶν

205 2793 243 2840 Fr.
258 2794 297 2840 8³.
310 2789 363 2838 τότε
375 2787 535 2852 ἀγορανόμον]
544 2787 653 2850 supplevi
665 2786 780 2836 selinon.
793 2791 870 2834 loon.
881 2783 935 2834 rod.
947 2787 1002 2834 l‘ar.
1019 2787 1075 2844 tul,
1087 2798 1125 2847 sp.
1138 2789 1219 2835 crem.
1232 2790 1277 2836 λα.
1289 2789 1310 2836 11
1320 2823 1328 2846 ,
1339 2799 1363 2849 p.
1374 2790 1428 2836 279.
1441 2789 1553 2836 ceterum
1565 2799 1588 2834 τ.
1603 2787 1649 2836 Dio
1662 2790 1725 2848 six,
1746 2795 1789 2849 le,

172 2875 195 2926 p.
208 2868 268 2920 ute.
281 2866 320 2912 78.
333 2887 365 2898 -
375 2863 439 2924 ὑμεῖς
449 2861 517 2924 napi]
530 2864 595 2922 ἡμεῖς
606 2861 650 2923 πρὸ
659 2859 744 2910 oodex.
757 2857 839 2908 ilionis
849 2857 923 2906 rerba
935 2858 1013 2917 tulli,
1022 2864 1061 2919 τι,
1072 2868 1096 2918 p.
1109 2859 1170 2916 ooo,
1182 2857 1227 2918 ²5)
1238 2857 1261 2904 in
1271 2855 1342 2906 editis
1352 2857 1385 2906 ltu
1401 2857 1491 2907 lxslseut
1505 2876 1511 2906 ι
1524 2858 1629 2906 κυδιόων
1639 2857 1664 2906 δέ
1676 2873 1735 2906 ποτε
1746 2862 1788 2906 καὶ

173 2935 254 2996 μαθὼν
267 2933 302 2981 ότι
312 2933 356 2981 τότε
365 2931 401 2990 ein
418 2934 440 2979 ol
454 2931 576 2994 ἀργύριον,
588 2931 662 2992 ᾐτησέ
673 2946 699 2978 τε
710 2929 751 2984 τὰς
765 2932 812 2976 τῶν
829 2929 940 2976 Γαλατῶν
950 2927 1103 2991 ἀπογραφὰς,
1112 2925 1191 2981 nelli
1210 2927 1287 2974 αότιῖιν
1305 2927 1358 2984 τοὺς
1369 2926 1558 2983 πλουσιωτάτους
1569 2929 1730 2986 θανατωθῆναι
1747 2944 1789 2976 κε-

172 3003 269 3061 λεύσας,
281 3001 427 3060 ίπανῆλθέτε
442 3002 499 3066 πρὸς
515 2999 568 3056 τοὺς
583 2999 742 3061 συγκυόευτὰς
755 2999 795 3046 καὶ
813 2997 856 3058 ἔφη
871 2999 906 3045 ότι
918 3015 930 3040 e
941 2997 1017 3058 Ὑμεῖς
1033 2999 1084 3062 περὶ
1102 2997 1187 3058 ὀλίγων
1205 2999 1315 3060 δραχμῶν
1332 2999 1486 3062 ἀγωνίζεσθε,
1501 3000 1548 3060 ἐγὼ
1564 3001 1589 3050 ti
1603 3003 1636 3057 εἰς
1653 3001 1736 3062 μυρίας
1747 3001 1788 3049 καὶ

172 3071 362 3134 πεντακισχιλίας
375 3071 486 3134 μυριάδας
497 3071 603 3132 ἤθροισε.
620 3089 632 3112 ν
643 3069 768 3118 tentareris
784 3067 856 3128 igitur
867 3069 917 3116 suis
928 3067 1008 3118 verbis
1020 3071 1133 3118 lloetrmn
1144 3069 1306 3117 narrationem
1318 3070 1399 3119 Dionis
1415 3069 1552 3119 reddidisse.
1566 3069 1592 3120 ld
1604 3083 1663 3120 xero
1676 3084 1725 3118 non
1737 3084 1791 3120 esse

173 3141 277 3191 ridetur.
292 3145 352 3192 llam
365 3142 448 3191 ilionis
457 3143 516 3190 lixo.
530 3141 646 3190 vaticam
660 3143 693 3188 lle
702 3137 839 3196 sententiis,
856 3149 880 3198 p.
895 3139 938 3186 tol
949 3135 987 3186 ed.
1006 3140 1074 3186 llorn.
1093 3137 1192 3188 eandem
1210 3151 1261 3187 rem
1277 3137 1370 3188 iisdem
1385 3139 1466 3200 plane
1479 3139 1577 3200 vertes,
1595 3140 1684 3201 quibos
1702 3144 1790 3191 Noster

174 3213 259 3272 ulitur,
266 3213 390 3274 exponunt
397 3249 404 3270 ,
412 3211 456 3260 nisi
466 3211 530 3273 quod
540 3209 632 3258 addunt
639 3207 763 3268 ιιοιιαυΙΙε,
774 3219 828 3269 qxrse
838 3209 923 3256 lloster
933 3207 1021 3256 omisit.
1033 3210 1069 3256 lta
1077 3208 1144 3257 loeus
1152 3208 1224 3256 habet
1231 3227 1238 3256 ε
1246 3208 1300 3258 Ὀτι
1310 3209 1378 3264 αὐτὸς
1388 3207 1419 3268 (l.
1431 3209 1512 3267 οὗτος,
1523 3210 1550 3258 ui
1557 3221 1582 3258 u.
1593 3209 1788 3270 1.,ευῑοα5τὸς)

173 3284 315 3334 κνόεόων..Ἰ
326 3282 445 3346 ἀναστὰς]
452 3283 548 3345 ἐξήτασε
557 3286 604 3330 τῶν
612 3281 718 3344 ,εὐπόρων
729 3280 864 3341 έπογραρήν
873 3279 913 3326 καί
925 3277 934 3341 ]
946 3278 1053 3328 ἐκέλευσε
1069 3279 1167 3334 πολλοὺς
1185 3278 1294 3334 έξαότῶν
1305 3279 1449 3341 ἀναιρεθῆναι
1459 3315 1466 3339 ,
1476 3277 1532 3340 [καλ
1546 3279 1576 3327 τὰ
1585 3280 1696 3341 χρήματα
1706 3281 1788 3329 αὐτῶν

175 3353 347 3416 εἰσενεχθῆναι]
357 3355 397 3402 καὶ
406 3355 518 3402 ἐλθὼν...
527 3353 666 3414 συνήγαγεν.
680 3350 768 3402 liudem
777 3349 950 3411 ‹liserepantie‚
960 3351 985 3398 et
994 3351 1070 3411 major
1079 3349 1167 3408 etiarn,
1177 3348 1231 3396 aliis
1241 3348 1299 3398 locis
1308 3361 1381 3410 quern
1392 3349 1502 3410 plurimis
1511 3349 1573 3398 tuter
1584 3351 1684 3398 Dionem
1693 3349 1789 3400 editum

174 3428 249 3488 utque
267 3428 326 3474 lixo.
345 3425 462 3473 Vaticana
478 3421 619 3483 intercedit,
632 3421 669 3472 uti
685 3423 787 3470 mustei.
806 3419 877 3477 Quod
895 3433 954 3468 num
968 3423 1033 3470 recle
1053 3418 1188 3480 explicetur
1201 3431 1231 3466 ex
1249 3417 1361 3466 oodieum
1381 3419 1464 3468 Diouis
1479 3417 1634 3479 diversitate,
1646 3432 1689 3481 ego
1701 3421 1789 3470 dubito

175 3507 248 3556 quern
264 3494 378 3543 maxime.
399 3496 477 3542 loeus
488 3495 578 3553 noster,
592 3493 671 3554 qualis
684 3491 708 3540 ln
726 3490 808 3540 Dionis
829 3490 934 3540 historiis
945 3489 1014 3540 editis
1025 3490 1121 3552 legitur,
1134 3501 1190 3538 vere
1202 3489 1321 3537 Dioneum
1340 3488 1456 3538 orationis
1471 3488 1545 3538 habet
1556 3490 1676 3550 colorem;
1690 3491 1715 3539 iu
1731 3495 1791 3542 ltxa.

178 3563 290 3612 vatican.
303 3565 385 3612 sutem
403 3562 512 3622 agnoscis
525 3560 643 3610 interioris
659 3559 744 3621 ingenii
762 3559 898 3618 homiuem,
915 3560 956 3620 qui
975 3561 1058 3610 Dionis
1074 3559 1206 3608 orellonem
1225 3571 1269 3620 pro
1280 3559 1348 3608 libitu
1368 3559 1496 3620 immulat;
1514 3559 1579 3608 lxuoe
1590 3572 1648 3609 vero
1658 3573 1708 3609 non
1720 3562 1791 3612 luiso

175 3633 279 3682 scribam
293 3630 519 3681 constantinianum
528 3631 582 3680 loeo
594 3631 693 3681 loannis
706 3631 780 3680 nostri
792 3629 971 3692 comprobatur.
982 3633 1059 3680 lmmo
1068 3629 1186 3680 exstitisse
1194 3629 1267 3678 debet
1276 3629 1373 3678 historia
1382 3629 1495 3691 quedam
1506 3633 1627 3691 Romana,
1639 3643 1696 3693 ιμιεε
1708 3633 1791 3682 Dionis

175 3715 190 3750 e
201 3702 268 3750 libris
277 3703 388 3762 oongests
397 3703 456 3749 eret.
471 3703 507 3748 Ex
518 3699 563 3748 lxso
575 3697 696 3747 duxerunt
710 3701 766 3746 lixo.
776 3697 906 3757 vellesne,
917 3703 941 3746 et
949 3711 1005 3759 quse
1017 3698 1207 3748 Jounnossllert
1219 3701 1292 3747 Porro
1302 3699 1354 3747 lime
1363 3699 1460 3748 historia
1469 3700 1534 3748 ultra
1544 3713 1619 3760 usque
1630 3699 1662 3749 ad
1674 3703 1791 3752 comten-

175 3774 218 3821 tini
231 3775 340 3834 tempora
351 3770 467 3834 perducta
476 3773 541 3826 erut;
549 3783 605 3819 uam
618 3771 735 3830 uxeerpu
746 3769 862 3818 llutimna
875 3780 922 3816 oon
932 3767 956 3815 iu
967 3769 1095 3817 Alexandri
1107 3769 1187 3818 Severi
1199 3769 1346 3830 temporibus
1355 3767 1502 3829 eleusinum,
1512 3769 1554 3818 sed
1564 3771 1593 3818 ad
1603 3771 1791 3825 Constantinum

176 3857 253 3906 sesque
261 3845 388 3906 pertinent.
397 3867 429 3878 -
437 3841 555 3903 έλέγιτο
566 3840 595 3889 δέ
607 3839 792 3899 Καλλιγόλας
800 3835 869 3900 κτλ]
881 3835 939 3886 lind.
948 3836 1034 3887 suidas
1041 3850 1066 3886 r.
1078 3838 1220 3898 Καλλιγόλας
1230 3836 1410 3900 (oodexnoster
1419 3839 1603 3900 Καλλιγοόλας].
1611 3841 1650 3890 cl.
1659 3843 1705 3890 llio
1715 3844 1791 3904 Lvll,

178 3921 206 3974 ο,
224 3926 247 3974 p.
259 3919 300 3962 ser
311 3948 319 3974 ,
330 3919 370 3963 ss.

211 3983 251 4029 Fr.
269 3983 308 4029 st.
325 3981 381 4028 όπὸ
392 3983 448 4028 τῶν
459 3983 645 4041 στρατιωτῶν
657 3975 833 4041 διέφθειρεν]
845 3977 890 4026 Dio
901 3977 995 4028 cassius
1009 3979 1091 4028 noster
1101 3977 1109 4039 (
1118 3979 1183 4038 uix,
1198 3981 1227 4028 28
1237 3975 1318 4038 extr.)
1330 3977 1356 4026 h.
1367 3977 1384 4026 l.
1394 3989 1426 4026 ex
1441 3977 1564 4040 xiptnttno
1579 3979 1720 4042 suppletus,
1732 3981 1793 4031 utlxil

179 4049 225 4098 nisi
235 4049 289 4098 inec
299 4049 370 4098 nabet
382 4066 389 4097 τ
442 4049 464 4104 ές
474 4049 498 4097 δὲ
507 4050 548 4098 τὸν
558 4048 702 4111 ἱππόδρομον
712 4047 778 4102 εὐθὺς
787 4046 878 4108 σπουδῇ
887 4045 1029 4108 συνέδραμον
1045 4048 1085 4094 καὶ
1094 4046 1157 4094 δεινὰ
1167 4045 1322 4102 συνιθόησαν.
1339 4045 1404 4095 llinil
1420 4045 1452 4094 ibi
1468 4046 1499 4094 de
1511 4047 1600 4108 populo
1616 4048 1746 4097 trucidato.
1763 4053 1793 4099 V.

179 4118 274 4180 loseph.
285 4121 355 4178 lllll,
372 4121 471 4178 t‚t.-
483 4117 645 4174 Κάσσιος...
663 4113 927 4178 Σαόίνος]Κάσιόςτε
938 4116 977 4163 καὶ
987 4116 1100 4178 Χερσίας,
1114 4115 1322 4178 Κορνήλιόςτεκαί
1338 4116 1435 4172 Σαόῖνος
1452 4115 1538 4164 codex.
1556 4119 1583 4164 V.
1602 4117 1648 4166 ulo
1663 4131 1686 4167 c.
1706 4123 1745 4167 ²9.
1762 4149 1793 4160 -

179 4184 412 4249 συνωμόσαντο]
423 4188 545 4248 cramer.;
562 4185 811 4249 uuxopdeiesacodex;
827 4185 969 4246 συνώμοσαν
980 4186 1023 4234 Dio
1035 4185 1051 4234 1.
1062 4187 1079 4235 Ι.
1096 4213 1128 4227 -
1142 4187 1192 4234 ότι
1209 4187 1271 4244 δὴ...
1288 4185 1511 4249 μετεπέμπετο]
1529 4187 1588 4235 llaec
1603 4191 1628 4236 ei
1643 4201 1712 4252 seqq.
1731 4191 1795 4240 malo

185 4261 318 4319 Excerplor
329 4255 459 4306 contruxit.
474 4260 509 4305 llu
522 4257 566 4305 llio
576 4257 592 4305 Ι.
602 4257 619 4304 Ι.
631 4276 638 4306 ε
649 4257 716 4306 Ἀλλὰ
726 4257 866 4318 τηρήσαντες
875 4255 945 4304 αὐτόν
954 4257 981 4304 έκ
992 4261 1033 4306 τοῦ
1043 4256 1138 4320 θεάτρου
1150 4256 1268 4313 ἐξελθόντα
1280 4257 1334 4316 (ἵνα
1345 4258 1398 4313 τοὺς
1414 4259 1498 4313 παῖδας
1514 4257 1626 4315 θεάσηται
1636 4293 1644 4316 ,
1654 4261 1695 4316 οὓς
1706 4261 1735 4308 ἐκ
1752 4267 1794 4320 τῆς

178 4325 288 4382 Ἑλλάδος
298 4328 337 4374 καὶ
347 4332 387 4384 τῆς
400 4325 489 4382 Ἰωνίας
499 4331 546 4374 τῶν
562 4325 624 4374 πάνυ
635 4327 750 4387 εὐγενῶν,
760 4327 798 4376 ini
807 4331 842 4388 τῷ
857 4327 897 4374 τόν
912 4327 983 4388 ὕμνον
1000 4328 1040 4376 τόν
1052 4329 1084 4384 εἰς
1096 4330 1178 4378 ίαυτόν
1196 4329 1353 4389 πεποιημένον
1372 4327 1442 4390 ᾆσαι,
1456 4331 1622 4391 μετεπέμψατο
1633 4331 1718 4392 δῆθεν]
1736 4333 1794 4382 ἀπέ-

180 4410 288 4455 κτειναν,
299 4394 323 4442 έν
335 4399 448 4456 στενωπῷ
457 4411 500 4441 τινι
517 4394 682 4452 ἀπολαόόντες.
700 4397 746 4444 Καὶ
758 4395 829 4444 αὐτοῦ
842 4397 1001 4458 συμπεσόντος
1013 4399 1086 4454 οὐδεὶς
1096 4399 1142 4448 τῶν
1153 4399 1274 4460 παρόντων
1284 4400 1414 4460 ἀπέσχετο,
1431 4399 1540 4448 ἀλλὰκαὶ
1554 4403 1634 4462 νεκρὸν
1646 4401 1719 4450 αὐτόν
1737 4403 1794 4452 ὄντα

180 4467 250 4526 ὠμῶς
264 4463 344 4525 (όμως
356 4463 424 4546 μονή.
440 4463 525 4524 only)
539 4463 690 4526 ἐτίτρωσκον·
709 4465 750 4512 καί
766 4459 824 4522 τινὲς
839 4465 935 4514 καὶτῶν
945 4473 1038 4532 σαρκῶν
1050 4469 1122 4517 αὐτοῦ
1135 4470 1274 4530 έγεόσαντο,
1288 4469 1330 4524 τήν
1342 4485 1368 4516 τε
1379 4474 1480 4530 γυναῖκα
1493 4471 1534 4518 καὶ
1545 4471 1588 4527 τὴν
1599 4471 1716 4534 θυγατέρα
1728 4474 1794 4529 εὐθὺς

180 4535 289 4593 ἔσφαξαν.
299 4549 356 4590 -η
376 4533 416 4581 καὶ
428 4530 465 4594 κ’]
482 4533 550 4594 μκαὶ
563 4533 587 4580 κ’
602 4533 687 4582 sodex.
701 4535 732 4582 v.
751 4533 795 4581 Dio
808 4537 872 4594 uix,
886 4541 924 4584 σο.
939 4539 984 4584 l’ro
1001 4535 1087 4586 dielxus
1100 4545 1130 4590 tt
1142 4538 1234 4588 nonnisi
1246 4542 1301 4588 octo
1313 4541 1380 4600 ponit
1392 4539 1523 4599 [eutropius
1534 4543 1595 4599 llll,
1611 4547 1655 4600 le;
1671 4545 1794 4602 zoomas,

182 4601 260 4652 clem.
272 4601 342 4680 λΙομ,
350 4601 440 4678 Strorn.
452 4603 477 4660 l,
490 4613 513 4661 p.
525 4604 586 4661 339,
600 4599 687 4648 Euseb.
698 4601 788 4650 ctrrou.
799 4605 828 4650 v.
843 4602 941 4666 interpr.
952 4603 991 4652 ad.
1003 4606 1073 4653 Dion.
1086 4633 1119 4644 -
1129 4606 1184 4658 itui
1195 4608 1239 4671 ὑφ’
1251 4609 1289 4657 ὧν
1300 4613 1324 4658 et
1335 4612 1415 4657 cetera
1425 4607 1540 4670 usquead
1550 4608 1623 4657 dnem
1638 4610 1794 4675 tragulam]

181 4670 275 4790 Ιρυριίο
292 4669 502 4788 ιρὶῶρχριοιυρλ,
514 4671 560 4730 t),
571 4669 617 4720 uisi
630 4669 694 4733 quod
712 4674 804 4722 statuas
823 4673 875 4722 caii
890 4679 964 4724 noctu
975 4675 1094 4726 tollendus
1104 4677 1219 4728 claudius
1235 4678 1364 4728 curaverit.
1379 4703 1410 4715 -
1428 4681 1455 4728 ol
1472 4679 1501 4728 di
1519 4685 1706 4741 στρατιῶται
1725 4681 1795 4746 κτλ]

207 4778 213 4791 ·
241 4753 298 4802 ⁰⁸⁰1)
318 4777 323 4787 ·
397 4773 405 4800 ν
436 4774 444 4800 ν
470 4747 547 4802 5⁸qq·

212 4815 252 4861 rr.
265 4817 303 4860 νε.
317 4807 500 4858 τεωωουῑυω
510 4823 534 4858 ν.
544 4810 692 4866 niuoso<
709 4810 782 4873 (σου.
792 4825 816 4860 ι.
827 4815 945 4876 φασιν),
957 4797 1260 4878 ωὲιωωωνωωσιυιι
1270 4815 1421 4876 seuerius,
1436 4815 1483 4864 νιιυ
1495 4815 1661 4878 negligentem
1673 4821 1795 4882 exeam

181 4882 207 4932 et
218 4881 331 4958 plexuque
347 4879 378 4928 srl
393 4879 495 4928 verbum
506 4880 579 4929 etium
590 4883 733 4944 traueoriplo
743 4885 799 4932 sunt
810 4896 841 4932 ex
856 4885 926 4933 lllou.
940 4887 994 4946 Lx,
1010 4898 1032 4934 ε.
1047 4891 1070 4935 ².
1082 4909 1114 4920 -
1126 4884 1245 4948 έγεγόντι]
1260 4899 1308 4934 um.
1320 4885 1419 4946 suidam
1431 4887 1523 4946 έγένιτο
1538 4887 1593 4936 Dio.
1605 4913 1636 4922 -
1651 4888 1725 4938 ἀλλὰ
1743 4891 1794 4938 καὶ

182 4953 211 4998 έν
223 4948 268 5012 π.]
284 4944 369 4998 Surdas
382 4949 407 4998 ei
423 4949 482 5008 Dio;
504 4949 528 4996 έν
539 4950 633 5012 παιδεία
649 4965 675 4999 τε
693 4948 748 4999 cod.
764 4976 796 4987 -
811 4955 850 5008 ῶς
863 4951 932 5016 καὶ]
943 4955 974 5009 ῶς
991 4955 1027 5004 del
1042 4955 1082 5002 καὶ
1104 4955 1157 5003 Dio.
1169 4957 1240 5004 -τό
1251 4955 1275 5004 δέ
1287 4954 1332 5018 δή]
1348 4955 1377 5013 δή
1395 4955 1488 5004 esuid.
1501 4957 1526 5006 ei
1539 4955 1618 5006 Dione
1629 4958 1749 5010 addtorn.
1763 4986 1795 4997 -

183 5020 327 5078 νοσώδης,
340 5020 414 5067 ῶστι
428 5016 493 5082 καὶ]
503 5036 523 5066 ν.
533 5019 575 5081 ἦν,
586 5021 656 5072 καὶ...
667 5021 802 5084 ὑποτρέμων
812 5021 866 5072 eod.
877 5025 922 5072 l‘ro
931 5024 1066 5088 ὑποτρέμειν
1077 5024 1158 5075 ltiouis
1166 5037 1206 5088 ap.
1219 5025 1317 5076 Suidum
1327 5027 1363 5074 est
1371 5025 1472 5089 τρέμειν.
