<?xml version="1.0" encoding="UTF-8"?>
<!DOCTYPE html PUBLIC "-//W3C//DTD XHTML 1.0 Transitional//EN"
    "http://www.w3.org/TR/xhtml1/DTD/xhtml1-transitional.dtd">
<html xmlns="http://www.w3.org/1999/xhtml" xml:lang="en" lang="en">
 <head>
  <title>
</title>
<meta http-equiv="Content-Type" content="text/html;charset=utf-8" />
  <meta name='ocr-system' content='tesseract 3.04.00' />
  <meta name='ocr-capabilities' content='ocr_page ocr_carea ocr_par ocr_line ocrx_word'/>
</head>
<body>
  <div class='ocr_page' id='page_1' title='image "./fragmentahistor01antgoog/fragmentahistor01antgoog_0293.png"; bbox 0 0 3766 5726; ppageno 0'>
   <div class='ocr_carea' id='block_1_1' title="bbox 491 333 1680 431">
    <p class='ocr_par' dir='ltr' id='par_1_1' title="bbox 491 333 1680 431">
     <span class='ocr_line' id='line_1_1' title="bbox 491 333 1680 431; baseline 0.012 -17"><span class='ocrx_word' id='word_1_1' title='bbox 491 355 592 431; x_wconf 76' lang='lat' dir='ltr'><strong>sen,</strong></span> <span class='ocrx_word' id='word_1_2' title='bbox 615 353 796 427; x_wconf 78' lang='lat' dir='ltr'><strong>arronis,</strong></span> <span class='ocrx_word' id='word_1_3' title='bbox 819 355 987 416; x_wconf 79' lang='lat' dir='ltr'><strong>ternam</strong></span> <span class='ocrx_word' id='word_1_4' title='bbox 1013 354 1261 416; x_wconf 79' lang='lat' dir='ltr'><strong>rasennam.</strong></span> <span class='ocrx_word' id='word_1_5' title='bbox 1625 333 1680 428; x_wconf 66' lang='lat' dir='ltr'><strong>irs</strong></span> 
     </span>
    </p>
   </div>
   <div class='ocr_carea' id='block_1_2' title="bbox 78 477 1697 4403">
    <p class='ocr_par' dir='ltr' id='par_1_2' title="bbox 78 477 1697 4403">
     <span class='ocr_line' id='line_1_2' title="bbox 90 477 1685 562; baseline 0.002 -17"><span class='ocrx_word' id='word_1_6' title='bbox 90 491 173 560; x_wconf 80' lang='lat' dir='ltr'><strong>clusit,</strong></span> <span class='ocrx_word' id='word_1_7' title='bbox 192 500 369 542; x_wconf 88' lang='lat' dir='ltr'><strong>memoratur</strong></span> <span class='ocrx_word' id='word_1_8' title='bbox 392 487 469 562; x_wconf 89' lang='lat' dir='ltr'><strong>apud</strong></span> <span class='ocrx_word' id='word_1_9' title='bbox 492 487 674 542; x_wconf 80' lang='lat' dir='ltr'>Plutarchum</span> <span class='ocrx_word' id='word_1_10' title='bbox 700 491 729 541; x_wconf 91' lang='lat' dir='ltr'><strong>iu</strong></span> <span class='ocrx_word' id='word_1_11' title='bbox 751 490 808 542; x_wconf 93' lang='lat' dir='ltr'><strong>Vit.</strong></span> <span class='ocrx_word' id='word_1_12' title='bbox 831 489 859 542; x_wconf 84' lang='lat' dir='ltr'><strong>X</strong></span> <span class='ocrx_word' id='word_1_13' title='bbox 881 506 885 540; x_wconf 89' lang='lat' dir='ltr'><strong>t</strong></span> <span class='ocrx_word' id='word_1_14' title='bbox 909 487 1025 562; x_wconf 82' lang='lat' dir='ltr'><strong>(Kleine</strong></span> <span class='ocrx_word' id='word_1_15' title='bbox 1047 477 1196 560; x_wconf 79' lang='lat' dir='ltr'><strong>Schriften,</strong></span> <span class='ocrx_word' id='word_1_16' title='bbox 1224 507 1254 561; x_wconf 88' lang='lat' dir='ltr'><strong>p.</strong></span> <span class='ocrx_word' id='word_1_17' title='bbox 1277 490 1341 558; x_wconf 80' lang='lat'><strong>187,</strong></span> <span class='ocrx_word' id='word_1_18' title='bbox 1364 501 1424 546; x_wconf 89' lang='lat' dir='ltr'><strong>not.</strong></span> <span class='ocrx_word' id='word_1_19' title='bbox 1445 490 1685 562; x_wconf 73' lang='lat' dir='ltr'><strong>ltaSolltebicr</strong></span> 
     </span>
     <span class='ocr_line' id='line_1_3' title="bbox 89 575 1685 652; baseline 0.001 -20"><span class='ocrx_word' id='word_1_20' title='bbox 89 581 157 634; x_wconf 89' lang='lat' dir='ltr'><strong>Orat.</strong></span> <span class='ocrx_word' id='word_1_21' title='bbox 168 596 198 652; x_wconf 89' lang='lat' dir='ltr'><strong>p.</strong></span> <span class='ocrx_word' id='word_1_22' title='bbox 209 577 318 646; x_wconf 53' lang='lat' dir='ltr'><strong>tter.</strong></span> <span class='ocrx_word' id='word_1_23' title='bbox 331 575 412 632; x_wconf 90' lang='lat' dir='ltr'><strong>llunc</strong></span> <span class='ocrx_word' id='word_1_24' title='bbox 421 576 541 630; x_wconf 88' lang='lat' dir='ltr'><strong>eundem</strong></span> <span class='ocrx_word' id='word_1_25' title='bbox 549 594 608 630; x_wconf 83' lang='lat' dir='ltr'><strong>esse</strong></span> <span class='ocrx_word' id='word_1_26' title='bbox 616 595 680 630; x_wconf 88' lang='lat' dir='ltr'><strong>eum</strong></span> <span class='ocrx_word' id='word_1_27' title='bbox 688 577 782 632; x_wconf 81' lang='lat' dir='ltr'><strong>Calliae</strong></span> <span class='ocrx_word' id='word_1_28' title='bbox 790 575 859 644; x_wconf 78' lang='lat' dir='ltr'><strong>filio,</strong></span> <span class='ocrx_word' id='word_1_29' title='bbox 906 577 1047 631; x_wconf 87' lang='lat' dir='ltr'><strong>vielleieht</strong></span> <span class='ocrx_word' id='word_1_30' title='bbox 1056 579 1102 632; x_wconf 90' lang='lat' dir='ltr'><strong>ein</strong></span> <span class='ocrx_word' id='word_1_31' title='bbox 1112 577 1285 631; x_wconf 88' lang='lat' dir='ltr'><strong>semitischer</strong></span> <span class='ocrx_word' id='word_1_32' title='bbox 1297 577 1384 632; x_wconf 89' lang='lat' dir='ltr'><strong>Name</strong></span> <span class='ocrx_word' id='word_1_33' title='bbox 1396 579 1536 632; x_wconf 80' lang='lat' dir='ltr'><strong>verstecht</strong></span> <span class='ocrx_word' id='word_1_34' title='bbox 1544 580 1619 647; x_wconf 85' lang='lat' dir='ltr'><strong>sein,</strong></span> <span class='ocrx_word' id='word_1_35' title='bbox 1632 579 1685 636; x_wconf 88' lang='lat' dir='ltr'><strong>der</strong></span> 
     </span>
     <span class='ocr_line' id='line_1_4' title="bbox 89 661 1686 738; baseline 0.001 -18"><span class='ocrx_word' id='word_1_36' title='bbox 89 667 156 736; x_wconf 85' lang='lat' dir='ltr'><strong>cujus</strong></span> <span class='ocrx_word' id='word_1_37' title='bbox 169 665 329 738; x_wconf 76' lang='lat' dir='ltr'><strong>Stephanus</strong></span> <span class='ocrx_word' id='word_1_38' title='bbox 341 665 481 738; x_wconf 85' lang='lat' dir='ltr'><strong>meminit,</strong></span> <span class='ocrx_word' id='word_1_39' title='bbox 493 664 691 720; x_wconf 89' lang='lat' dir='ltr'><strong>statueruntC.</strong></span> <span class='ocrx_word' id='word_1_40' title='bbox 704 665 738 720; x_wconf 93' lang='grc' dir='ltr'><strong>Ο.</strong></span> <span class='ocrx_word' id='word_1_41' title='bbox 750 663 859 720; x_wconf 81' lang='lat' dir='ltr'><strong>hliiller.</strong></span> <span class='ocrx_word' id='word_1_42' title='bbox 906 663 1036 716; x_wconf 85' lang='lat' dir='ltr'><strong>mitAbd</strong></span> <span class='ocrx_word' id='word_1_43' title='bbox 1049 663 1120 719; x_wconf 89' lang='lat' dir='ltr'><strong>oder</strong></span> <span class='ocrx_word' id='word_1_44' title='bbox 1141 664 1223 717; x_wconf 85' lang='lat' dir='ltr'><strong>Ebed</strong></span> <span class='ocrx_word' id='word_1_45' title='bbox 1241 661 1354 736; x_wconf 86' lang='lat' dir='ltr'><strong>aniing?</strong></span> <span class='ocrx_word' id='word_1_46' title='bbox 1375 664 1456 718; x_wconf 84' lang='lat' dir='ltr'><strong>Ebed</strong></span> <span class='ocrx_word' id='word_1_47' title='bbox 1473 665 1588 718; x_wconf 80' lang='lat' dir='ltr'><strong>Hiunalr</strong></span> <span class='ocrx_word' id='word_1_48' title='bbox 1603 685 1686 722; x_wconf 84' lang='lat' dir='ltr'><strong>waere</strong></span> 
     </span>
     <span class='ocr_line' id='line_1_5' title="bbox 89 749 1686 825; baseline 0 -17"><span class='ocrx_word' id='word_1_49' title='bbox 89 757 124 808; x_wconf 83' lang='lat' dir='ltr'><strong>lle</strong></span> <span class='ocrx_word' id='word_1_50' title='bbox 138 753 261 809; x_wconf 82' lang='lat' dir='ltr'><strong>lliuerva</strong></span> <span class='ocrx_word' id='word_1_51' title='bbox 277 753 338 808; x_wconf 89' lang='lat' dir='ltr'><strong>Pol.</strong></span> <span class='ocrx_word' id='word_1_52' title='bbox 360 771 390 825; x_wconf 94' lang='lat' dir='ltr'><strong>p.</strong></span> <span class='ocrx_word' id='word_1_53' title='bbox 415 755 452 816; x_wconf 67' lang='lat'><strong>43</strong></span> <span class='ocrx_word' id='word_1_54' title='bbox 466 762 494 806; x_wconf 90' lang='lat' dir='ltr'><strong>et</strong></span> <span class='ocrx_word' id='word_1_55' title='bbox 507 753 639 806; x_wconf 84' lang='lat' dir='ltr'><strong>Nissenus</strong></span> <span class='ocrx_word' id='word_1_56' title='bbox 655 750 713 824; x_wconf 87' lang='lat' dir='ltr'><strong>(De</strong></span> <span class='ocrx_word' id='word_1_57' title='bbox 728 753 860 823; x_wconf 80' lang='lat' dir='ltr'><strong>Lycurgo</strong></span> <span class='ocrx_word' id='word_1_58' title='bbox 906 749 983 802; x_wconf 82' lang='lat' dir='ltr'><strong>wohl</strong></span> <span class='ocrx_word' id='word_1_59' title='bbox 1004 749 1068 804; x_wconf 91' lang='lat' dir='ltr'><strong>sehr</strong></span> <span class='ocrx_word' id='word_1_60' title='bbox 1089 750 1235 818; x_wconf 86' lang='lat' dir='ltr'><strong>denkbar;</strong></span> <span class='ocrx_word' id='word_1_61' title='bbox 1256 749 1315 804; x_wconf 90' lang='lat' dir='ltr'><strong>und</strong></span> <span class='ocrx_word' id='word_1_62' title='bbox 1331 751 1372 804; x_wconf 86' lang='lat' dir='ltr'><strong>als</strong></span> <span class='ocrx_word' id='word_1_63' title='bbox 1392 751 1583 824; x_wconf 88' lang='lat' dir='ltr'><strong>griechiscber</strong></span> <span class='ocrx_word' id='word_1_64' title='bbox 1602 770 1686 809; x_wconf 81' lang='lat' dir='ltr'><strong>waere</strong></span> 
     </span>
     <span class='ocr_line' id='line_1_6' title="bbox 88 833 1686 913; baseline 0 -19"><span class='ocrx_word' id='word_1_65' title='bbox 88 859 111 912; x_wconf 89' lang='lat' dir='ltr'><strong>p.</strong></span> <span class='ocrx_word' id='word_1_66' title='bbox 130 840 191 913; x_wconf 80' lang='lat'><strong>99).</strong></span> <span class='ocrx_word' id='word_1_67' title='bbox 210 839 360 895; x_wconf 73' lang='lat' dir='ltr'><strong>Mauritius</strong></span> <span class='ocrx_word' id='word_1_68' title='bbox 379 840 500 892; x_wconf 88' lang='lat' dir='ltr'><strong>Meierus</strong></span> <span class='ocrx_word' id='word_1_69' title='bbox 520 838 579 908; x_wconf 81' lang='lat' dir='ltr'><strong>(De</strong></span> <span class='ocrx_word' id='word_1_70' title='bbox 599 839 648 892; x_wconf 88' lang='lat' dir='ltr'><strong>vit.</strong></span> <span class='ocrx_word' id='word_1_71' title='bbox 671 837 740 908; x_wconf 88' lang='lat' dir='ltr'><strong>Lye.</strong></span> <span class='ocrx_word' id='word_1_72' title='bbox 765 839 860 904; x_wconf 71' lang='lat' dir='ltr'><strong>liniis,</strong></span> <span class='ocrx_word' id='word_1_73' title='bbox 907 833 959 888; x_wconf 90' lang='lat' dir='ltr'><strong>der</strong></span> <span class='ocrx_word' id='word_1_74' title='bbox 973 834 1062 890; x_wconf 80' lang='lat' dir='ltr'><strong>Nauae</strong></span> <span class='ocrx_word' id='word_1_75' title='bbox 1072 837 1149 890; x_wconf 87' lang='lat' dir='ltr'><strong>wohl</strong></span> <span class='ocrx_word' id='word_1_76' title='bbox 1159 837 1304 890; x_wconf 82' lang='lat' dir='ltr'><strong>unerhoen</strong></span> <span class='ocrx_word' id='word_1_77' title='bbox 1316 855 1349 892; x_wconf 88' lang='lat' dir='ltr'><strong>zu</strong></span> <span class='ocrx_word' id='word_1_78' title='bbox 1364 855 1493 905; x_wconf 89' lang='lat' dir='ltr'><strong>nennen;</strong></span> <span class='ocrx_word' id='word_1_79' title='bbox 1509 837 1585 894; x_wconf 92' lang='lat' dir='ltr'><strong>denn</strong></span> <span class='ocrx_word' id='word_1_80' title='bbox 1596 843 1686 894; x_wconf 86' lang='lat' dir='ltr'><strong>Lace-</strong></span> 
     </span>
     <span class='ocr_line' id='line_1_7' title="bbox 91 922 1688 1000; baseline 0.001 -19"><span class='ocrx_word' id='word_1_81' title='bbox 91 927 166 996; x_wconf 69' lang='lat'><strong>1847.</strong></span> <span class='ocrx_word' id='word_1_82' title='bbox 194 946 224 1000; x_wconf 89' lang='lat' dir='ltr'><strong>p.</strong></span> <span class='ocrx_word' id='word_1_83' title='bbox 254 924 309 999; x_wconf 73' lang='lat'><strong>64)</strong></span> <span class='ocrx_word' id='word_1_84' title='bbox 334 925 365 980; x_wconf 89' lang='lat' dir='ltr'><strong>id</strong></span> <span class='ocrx_word' id='word_1_85' title='bbox 396 927 426 979; x_wconf 90' lang='lat' dir='ltr'><strong>in</strong></span> <span class='ocrx_word' id='word_1_86' title='bbox 453 925 549 980; x_wconf 89' lang='lat' dir='ltr'><strong>medio</strong></span> <span class='ocrx_word' id='word_1_87' title='bbox 575 926 724 996; x_wconf 83' lang='lat' dir='ltr'><strong>relinquit,</strong></span> <span class='ocrx_word' id='word_1_88' title='bbox 752 926 862 999; x_wconf 89' lang='lat' dir='ltr'><strong>generis</strong></span> <span class='ocrx_word' id='word_1_89' title='bbox 907 922 1060 976; x_wconf 82' lang='lat' dir='ltr'><strong>doeruonius</strong></span> <span class='ocrx_word' id='word_1_90' title='bbox 1072 941 1122 978; x_wconf 90' lang='lat' dir='ltr'><strong>aus</strong></span> <span class='ocrx_word' id='word_1_91' title='bbox 1135 924 1226 978; x_wconf 82' lang='lat' dir='ltr'><strong>Athen</strong></span> <span class='ocrx_word' id='word_1_92' title='bbox 1237 923 1314 978; x_wconf 84' lang='lat' dir='ltr'><strong>kann</strong></span> <span class='ocrx_word' id='word_1_93' title='bbox 1328 923 1403 977; x_wconf 85' lang='lat' dir='ltr'><strong>doch</strong></span> <span class='ocrx_word' id='word_1_94' title='bbox 1415 925 1501 979; x_wconf 85' lang='lat' dir='ltr'><strong>kaurn</strong></span> <span class='ocrx_word' id='word_1_95' title='bbox 1514 926 1624 982; x_wconf 92' lang='lat' dir='ltr'><strong>hierbei</strong></span> <span class='ocrx_word' id='word_1_96' title='bbox 1639 945 1688 984; x_wconf 87' lang='lat' dir='ltr'><strong>an·</strong></span> 
     </span>
     <span class='ocr_line' id='line_1_8' title="bbox 87 1008 1685 1089; baseline 0.003 -25"><span class='ocrx_word' id='word_1_97' title='bbox 87 1032 146 1068; x_wconf 73' lang='lat' dir='ltr'><strong>sero</strong></span> <span class='ocrx_word' id='word_1_98' title='bbox 165 1013 413 1086; x_wconf 77' lang='lat' dir='ltr'><strong>propinquitatem</strong></span> <span class='ocrx_word' id='word_1_99' title='bbox 435 1023 514 1065; x_wconf 83' lang='lat' dir='ltr'><strong>extra</strong></span> <span class='ocrx_word' id='word_1_100' title='bbox 539 1011 659 1066; x_wconf 90' lang='lat' dir='ltr'><strong>dubium</strong></span> <span class='ocrx_word' id='word_1_101' title='bbox 673 1029 730 1066; x_wconf 88' lang='lat' dir='ltr'><strong>esse</strong></span> <span class='ocrx_word' id='word_1_102' title='bbox 753 1023 860 1068; x_wconf 88' lang='lat' dir='ltr'><strong>mouet.</strong></span> <span class='ocrx_word' id='word_1_103' title='bbox 908 1008 1021 1081; x_wconf 87' lang='lat' dir='ltr'><strong>gefiihrt</strong></span> <span class='ocrx_word' id='word_1_104' title='bbox 1030 1010 1155 1068; x_wconf 86' lang='lat' dir='ltr'><strong>werden.</strong></span> <span class='ocrx_word' id='word_1_105' title='bbox 1169 1035 1182 1060; x_wconf 73' lang='lat' dir='ltr'><strong>r</strong></span> <span class='ocrx_word' id='word_1_106' title='bbox 1197 1015 1234 1066; x_wconf 86' lang='lat' dir='ltr'><strong>At</strong></span> <span class='ocrx_word' id='word_1_107' title='bbox 1243 1023 1346 1085; x_wconf 80' lang='lat' dir='ltr'><strong>praeter</strong></span> <span class='ocrx_word' id='word_1_108' title='bbox 1355 1010 1603 1068; x_wconf 85' lang='lat' dir='ltr'><strong>Lacedaemonium</strong></span> <span class='ocrx_word' id='word_1_109' title='bbox 1618 1015 1685 1089; x_wconf 89' lang='lat' dir='ltr'><strong>(ap.</strong></span> 
     </span>
     <span class='ocr_line' id='line_1_9' title="bbox 91 1094 1684 1176; baseline 0.001 -22"><span class='ocrx_word' id='word_1_110' title='bbox 91 1125 100 1148; x_wconf 69' lang='lat'><strong>—1</strong></span> <span class='ocrx_word' id='word_1_111' title='bbox 115 1100 188 1154; x_wconf 89' lang='lat' dir='ltr'><strong>ldem</strong></span> <span class='ocrx_word' id='word_1_112' title='bbox 202 1099 279 1154; x_wconf 86' lang='lat' dir='ltr'><strong>cadit</strong></span> <span class='ocrx_word' id='word_1_113' title='bbox 294 1099 407 1174; x_wconf 78' lang='lat' dir='ltr'><strong>(Meieri</strong></span> <span class='ocrx_word' id='word_1_114' title='bbox 424 1099 511 1152; x_wconf 87' lang='lat' dir='ltr'><strong>verba</strong></span> <span class='ocrx_word' id='word_1_115' title='bbox 522 1098 604 1170; x_wconf 71' lang='lat' dir='ltr'><strong>sunt)</strong></span> <span class='ocrx_word' id='word_1_116' title='bbox 619 1099 649 1152; x_wconf 92' lang='lat' dir='ltr'><strong>in</strong></span> <span class='ocrx_word' id='word_1_117' title='bbox 666 1117 730 1154; x_wconf 89' lang='lat' dir='ltr'><strong>eum</strong></span> <span class='ocrx_word' id='word_1_118' title='bbox 741 1094 863 1176; x_wconf 78' lang='grc' dir='ltr'>Ἄὸρωνα</span> <span class='ocrx_word' id='word_1_119' title='bbox 907 1095 1038 1168; x_wconf 91' lang='lat' dir='ltr'><strong>Thucyd.</strong></span> <span class='ocrx_word' id='word_1_120' title='bbox 1051 1117 1078 1165; x_wconf 90' lang='lat'><strong>1,</strong></span> <span class='ocrx_word' id='word_1_121' title='bbox 1093 1095 1142 1165; x_wconf 76' lang='lat'><strong>45,</strong></span> <span class='ocrx_word' id='word_1_122' title='bbox 1156 1097 1298 1155; x_wconf 84' lang='lat' dir='ltr'><strong>Plutarch.</strong></span> <span class='ocrx_word' id='word_1_123' title='bbox 1313 1096 1421 1155; x_wconf 82' lang='lat' dir='ltr'><strong>Cimon</strong></span> <span class='ocrx_word' id='word_1_124' title='bbox 1438 1097 1471 1154; x_wconf 85' lang='lat'><strong>15</strong></span> <span class='ocrx_word' id='word_1_125' title='bbox 1483 1139 1490 1166; x_wconf 92' lang='lat'><strong>,</strong></span> <span class='ocrx_word' id='word_1_126' title='bbox 1503 1112 1531 1154; x_wconf 91' lang='lat' dir='ltr'><strong>et</strong></span> <span class='ocrx_word' id='word_1_127' title='bbox 1542 1101 1684 1175; x_wconf 85' lang='lat' dir='ltr'><strong>aliumap.</strong></span> 
     </span>
     <span class='ocr_line' id='line_1_10' title="bbox 89 1182 1688 1259; baseline 0 -16"><span class='ocrx_word' id='word_1_128' title='bbox 89 1188 194 1254; x_wconf 75' lang='grc' dir='ltr'>Βατῆθεν</span> <span class='ocrx_word' id='word_1_129' title='bbox 215 1189 266 1259; x_wconf 92' lang='lat' dir='ltr'><strong>qui</strong></span> <span class='ocrx_word' id='word_1_130' title='bbox 289 1189 318 1240; x_wconf 91' lang='lat' dir='ltr'><strong>in</strong></span> <span class='ocrx_word' id='word_1_131' title='bbox 336 1187 417 1240; x_wconf 91' lang='lat' dir='ltr'><strong>titulo</strong></span> <span class='ocrx_word' id='word_1_132' title='bbox 432 1187 558 1258; x_wconf 86' lang='lat' dir='ltr'><strong>quodam</strong></span> <span class='ocrx_word' id='word_1_133' title='bbox 576 1197 759 1254; x_wconf 89' lang='lat' dir='ltr'><strong>memoratur,</strong></span> <span class='ocrx_word' id='word_1_134' title='bbox 778 1204 864 1259; x_wconf 85' lang='lat' dir='ltr'><strong>quem</strong></span> <span class='ocrx_word' id='word_1_135' title='bbox 908 1183 1090 1238; x_wconf 87' lang='lat' dir='ltr'><strong>Demosthen.</strong></span> <span class='ocrx_word' id='word_1_136' title='bbox 1105 1203 1135 1258; x_wconf 93' lang='lat' dir='ltr'><strong>p.</strong></span> <span class='ocrx_word' id='word_1_137' title='bbox 1153 1183 1223 1238; x_wconf 83' lang='lat'>1301</span> <span class='ocrx_word' id='word_1_138' title='bbox 1234 1224 1242 1252; x_wconf 93' lang='lat'><strong>,</strong></span> <span class='ocrx_word' id='word_1_139' title='bbox 1253 1183 1288 1251; x_wconf 89' lang='lat'><strong>6,</strong></span> <span class='ocrx_word' id='word_1_140' title='bbox 1299 1194 1328 1238; x_wconf 89' lang='lat' dir='ltr'><strong>et</strong></span> <span class='ocrx_word' id='word_1_141' title='bbox 1340 1182 1423 1252; x_wconf 84' lang='lat'><strong>1360,</strong></span> <span class='ocrx_word' id='word_1_142' title='bbox 1439 1185 1491 1259; x_wconf 80' lang='lat'><strong>9),</strong></span> <span class='ocrx_word' id='word_1_143' title='bbox 1502 1185 1588 1241; x_wconf 86' lang='lat' dir='ltr'><strong>habes</strong></span> <span class='ocrx_word' id='word_1_144' title='bbox 1598 1188 1688 1242; x_wconf 90' lang='lat' dir='ltr'><strong>Athe-</strong></span> 
     </span>
     <span class='ocr_line' id='line_1_11' title="bbox 87 1271 1688 1347; baseline -0.001 -17"><span class='ocrx_word' id='word_1_145' title='bbox 87 1277 193 1330; x_wconf 82' lang='lat' dir='ltr'><strong>llossius</strong></span> <span class='ocrx_word' id='word_1_146' title='bbox 215 1274 287 1346; x_wconf 81' lang='lat' dir='ltr'><strong>(Die</strong></span> <span class='ocrx_word' id='word_1_147' title='bbox 300 1277 409 1328; x_wconf 76' lang='lat' dir='ltr'><strong>Denter</strong></span> <span class='ocrx_word' id='word_1_148' title='bbox 424 1293 447 1326; x_wconf 84' lang='grc' dir='ltr'><strong>ν.</strong></span> <span class='ocrx_word' id='word_1_149' title='bbox 463 1275 521 1331; x_wconf 78' lang='lat' dir='ltr'><strong>Art.</strong></span> <span class='ocrx_word' id='word_1_150' title='bbox 538 1293 570 1346; x_wconf 91' lang='lat' dir='ltr'><strong>p.</strong></span> <span class='ocrx_word' id='word_1_151' title='bbox 594 1271 645 1346; x_wconf 73' lang='lat'><strong>40&gt;</strong></span> <span class='ocrx_word' id='word_1_152' title='bbox 661 1273 770 1344; x_wconf 88' lang='lat' dir='ltr'><strong>publici</strong></span> <span class='ocrx_word' id='word_1_153' title='bbox 791 1271 864 1343; x_wconf 90' lang='lat' dir='ltr'><strong>juris</strong></span> <span class='ocrx_word' id='word_1_154' title='bbox 910 1287 1016 1342; x_wconf 83' lang='lat' dir='ltr'><strong>naeum,</strong></span> <span class='ocrx_word' id='word_1_155' title='bbox 1029 1273 1166 1340; x_wconf 90' lang='lat' dir='ltr'><strong>Locrum,</strong></span> <span class='ocrx_word' id='word_1_156' title='bbox 1177 1271 1358 1340; x_wconf 87' lang='lat' dir='ltr'><strong>Thessalum,</strong></span> <span class='ocrx_word' id='word_1_157' title='bbox 1373 1271 1534 1346; x_wconf 81' lang='lat' dir='ltr'><strong>Rheginum</strong></span> <span class='ocrx_word' id='word_1_158' title='bbox 1544 1291 1688 1347; x_wconf 88' lang='lat' dir='ltr'><strong>gramma-</strong></span> 
     </span>
     <span class='ocr_line' id='line_1_12' title="bbox 85 1359 1687 1434; baseline 0.001 -18"><span class='ocrx_word' id='word_1_159' title='bbox 85 1365 151 1418; x_wconf 84' lang='lat' dir='ltr'><strong>lccit.</strong></span> <span class='ocrx_word' id='word_1_160' title='bbox 181 1363 302 1418; x_wconf 85' lang='lat' dir='ltr'><strong>llabron</strong></span> <span class='ocrx_word' id='word_1_161' title='bbox 332 1363 380 1415; x_wconf 92' lang='lat' dir='ltr'><strong>ille</strong></span> <span class='ocrx_word' id='word_1_162' title='bbox 403 1379 471 1414; x_wconf 91' lang='lat' dir='ltr'><strong>num</strong></span> <span class='ocrx_word' id='word_1_163' title='bbox 500 1379 535 1414; x_wconf 86' lang='lat' dir='ltr'><strong>ex</strong></span> <span class='ocrx_word' id='word_1_164' title='bbox 560 1360 736 1434; x_wconf 89' lang='lat' dir='ltr'><strong>Eumolpidis</strong></span> <span class='ocrx_word' id='word_1_165' title='bbox 760 1360 861 1432; x_wconf 80' lang='lat' dir='ltr'><strong>fuerit,</strong></span> <span class='ocrx_word' id='word_1_166' title='bbox 910 1359 1012 1426; x_wconf 88' lang='lat' dir='ltr'><strong>ticum,</strong></span> <span class='ocrx_word' id='word_1_167' title='bbox 1029 1359 1146 1415; x_wconf 88' lang='lat' dir='ltr'><strong>ethaud</strong></span> <span class='ocrx_word' id='word_1_168' title='bbox 1161 1359 1248 1414; x_wconf 91' lang='lat' dir='ltr'><strong>dubie</strong></span> <span class='ocrx_word' id='word_1_169' title='bbox 1267 1359 1345 1416; x_wconf 86' lang='lat' dir='ltr'><strong>alios.</strong></span> <span class='ocrx_word' id='word_1_170' title='bbox 1363 1361 1436 1414; x_wconf 85' lang='lat' dir='ltr'><strong>Fieri</strong></span> <span class='ocrx_word' id='word_1_171' title='bbox 1454 1361 1538 1414; x_wconf 89' lang='lat' dir='ltr'><strong>etiam</strong></span> <span class='ocrx_word' id='word_1_172' title='bbox 1553 1365 1687 1434; x_wconf 89' lang='lat' dir='ltr'><strong>possitnt</strong></span> 
     </span>
     <span class='ocr_line' id='line_1_13' title="bbox 86 1441 1689 1526; baseline 0 -23"><span class='ocrx_word' id='word_1_173' title='bbox 86 1463 112 1504; x_wconf 92' lang='lat' dir='ltr'><strong>ut</strong></span> <span class='ocrx_word' id='word_1_174' title='bbox 125 1451 196 1504; x_wconf 88' lang='lat' dir='ltr'><strong>infra</strong></span> <span class='ocrx_word' id='word_1_175' title='bbox 208 1451 270 1526; x_wconf 83' lang='lat' dir='ltr'><strong>(ap.</strong></span> <span class='ocrx_word' id='word_1_176' title='bbox 287 1449 468 1504; x_wconf 78' lang='lat' dir='ltr'><strong>Plutarchum</strong></span> <span class='ocrx_word' id='word_1_177' title='bbox 478 1450 496 1503; x_wconf 89' lang='lat' dir='ltr'><strong>l.</strong></span> <span class='ocrx_word' id='word_1_178' title='bbox 511 1447 543 1521; x_wconf 87' lang='lat' dir='ltr'><strong>l.)</strong></span> <span class='ocrx_word' id='word_1_179' title='bbox 557 1441 669 1514; x_wconf 77' lang='grc' dir='ltr'>Μήδειος</span> <span class='ocrx_word' id='word_1_180' title='bbox 679 1446 807 1502; x_wconf 75' lang='lat' dir='ltr'><strong>diciturb</strong></span> <span class='ocrx_word' id='word_1_181' title='bbox 819 1445 864 1504; x_wconf 74' lang='grc' dir='ltr'><strong>καὶ</strong></span> <span class='ocrx_word' id='word_1_182' title='bbox 911 1463 982 1499; x_wconf 82' lang='lat' dir='ltr'><strong>voce</strong></span> <span class='ocrx_word' id='word_1_183' title='bbox 995 1446 1148 1519; x_wconf 80' lang='lat' dir='ltr'><strong>Abydenus</strong></span> <span class='ocrx_word' id='word_1_184' title='bbox 1162 1466 1220 1501; x_wconf 91' lang='lat' dir='ltr'><strong>non</strong></span> <span class='ocrx_word' id='word_1_185' title='bbox 1229 1464 1335 1501; x_wconf 89' lang='lat' dir='ltr'><strong>nomeu</strong></span> <span class='ocrx_word' id='word_1_186' title='bbox 1345 1447 1468 1501; x_wconf 90' lang='lat' dir='ltr'><strong>hominis</strong></span> <span class='ocrx_word' id='word_1_187' title='bbox 1479 1449 1529 1502; x_wconf 90' lang='lat' dir='ltr'><strong>sed</strong></span> <span class='ocrx_word' id='word_1_188' title='bbox 1541 1451 1633 1521; x_wconf 88' lang='lat' dir='ltr'><strong>patria</strong></span> <span class='ocrx_word' id='word_1_189' title='bbox 1643 1452 1689 1504; x_wconf 89' lang='lat' dir='ltr'><strong>iu-</strong></span> 
     </span>
     <span class='ocr_line' id='line_1_14' title="bbox 85 1529 1689 1610; baseline 0 -18"><span class='ocrx_word' id='word_1_190' title='bbox 85 1533 203 1610; x_wconf 72' lang='grc' dir='ltr'><strong>ἐξηγητὴς</strong></span> <span class='ocrx_word' id='word_1_191' title='bbox 217 1533 244 1601; x_wconf 75' lang='grc' dir='ltr'><strong>ἐξ</strong></span> <span class='ocrx_word' id='word_1_192' title='bbox 259 1534 435 1610; x_wconf 79' lang='grc' dir='ltr'>Εὐμολπιδῶν</span> <span class='ocrx_word' id='word_1_193' title='bbox 446 1531 598 1608; x_wconf 78' lang='grc' dir='ltr'>γενόμενος,</span> <span class='ocrx_word' id='word_1_194' title='bbox 613 1545 641 1588; x_wconf 90' lang='lat' dir='ltr'><strong>et</strong></span> <span class='ocrx_word' id='word_1_195' title='bbox 652 1535 683 1590; x_wconf 90' lang='lat' dir='ltr'><strong>C.</strong></span> <span class='ocrx_word' id='word_1_196' title='bbox 699 1535 721 1589; x_wconf 91' lang='lat' dir='ltr'><strong>I.</strong></span> <span class='ocrx_word' id='word_1_197' title='bbox 735 1535 790 1608; x_wconf 76' lang='lat'><strong>392</strong></span> <span class='ocrx_word' id='word_1_198' title='bbox 801 1545 860 1589; x_wconf 91' lang='lat' dir='ltr'><strong>est:</strong></span> <span class='ocrx_word' id='word_1_199' title='bbox 910 1529 1028 1600; x_wconf 88' lang='lat' dir='ltr'><strong>dicetur,</strong></span> <span class='ocrx_word' id='word_1_200' title='bbox 1041 1533 1282 1605; x_wconf 84' lang='lat' dir='ltr'><strong>quemadmodum</strong></span> <span class='ocrx_word' id='word_1_201' title='bbox 1296 1553 1323 1587; x_wconf 85' lang='lat' dir='ltr'><strong>v.</strong></span> <span class='ocrx_word' id='word_1_202' title='bbox 1339 1553 1365 1588; x_wconf 91' lang='lat' dir='ltr'><strong>c.</strong></span> <span class='ocrx_word' id='word_1_203' title='bbox 1382 1535 1549 1589; x_wconf 82' lang='lat' dir='ltr'><strong>Heraclides</strong></span> <span class='ocrx_word' id='word_1_204' title='bbox 1561 1536 1689 1592; x_wconf 89' lang='lat' dir='ltr'><strong>medicus</strong></span> 
     </span>
     <span class='ocr_line' id='line_1_15' title="bbox 86 1618 1689 1697; baseline 0.001 -17"><span class='ocrx_word' id='word_1_205' title='bbox 86 1619 289 1681; x_wconf 72' lang='grc' dir='ltr'>Ἀπολλώνιον...</span> <span class='ocrx_word' id='word_1_206' title='bbox 305 1619 432 1696; x_wconf 68' lang='grc' dir='ltr'>ἐξηγητὴν</span> <span class='ocrx_word' id='word_1_207' title='bbox 443 1618 469 1686; x_wconf 74' lang='grc' dir='ltr'><strong>ἐξ</strong></span> <span class='ocrx_word' id='word_1_208' title='bbox 485 1619 699 1696; x_wconf 61' lang='grc' dir='ltr'>ΕὗμοῇπιδῶνῙ,</span> <span class='ocrx_word' id='word_1_209' title='bbox 718 1639 754 1676; x_wconf 88' lang='lat' dir='ltr'><strong>an</strong></span> <span class='ocrx_word' id='word_1_210' title='bbox 766 1624 864 1696; x_wconf 84' lang='lat' dir='ltr'><strong>Eupa-</strong></span> <span class='ocrx_word' id='word_1_211' title='bbox 910 1623 996 1694; x_wconf 80' lang='lat' dir='ltr'><strong>vulgo</strong></span> <span class='ocrx_word' id='word_1_212' title='bbox 1010 1624 1176 1697; x_wconf 91' lang='lat' dir='ltr'><strong>simpliciter</strong></span> <span class='ocrx_word' id='word_1_213' title='bbox 1190 1625 1361 1690; x_wconf 81' lang='lat' dir='ltr'><strong>Tarentinus,</strong></span> <span class='ocrx_word' id='word_1_214' title='bbox 1380 1626 1465 1678; x_wconf 88' lang='lat' dir='ltr'><strong>misso</strong></span> <span class='ocrx_word' id='word_1_215' title='bbox 1473 1627 1594 1680; x_wconf 88' lang='lat' dir='ltr'><strong>nominis</strong></span> <span class='ocrx_word' id='word_1_216' title='bbox 1608 1647 1689 1681; x_wconf 88' lang='lat' dir='ltr'><strong>men-</strong></span> 
     </span>
     <span class='ocr_line' id='line_1_16' title="bbox 86 1708 1691 1785; baseline 0.002 -22"><span class='ocrx_word' id='word_1_217' title='bbox 86 1713 156 1785; x_wconf 77' lang='lat' dir='ltr'><strong>trida¹</strong></span> <span class='ocrx_word' id='word_1_218' title='bbox 164 1723 273 1766; x_wconf 86' lang='lat' dir='ltr'><strong>tantum</strong></span> <span class='ocrx_word' id='word_1_219' title='bbox 285 1712 344 1765; x_wconf 85' lang='lat' dir='ltr'><strong>sive</strong></span> <span class='ocrx_word' id='word_1_220' title='bbox 354 1711 492 1765; x_wconf 88' lang='lat' dir='ltr'><strong>Patricius</strong></span> <span class='ocrx_word' id='word_1_221' title='bbox 503 1721 588 1782; x_wconf 89' lang='lat' dir='ltr'><strong>atque</strong></span> <span class='ocrx_word' id='word_1_222' title='bbox 596 1728 631 1764; x_wconf 89' lang='lat' dir='ltr'><strong>eo</strong></span> <span class='ocrx_word' id='word_1_223' title='bbox 637 1709 701 1779; x_wconf 91' lang='lat' dir='ltr'><strong>jure</strong></span> <span class='ocrx_word' id='word_1_224' title='bbox 713 1709 749 1764; x_wconf 88' lang='lat' dir='ltr'><strong>ad</strong></span> <span class='ocrx_word' id='word_1_225' title='bbox 759 1710 865 1762; x_wconf 89' lang='lat' dir='ltr'><strong>rituum</strong></span> <span class='ocrx_word' id='word_1_226' title='bbox 912 1708 1006 1778; x_wconf 89' lang='lat' dir='ltr'><strong>tione,</strong></span> <span class='ocrx_word' id='word_1_227' title='bbox 1019 1720 1149 1767; x_wconf 83' lang='lat' dir='ltr'><strong>vocatur.</strong></span> <span class='ocrx_word' id='word_1_228' title='bbox 1164 1715 1201 1764; x_wconf 93' lang='lat' dir='ltr'><strong>At</strong></span> <span class='ocrx_word' id='word_1_229' title='bbox 1217 1712 1276 1764; x_wconf 89' lang='lat' dir='ltr'><strong>noli</strong></span> <span class='ocrx_word' id='word_1_230' title='bbox 1289 1710 1421 1780; x_wconf 90' lang='lat' dir='ltr'><strong>credere,</strong></span> <span class='ocrx_word' id='word_1_231' title='bbox 1432 1711 1462 1764; x_wconf 92' lang='lat' dir='ltr'><strong>id</strong></span> <span class='ocrx_word' id='word_1_232' title='bbox 1474 1710 1553 1782; x_wconf 91' lang='lat' dir='ltr'><strong>quod</strong></span> <span class='ocrx_word' id='word_1_233' title='bbox 1569 1714 1691 1768; x_wconf 87' lang='lat' dir='ltr'><strong>nonnul·</strong></span> 
     </span>
     <span class='ocr_line' id='line_1_17' title="bbox 84 1794 1690 1872; baseline 0.002 -20"><span class='ocrx_word' id='word_1_234' title='bbox 84 1817 224 1853; x_wconf 83' lang='lat' dir='ltr'><strong>sacrorum</strong></span> <span class='ocrx_word' id='word_1_235' title='bbox 239 1799 504 1872; x_wconf 87' lang='lat' dir='ltr'><strong>interpretationem</strong></span> <span class='ocrx_word' id='word_1_236' title='bbox 520 1798 684 1868; x_wconf 90' lang='lat' dir='ltr'><strong>accesserit,</strong></span> <span class='ocrx_word' id='word_1_237' title='bbox 699 1807 731 1850; x_wconf 90' lang='lat' dir='ltr'><strong>ut</strong></span> <span class='ocrx_word' id='word_1_238' title='bbox 744 1797 773 1852; x_wconf 89' lang='lat' dir='ltr'><strong>C.</strong></span> <span class='ocrx_word' id='word_1_239' title='bbox 790 1798 813 1853; x_wconf 92' lang='lat'><strong>1.</strong></span> <span class='ocrx_word' id='word_1_240' title='bbox 832 1816 862 1852; x_wconf 90' lang='lat' dir='ltr'><strong>n.</strong></span> <span class='ocrx_word' id='word_1_241' title='bbox 910 1794 985 1849; x_wconf 85' lang='lat' dir='ltr'><strong>lisia</strong></span> <span class='ocrx_word' id='word_1_242' title='bbox 1003 1809 1126 1851; x_wconf 88' lang='lat' dir='ltr'><strong>mentem</strong></span> <span class='ocrx_word' id='word_1_243' title='bbox 1139 1799 1230 1866; x_wconf 84' lang='lat' dir='ltr'><strong>venit,</strong></span> <span class='ocrx_word' id='word_1_244' title='bbox 1244 1797 1413 1869; x_wconf 89' lang='lat' dir='ltr'><strong>Abydenum</strong></span> <span class='ocrx_word' id='word_1_245' title='bbox 1425 1809 1555 1852; x_wconf 89' lang='lat' dir='ltr'><strong>nostrum</strong></span> <span class='ocrx_word' id='word_1_246' title='bbox 1568 1800 1690 1855; x_wconf 88' lang='lat' dir='ltr'><strong>eundem</strong></span> 
     </span>
     <span class='ocr_line' id='line_1_18' title="bbox 86 1880 1692 1961; baseline 0.001 -21"><span class='ocrx_word' id='word_1_247' title='bbox 86 1883 284 1950; x_wconf 68' lang='lat' dir='ltr'><strong>565esttrois&#39;i</strong></span> <span class='ocrx_word' id='word_1_248' title='bbox 295 1880 865 1961; x_wconf 63' lang='lat' dir='ltr'><strong>lltsurprtffivttsymot,audentquenutto</strong></span> <span class='ocrx_word' id='word_1_249' title='bbox 911 1899 968 1938; x_wconf 86' lang='lat' dir='ltr'><strong>esse</strong></span> <span class='ocrx_word' id='word_1_250' title='bbox 981 1901 1046 1937; x_wconf 91' lang='lat' dir='ltr'><strong>cnm</strong></span> <span class='ocrx_word' id='word_1_251' title='bbox 1057 1885 1219 1956; x_wconf 85' lang='lat' dir='ltr'><strong>Palaephato</strong></span> <span class='ocrx_word' id='word_1_252' title='bbox 1234 1884 1387 1956; x_wconf 88' lang='lat' dir='ltr'><strong>Abydeno,</strong></span> <span class='ocrx_word' id='word_1_253' title='bbox 1404 1884 1545 1957; x_wconf 88' lang='lat' dir='ltr'><strong>discipulo</strong></span> <span class='ocrx_word' id='word_1_254' title='bbox 1557 1887 1692 1942; x_wconf 87' lang='lat' dir='ltr'><strong>Aristote-</strong></span> 
     </span>
     <span class='ocr_line' id='line_1_19' title="bbox 85 1968 1692 2046; baseline 0.004 -22"><span class='ocrx_word' id='word_1_255' title='bbox 85 1974 242 2030; x_wconf 84' lang='lat' dir='ltr'><strong>herrditatis</strong></span> <span class='ocrx_word' id='word_1_256' title='bbox 256 1972 371 2043; x_wconf 84' lang='lat' dir='ltr'><strong>jureeo</strong></span> <span class='ocrx_word' id='word_1_257' title='bbox 387 1973 563 2046; x_wconf 84' lang='lat' dir='ltr'><strong>pervenerit,</strong></span> <span class='ocrx_word' id='word_1_258' title='bbox 584 1990 643 2025; x_wconf 90' lang='lat' dir='ltr'><strong>uon</strong></span> <span class='ocrx_word' id='word_1_259' title='bbox 661 1971 752 2043; x_wconf 88' lang='lat' dir='ltr'><strong>magis</strong></span> <span class='ocrx_word' id='word_1_260' title='bbox 775 1971 866 2024; x_wconf 88' lang='lat' dir='ltr'><strong>ausim</strong></span> <span class='ocrx_word' id='word_1_261' title='bbox 912 1968 954 2025; x_wconf 93' lang='lat' dir='ltr'><strong>lis.</strong></span> <span class='ocrx_word' id='word_1_262' title='bbox 973 2000 1013 2012; x_wconf 88' lang='lat'>—</span> <span class='ocrx_word' id='word_1_263' title='bbox 1038 1971 1148 2024; x_wconf 85' lang='lat' dir='ltr'><strong>Primus</strong></span> <span class='ocrx_word' id='word_1_264' title='bbox 1169 1973 1218 2044; x_wconf 93' lang='lat' dir='ltr'><strong>qui</strong></span> <span class='ocrx_word' id='word_1_265' title='bbox 1235 1971 1366 2044; x_wconf 83' lang='lat' dir='ltr'><strong>Abydeni</strong></span> <span class='ocrx_word' id='word_1_266' title='bbox 1387 1973 1530 2040; x_wconf 85' lang='lat' dir='ltr'><strong>meminit,</strong></span> <span class='ocrx_word' id='word_1_267' title='bbox 1552 1992 1627 2028; x_wconf 91' lang='lat' dir='ltr'><strong>nunc</strong></span> <span class='ocrx_word' id='word_1_268' title='bbox 1651 1987 1692 2030; x_wconf 89' lang='lat' dir='ltr'><strong>cst</strong></span> 
     </span>
     <span class='ocr_line' id='line_1_20' title="bbox 84 2057 1692 2132; baseline 0.002 -19"><span class='ocrx_word' id='word_1_269' title='bbox 84 2061 232 2115; x_wconf 80' lang='lat' dir='ltr'><strong>decernere</strong></span> <span class='ocrx_word' id='word_1_270' title='bbox 252 2079 340 2132; x_wconf 88' lang='lat' dir='ltr'><strong>quam</strong></span> <span class='ocrx_word' id='word_1_271' title='bbox 357 2080 426 2114; x_wconf 89' lang='lat' dir='ltr'><strong>num</strong></span> <span class='ocrx_word' id='word_1_272' title='bbox 447 2060 605 2132; x_wconf 88' lang='lat' dir='ltr'><strong>Lycurgus,</strong></span> <span class='ocrx_word' id='word_1_273' title='bbox 628 2069 661 2112; x_wconf 92' lang='lat' dir='ltr'><strong>ut</strong></span> <span class='ocrx_word' id='word_1_274' title='bbox 681 2067 761 2112; x_wconf 91' lang='lat' dir='ltr'><strong>erant</strong></span> <span class='ocrx_word' id='word_1_275' title='bbox 779 2059 867 2131; x_wconf 90' lang='lat' dir='ltr'><strong>ipsius</strong></span> <span class='ocrx_word' id='word_1_276' title='bbox 912 2057 1055 2112; x_wconf 85' lang='lat' dir='ltr'><strong>Eusebius.</strong></span> <span class='ocrx_word' id='word_1_277' title='bbox 1083 2057 1167 2112; x_wconf 88' lang='lat' dir='ltr'><strong>Unde</strong></span> <span class='ocrx_word' id='word_1_278' title='bbox 1192 2059 1330 2112; x_wconf 88' lang='lat' dir='ltr'><strong>citerioris</strong></span> <span class='ocrx_word' id='word_1_279' title='bbox 1360 2060 1410 2112; x_wconf 84' lang='lat' dir='ltr'><strong>aevi</strong></span> <span class='ocrx_word' id='word_1_280' title='bbox 1439 2061 1608 2131; x_wconf 87' lang='lat' dir='ltr'><strong>scriptorem</strong></span> <span class='ocrx_word' id='word_1_281' title='bbox 1633 2079 1692 2117; x_wconf 88' lang='lat' dir='ltr'><strong>esse</strong></span> 
     </span>
     <span class='ocr_line' id='line_1_21' title="bbox 84 2143 1693 2220; baseline 0.003 -21"><span class='ocrx_word' id='word_1_282' title='bbox 84 2149 155 2218; x_wconf 80' lang='lat' dir='ltr'><strong>genti</strong></span> <span class='ocrx_word' id='word_1_283' title='bbox 167 2149 341 2202; x_wconf 86' lang='lat' dir='ltr'><strong>sanctissima</strong></span> <span class='ocrx_word' id='word_1_284' title='bbox 360 2147 521 2202; x_wconf 89' lang='lat' dir='ltr'><strong>sacerdotia</strong></span> <span class='ocrx_word' id='word_1_285' title='bbox 539 2147 677 2218; x_wconf 89' lang='lat' dir='ltr'><strong>propria,</strong></span> <span class='ocrx_word' id='word_1_286' title='bbox 693 2146 732 2199; x_wconf 89' lang='lat' dir='ltr'><strong>ita</strong></span> <span class='ocrx_word' id='word_1_287' title='bbox 746 2163 808 2200; x_wconf 91' lang='lat' dir='ltr'><strong>eam</strong></span> <span class='ocrx_word' id='word_1_288' title='bbox 828 2146 866 2199; x_wconf 89' lang='lat' dir='ltr'><strong>ob</strong></span> <span class='ocrx_word' id='word_1_289' title='bbox 915 2143 1055 2216; x_wconf 74' lang='lat' dir='ltr'><strong>(secundi</strong></span> <span class='ocrx_word' id='word_1_290' title='bbox 1069 2145 1114 2198; x_wconf 82' lang='lat' dir='ltr'><strong>vel</strong></span> <span class='ocrx_word' id='word_1_291' title='bbox 1131 2147 1205 2199; x_wconf 90' lang='lat' dir='ltr'><strong>tertii</strong></span> <span class='ocrx_word' id='word_1_292' title='bbox 1220 2157 1286 2218; x_wconf 92' lang='lat' dir='ltr'><strong>post</strong></span> <span class='ocrx_word' id='word_1_293' title='bbox 1297 2146 1362 2202; x_wconf 89' lang='lat' dir='ltr'><strong>Chr.</strong></span> <span class='ocrx_word' id='word_1_294' title='bbox 1380 2146 1480 2213; x_wconf 90' lang='lat' dir='ltr'><strong>seculi,</strong></span> <span class='ocrx_word' id='word_1_295' title='bbox 1503 2147 1594 2220; x_wconf 89' lang='lat' dir='ltr'><strong>puto)</strong></span> <span class='ocrx_word' id='word_1_296' title='bbox 1616 2159 1693 2204; x_wconf 87' lang='lat' dir='ltr'><strong>recte</strong></span> 
     </span>
     <span class='ocr_line' id='line_1_22' title="bbox 85 2231 1503 2308; baseline 0.004 -22"><span class='ocrx_word' id='word_1_297' title='bbox 85 2253 206 2289; x_wconf 61' lang='lat' dir='ltr'><strong>cannam</strong></span> <span class='ocrx_word' id='word_1_298' title='bbox 220 2237 274 2290; x_wconf 89' lang='lat' dir='ltr'><strong>ista</strong></span> <span class='ocrx_word' id='word_1_299' title='bbox 294 2254 324 2290; x_wconf 88' lang='lat' dir='ltr'><strong>se</strong></span> <span class='ocrx_word' id='word_1_300' title='bbox 339 2235 498 2290; x_wconf 82' lang='lat' dir='ltr'><strong>devinxerit</strong></span> <span class='ocrx_word' id='word_1_301' title='bbox 520 2231 672 2306; x_wconf 82' lang='lat' dir='ltr'><strong>affinitate,</strong></span> <span class='ocrx_word' id='word_1_302' title='bbox 691 2233 770 2305; x_wconf 89' lang='lat' dir='ltr'><strong>quod</strong></span> <span class='ocrx_word' id='word_1_303' title='bbox 784 2234 867 2288; x_wconf 88' lang='lat' dir='ltr'><strong>etiam</strong></span> <span class='ocrx_word' id='word_1_304' title='bbox 913 2231 1067 2302; x_wconf 85' lang='lat' dir='ltr'><strong>conjecisse</strong></span> <span class='ocrx_word' id='word_1_305' title='bbox 1081 2231 1194 2288; x_wconf 90' lang='lat' dir='ltr'><strong>videtur</strong></span> <span class='ocrx_word' id='word_1_306' title='bbox 1205 2234 1375 2288; x_wconf 85' lang='lat' dir='ltr'><strong>Niebuhrius</strong></span> <span class='ocrx_word' id='word_1_307' title='bbox 1385 2235 1405 2287; x_wconf 88' lang='lat' dir='ltr'><strong>l.</strong></span> <span class='ocrx_word' id='word_1_308' title='bbox 1419 2234 1438 2291; x_wconf 92' lang='lat' dir='ltr'><strong>l.</strong></span> <span class='ocrx_word' id='word_1_309' title='bbox 1457 2233 1503 2308; x_wconf 83' lang='grc'><strong>(·).</strong></span> 
     </span>
     <span class='ocr_line' id='line_1_23' title="bbox 85 2318 1694 2396; baseline 0.004 -25"><span class='ocrx_word' id='word_1_310' title='bbox 85 2325 179 2376; x_wconf 72' lang='lat' dir='ltr'><strong>uxoris</strong></span> <span class='ocrx_word' id='word_1_311' title='bbox 199 2341 267 2396; x_wconf 89' lang='lat' dir='ltr'><strong>gens</strong></span> <span class='ocrx_word' id='word_1_312' title='bbox 292 2341 357 2377; x_wconf 89' lang='lat' dir='ltr'><strong>cum</strong></span> <span class='ocrx_word' id='word_1_313' title='bbox 379 2323 466 2377; x_wconf 88' lang='lat' dir='ltr'><strong>sacris</strong></span> <span class='ocrx_word' id='word_1_314' title='bbox 491 2323 656 2378; x_wconf 82' lang='lat' dir='ltr'><strong>cohaereret.</strong></span> <span class='ocrx_word' id='word_1_315' title='bbox 685 2345 696 2369; x_wconf 76' lang='lat' dir='ltr'><strong>n</strong></span> <span class='ocrx_word' id='word_1_316' title='bbox 725 2351 764 2362; x_wconf 91' lang='lat'><strong>--</strong></span> <span class='ocrx_word' id='word_1_317' title='bbox 786 2322 868 2376; x_wconf 88' lang='lat' dir='ltr'><strong>Alius</strong></span> <span class='ocrx_word' id='word_1_318' title='bbox 952 2318 1101 2390; x_wconf 88' lang='lat' dir='ltr'><strong>Scripsisse</strong></span> <span class='ocrx_word' id='word_1_319' title='bbox 1116 2319 1288 2390; x_wconf 88' lang='lat' dir='ltr'><strong>Abydenum</strong></span> <span class='ocrx_word' id='word_1_320' title='bbox 1306 2320 1459 2375; x_wconf 85' lang='lat' dir='ltr'><strong>ilistoriam</strong></span> <span class='ocrx_word' id='word_1_321' title='bbox 1474 2321 1654 2392; x_wconf 84' lang='lat' dir='ltr'><strong>Assyriorum</strong></span> <span class='ocrx_word' id='word_1_322' title='bbox 1666 2335 1694 2379; x_wconf 86' lang='lat' dir='ltr'><strong>et</strong></span> 
     </span>
     <span class='ocr_line' id='line_1_24' title="bbox 87 2406 1689 2482; baseline 0.003 -22"><span class='ocrx_word' id='word_1_323' title='bbox 87 2409 202 2463; x_wconf 88' lang='lat' dir='ltr'><strong>llabron</strong></span> <span class='ocrx_word' id='word_1_324' title='bbox 214 2422 256 2464; x_wconf 88' lang='lat' dir='ltr'><strong>est</strong></span> <span class='ocrx_word' id='word_1_325' title='bbox 273 2412 350 2464; x_wconf 89' lang='lat' dir='ltr'><strong>inter</strong></span> <span class='ocrx_word' id='word_1_326' title='bbox 364 2408 438 2464; x_wconf 88' lang='lat' dir='ltr'><strong>filios</strong></span> <span class='ocrx_word' id='word_1_327' title='bbox 459 2409 597 2482; x_wconf 85' lang='lat' dir='ltr'><strong>Lycurgi;</strong></span> <span class='ocrx_word' id='word_1_328' title='bbox 620 2410 720 2463; x_wconf 89' lang='lat' dir='ltr'><strong>tertius</strong></span> <span class='ocrx_word' id='word_1_329' title='bbox 732 2407 867 2478; x_wconf 80' lang='lat' dir='ltr'><strong>Hebron,</strong></span> <span class='ocrx_word' id='word_1_330' title='bbox 912 2406 1061 2460; x_wconf 86' lang='lat' dir='ltr'><strong>Medorum</strong></span> <span class='ocrx_word' id='word_1_331' title='bbox 1077 2425 1111 2461; x_wconf 90' lang='lat' dir='ltr'><strong>ex</strong></span> <span class='ocrx_word' id='word_1_332' title='bbox 1135 2408 1247 2462; x_wconf 86' lang='lat' dir='ltr'><strong>Eusebii</strong></span> <span class='ocrx_word' id='word_1_333' title='bbox 1263 2408 1423 2462; x_wconf 86' lang='lat' dir='ltr'><strong>testimonio</strong></span> <span class='ocrx_word' id='word_1_334' title='bbox 1445 2419 1474 2462; x_wconf 87' lang='lat' dir='ltr'><strong>et</strong></span> <span class='ocrx_word' id='word_1_335' title='bbox 1493 2425 1527 2462; x_wconf 83' lang='lat' dir='ltr'><strong>ex</strong></span> <span class='ocrx_word' id='word_1_336' title='bbox 1542 2408 1642 2482; x_wconf 79' lang='lat' dir='ltr'><strong>fragm.</strong></span> <span class='ocrx_word' id='word_1_337' title='bbox 1659 2429 1689 2465; x_wconf 86' lang='lat'><strong>11</strong></span> 
     </span>
     <span class='ocr_line' id='line_1_25' title="bbox 83 2494 1693 2571; baseline 0.003 -24"><span class='ocrx_word' id='word_1_338' title='bbox 83 2515 183 2550; x_wconf 86' lang='lat' dir='ltr'><strong>norem</strong></span> <span class='ocrx_word' id='word_1_339' title='bbox 207 2497 439 2570; x_wconf 76' lang='lat' dir='ltr'><strong>generationibus</strong></span> <span class='ocrx_word' id='word_1_340' title='bbox 459 2495 567 2566; x_wconf 85' lang='lat' dir='ltr'><strong>junior,</strong></span> <span class='ocrx_word' id='word_1_341' title='bbox 595 2494 676 2565; x_wconf 84' lang='lat' dir='ltr'><strong>cujus</strong></span> <span class='ocrx_word' id='word_1_342' title='bbox 701 2505 784 2568; x_wconf 88' lang='lat' dir='ltr'><strong>pater</strong></span> <span class='ocrx_word' id='word_1_343' title='bbox 809 2513 868 2548; x_wconf 90' lang='lat' dir='ltr'><strong>non</strong></span> <span class='ocrx_word' id='word_1_344' title='bbox 912 2504 991 2566; x_wconf 88' lang='lat' dir='ltr'><strong>patet</strong></span> <span class='ocrx_word' id='word_1_345' title='bbox 1002 2495 1228 2550; x_wconf 86' lang='lat' dir='ltr'><strong>luculentissime.</strong></span> <span class='ocrx_word' id='word_1_346' title='bbox 1244 2497 1286 2550; x_wconf 83' lang='lat' dir='ltr'><strong>Ex</strong></span> <span class='ocrx_word' id='word_1_347' title='bbox 1300 2494 1400 2550; x_wconf 89' lang='lat' dir='ltr'><strong>eodem</strong></span> <span class='ocrx_word' id='word_1_348' title='bbox 1420 2513 1508 2568; x_wconf 88' lang='lat' dir='ltr'><strong>opere</strong></span> <span class='ocrx_word' id='word_1_349' title='bbox 1523 2495 1693 2571; x_wconf 87' lang='lat' dir='ltr'><strong>deprompta</strong></span> 
     </span>
     <span class='ocr_line' id='line_1_26' title="bbox 81 2581 1693 2657; baseline 0.002 -21"><span class='ocrx_word' id='word_1_350' title='bbox 81 2596 261 2652; x_wconf 83' lang='lat' dir='ltr'><strong>memoratur,</strong></span> <span class='ocrx_word' id='word_1_351' title='bbox 273 2584 352 2657; x_wconf 89' lang='lat' dir='ltr'><strong>apud</strong></span> <span class='ocrx_word' id='word_1_352' title='bbox 360 2583 480 2639; x_wconf 87' lang='lat' dir='ltr'><strong>eundem</strong></span> <span class='ocrx_word' id='word_1_353' title='bbox 489 2583 672 2636; x_wconf 82' lang='lat' dir='ltr'><strong>Plutarchum</strong></span> <span class='ocrx_word' id='word_1_354' title='bbox 683 2583 713 2636; x_wconf 91' lang='lat' dir='ltr'><strong>in</strong></span> <span class='ocrx_word' id='word_1_355' title='bbox 721 2593 868 2637; x_wconf 88' lang='lat' dir='ltr'><strong>stemmate</strong></span> <span class='ocrx_word' id='word_1_356' title='bbox 912 2591 976 2633; x_wconf 89' lang='lat' dir='ltr'><strong>sunt</strong></span> <span class='ocrx_word' id='word_1_357' title='bbox 1001 2599 1064 2652; x_wconf 81' lang='lat' dir='ltr'><strong>quae</strong></span> <span class='ocrx_word' id='word_1_358' title='bbox 1088 2587 1122 2634; x_wconf 87' lang='lat' dir='ltr'><strong>ad</strong></span> <span class='ocrx_word' id='word_1_359' title='bbox 1145 2581 1342 2639; x_wconf 79' lang='lat' dir='ltr'><strong>Chaldaeorum</strong></span> <span class='ocrx_word' id='word_1_360' title='bbox 1363 2583 1511 2636; x_wconf 89' lang='lat' dir='ltr'><strong>historiam</strong></span> <span class='ocrx_word' id='word_1_361' title='bbox 1534 2587 1693 2656; x_wconf 87' lang='lat' dir='ltr'><strong>pertinent,</strong></span> 
     </span>
     <span class='ocr_line' id='line_1_27' title="bbox 83 2667 1694 2744; baseline 0.006 -24"><span class='ocrx_word' id='word_1_362' title='bbox 83 2670 194 2724; x_wconf 81' lang='lat' dir='ltr'><strong>familiae</strong></span> <span class='ocrx_word' id='word_1_363' title='bbox 223 2674 378 2744; x_wconf 85' lang='lat' dir='ltr'><strong>Lycurgeae</strong></span> <span class='ocrx_word' id='word_1_364' title='bbox 409 2671 543 2724; x_wconf 90' lang='lat' dir='ltr'><strong>occurrit.</strong></span> <span class='ocrx_word' id='word_1_365' title='bbox 574 2670 693 2724; x_wconf 85' lang='lat' dir='ltr'><strong>Calliam</strong></span> <span class='ocrx_word' id='word_1_366' title='bbox 726 2669 868 2741; x_wconf 89' lang='lat' dir='ltr'><strong>quendam</strong></span> <span class='ocrx_word' id='word_1_367' title='bbox 913 2668 953 2719; x_wconf 90' lang='lat' dir='ltr'><strong>uti</strong></span> <span class='ocrx_word' id='word_1_368' title='bbox 962 2668 1106 2740; x_wconf 88' lang='lat' dir='ltr'><strong>colligitur</strong></span> <span class='ocrx_word' id='word_1_369' title='bbox 1115 2687 1149 2722; x_wconf 86' lang='lat' dir='ltr'><strong>ex</strong></span> <span class='ocrx_word' id='word_1_370' title='bbox 1162 2667 1197 2725; x_wconf 89' lang='lat' dir='ltr'><strong>fr.</strong></span> <span class='ocrx_word' id='word_1_371' title='bbox 1209 2687 1239 2742; x_wconf 88' lang='lat'><strong>9,</strong></span> <span class='ocrx_word' id='word_1_372' title='bbox 1251 2669 1299 2722; x_wconf 92' lang='lat' dir='ltr'><strong>ubi</strong></span> <span class='ocrx_word' id='word_1_373' title='bbox 1308 2670 1344 2724; x_wconf 89' lang='lat' dir='ltr'><strong>de</strong></span> <span class='ocrx_word' id='word_1_374' title='bbox 1355 2670 1590 2742; x_wconf 85' lang='lat' dir='ltr'><strong>turrillabylouia</strong></span> <span class='ocrx_word' id='word_1_375' title='bbox 1601 2673 1694 2744; x_wconf 90' lang='lat' dir='ltr'><strong>deque</strong></span> 
     </span>
     <span class='ocr_line' id='line_1_28' title="bbox 82 2751 1695 2836; baseline 0.004 -28"><span class='ocrx_word' id='word_1_376' title='bbox 82 2769 216 2829; x_wconf 85' lang='lat' dir='ltr'><strong>tanquam</strong></span> <span class='ocrx_word' id='word_1_377' title='bbox 245 2759 406 2831; x_wconf 88' lang='lat' dir='ltr'><strong>principem</strong></span> <span class='ocrx_word' id='word_1_378' title='bbox 437 2757 585 2829; x_wconf 75' lang='lat' dir='ltr'><strong>legationis</strong></span> <span class='ocrx_word' id='word_1_379' title='bbox 611 2774 696 2810; x_wconf 85' lang='lat' dir='ltr'><strong>saerae</strong></span> <span class='ocrx_word' id='word_1_380' title='bbox 724 2751 789 2832; x_wconf 79' lang='grc' dir='ltr'>ὑπὲρ</span> <span class='ocrx_word' id='word_1_381' title='bbox 815 2757 867 2811; x_wconf 81' lang='grc' dir='ltr'><strong>τῶν</strong></span> <span class='ocrx_word' id='word_1_382' title='bbox 913 2753 1197 2810; x_wconf 87' lang='lat' dir='ltr'><strong>Nabuchodonosoro</strong></span> <span class='ocrx_word' id='word_1_383' title='bbox 1218 2755 1351 2810; x_wconf 90' lang='lat' dir='ltr'><strong>laudatur</strong></span> <span class='ocrx_word' id='word_1_384' title='bbox 1365 2758 1382 2823; x_wconf 79' lang='grc' dir='ltr'>ἡ</span> <span class='ocrx_word' id='word_1_385' title='bbox 1398 2753 1538 2823; x_wconf 74' lang='grc' dir='ltr'>Ἀὅυδηνοῦ</span> <span class='ocrx_word' id='word_1_386' title='bbox 1559 2755 1619 2836; x_wconf 76' lang='grc' dir='ltr'>περὶ</span> <span class='ocrx_word' id='word_1_387' title='bbox 1634 2756 1695 2817; x_wconf 75' lang='grc' dir='ltr'><strong>Ἁσ-</strong></span> 
     </span>
     <span class='ocr_line' id='line_1_29' title="bbox 82 2837 1693 2918; baseline 0.002 -19"><span class='ocrx_word' id='word_1_388' title='bbox 82 2841 275 2911; x_wconf 71' lang='lat' dir='ltr'><strong>llasademicn</strong></span> <span class='ocrx_word' id='word_1_389' title='bbox 303 2847 333 2898; x_wconf 92' lang='lat' dir='ltr'><strong>in</strong></span> <span class='ocrx_word' id='word_1_390' title='bbox 353 2846 508 2916; x_wconf 83' lang='lat' dir='ltr'><strong>AEgyptum</strong></span> <span class='ocrx_word' id='word_1_391' title='bbox 525 2845 615 2896; x_wconf 79' lang='lat' dir='ltr'><strong>missae</strong></span> <span class='ocrx_word' id='word_1_392' title='bbox 629 2843 666 2897; x_wconf 87' lang='lat' dir='ltr'><strong>ad</strong></span> <span class='ocrx_word' id='word_1_393' title='bbox 686 2843 868 2898; x_wconf 80' lang='lat' dir='ltr'><strong>Ptolemaeum</strong></span> <span class='ocrx_word' id='word_1_394' title='bbox 914 2837 1008 2917; x_wconf 81' lang='lat' dir='ltr'><strong>oupiuv</strong></span> <span class='ocrx_word' id='word_1_395' title='bbox 1026 2838 1125 2918; x_wconf 74' lang='grc' dir='ltr'>γραφή.</span> <span class='ocrx_word' id='word_1_396' title='bbox 1144 2843 1189 2898; x_wconf 83' lang='lat' dir='ltr'><strong>Cf.</strong></span> <span class='ocrx_word' id='word_1_397' title='bbox 1216 2843 1352 2898; x_wconf 88' lang='lat' dir='ltr'><strong>Eusebius</strong></span> <span class='ocrx_word' id='word_1_398' title='bbox 1371 2845 1400 2899; x_wconf 90' lang='lat' dir='ltr'><strong>in</strong></span> <span class='ocrx_word' id='word_1_399' title='bbox 1412 2847 1445 2902; x_wconf 90' lang='lat' dir='ltr'><strong>P.</strong></span> <span class='ocrx_word' id='word_1_400' title='bbox 1457 2847 1508 2902; x_wconf 87' lang='lat' dir='ltr'><strong>Ev.</strong></span> <span class='ocrx_word' id='word_1_401' title='bbox 1523 2865 1553 2918; x_wconf 90' lang='lat' dir='ltr'><strong>p.</strong></span> <span class='ocrx_word' id='word_1_402' title='bbox 1574 2853 1643 2914; x_wconf 71' lang='lat'><strong>414,</strong></span> <span class='ocrx_word' id='word_1_403' title='bbox 1668 2850 1693 2902; x_wconf 90' lang='lat' dir='ltr'>D</span> 
     </span>
     <span class='ocr_line' id='line_1_30' title="bbox 80 2927 1694 3006; baseline 0.003 -24"><span class='ocrx_word' id='word_1_404' title='bbox 80 2932 318 3006; x_wconf 76' lang='lat' dir='ltr'><strong>Philometor-em,</strong></span> <span class='ocrx_word' id='word_1_405' title='bbox 341 2942 546 2986; x_wconf 88' lang='lat' dir='ltr'><strong>commemorat</strong></span> <span class='ocrx_word' id='word_1_406' title='bbox 566 2931 704 3003; x_wconf 84' lang='lat' dir='ltr'><strong>Polybius</strong></span> <span class='ocrx_word' id='word_1_407' title='bbox 724 2932 866 3004; x_wconf 78' lang='lat' dir='ltr'><strong>XXVIII,</strong></span> <span class='ocrx_word' id='word_1_408' title='bbox 915 2927 991 3002; x_wconf 79' lang='lat' dir='ltr'><strong>(not.</strong></span> <span class='ocrx_word' id='word_1_409' title='bbox 1002 2929 1038 2983; x_wconf 93' lang='lat' dir='ltr'><strong>ad</strong></span> <span class='ocrx_word' id='word_1_410' title='bbox 1052 2928 1088 2985; x_wconf 87' lang='lat' dir='ltr'><strong>fr.</strong></span> <span class='ocrx_word' id='word_1_411' title='bbox 1109 2948 1120 2983; x_wconf 95' lang='lat'>1</span> <span class='ocrx_word' id='word_1_412' title='bbox 1136 2930 1157 3004; x_wconf 71' lang='lat' dir='ltr'><strong>l,</strong></span> <span class='ocrx_word' id='word_1_413' title='bbox 1173 2931 1222 3002; x_wconf 92' lang='lat' dir='ltr'><strong>qui</strong></span> <span class='ocrx_word' id='word_1_414' title='bbox 1237 2930 1272 2984; x_wconf 92' lang='lat' dir='ltr'><strong>de</strong></span> <span class='ocrx_word' id='word_1_415' title='bbox 1285 2932 1485 3004; x_wconf 88' lang='lat' dir='ltr'><strong>antiquissimis</strong></span> <span class='ocrx_word' id='word_1_416' title='bbox 1498 2933 1694 2990; x_wconf 75' lang='lat' dir='ltr'><strong>Chaldaeorum</strong></span> 
     </span>
     <span class='ocr_line' id='line_1_31' title="bbox 82 3013 1694 3096; baseline 0.009 -37"><span class='ocrx_word' id='word_1_417' title='bbox 82 3019 129 3088; x_wconf 57' lang='grc'><strong>,6,</strong></span> <span class='ocrx_word' id='word_1_418' title='bbox 146 3027 175 3085; x_wconf 68' lang='lat' dir='ltr'><strong>q,</strong></span> <span class='ocrx_word' id='word_1_419' title='bbox 913 3016 1026 3088; x_wconf 87' lang='lat' dir='ltr'><strong>regibus</strong></span> <span class='ocrx_word' id='word_1_420' title='bbox 1040 3015 1201 3089; x_wconf 70' lang='lat' dir='ltr'><strong>loquerer&amp;</strong></span> <span class='ocrx_word' id='word_1_421' title='bbox 1217 3013 1326 3084; x_wconf 69' lang='grc' dir='ltr'>Μηδικὰ</span> <span class='ocrx_word' id='word_1_422' title='bbox 1339 3016 1384 3072; x_wconf 80' lang='grc' dir='ltr'><strong>καὶ</strong></span> <span class='ocrx_word' id='word_1_423' title='bbox 1393 3015 1426 3073; x_wconf 72' lang='grc' dir='ltr'><strong>τὰ</strong></span> <span class='ocrx_word' id='word_1_424' title='bbox 1439 3016 1597 3096; x_wconf 67' lang='grc' dir='ltr'>Ἀσσυριακὰ</span> <span class='ocrx_word' id='word_1_425' title='bbox 1616 3021 1694 3093; x_wconf 90' lang='lat' dir='ltr'><strong>Aby-</strong></span> 
     </span>
     <span class='ocr_line' id='line_1_32' title="bbox 117 3103 1693 3179; baseline 0.004 -21"><span class='ocrx_word' id='word_1_426' title='bbox 117 3105 868 3178; x_wconf 81' lang='lat' dir='ltr'><strong>Distinguendusanostrollabrone,HabronPhryx</strong></span> <span class='ocrx_word' id='word_1_427' title='bbox 914 3103 979 3156; x_wconf 90' lang='lat' dir='ltr'><strong>deni</strong></span> <span class='ocrx_word' id='word_1_428' title='bbox 991 3104 1105 3160; x_wconf 88' lang='lat' dir='ltr'><strong>excitat.</strong></span> <span class='ocrx_word' id='word_1_429' title='bbox 1131 3105 1222 3176; x_wconf 91' lang='lat' dir='ltr'><strong>lgitur</strong></span> <span class='ocrx_word' id='word_1_430' title='bbox 1240 3105 1268 3156; x_wconf 93' lang='lat' dir='ltr'><strong>in</strong></span> <span class='ocrx_word' id='word_1_431' title='bbox 1289 3104 1387 3177; x_wconf 83' lang='lat' dir='ltr'><strong>fragm.</strong></span> <span class='ocrx_word' id='word_1_432' title='bbox 1415 3123 1443 3174; x_wconf 85' lang='lat' dir='ltr'><strong>a,</strong></span> <span class='ocrx_word' id='word_1_433' title='bbox 1458 3107 1508 3160; x_wconf 92' lang='lat' dir='ltr'><strong>ubi</strong></span> <span class='ocrx_word' id='word_1_434' title='bbox 1524 3107 1693 3179; x_wconf 82' lang='lat' dir='ltr'><strong>Abydenunr</strong></span> 
     </span>
     <span class='ocr_line' id='line_1_33' title="bbox 78 3187 1694 3266; baseline 0.004 -25"><span class='ocrx_word' id='word_1_435' title='bbox 78 3193 121 3244; x_wconf 73' lang='lat' dir='ltr'><strong>sel</strong></span> <span class='ocrx_word' id='word_1_436' title='bbox 138 3194 281 3261; x_wconf 85' lang='lat' dir='ltr'><strong>Rhodius,</strong></span> <span class='ocrx_word' id='word_1_437' title='bbox 294 3211 310 3248; x_wconf 87' lang='lat' dir='ltr'><strong>e</strong></span> <span class='ocrx_word' id='word_1_438' title='bbox 323 3211 470 3248; x_wconf 80' lang='lat' dir='ltr'><strong>servorum</strong></span> <span class='ocrx_word' id='word_1_439' title='bbox 480 3209 595 3266; x_wconf 85' lang='lat' dir='ltr'><strong>genere,</strong></span> <span class='ocrx_word' id='word_1_440' title='bbox 610 3193 770 3266; x_wconf 90' lang='lat' dir='ltr'><strong>Tryphonis</strong></span> <span class='ocrx_word' id='word_1_441' title='bbox 785 3193 869 3248; x_wconf 89' lang='lat' dir='ltr'><strong>disci·</strong></span> <span class='ocrx_word' id='word_1_442' title='bbox 913 3190 943 3241; x_wconf 88' lang='lat' dir='ltr'><strong>in</strong></span> <span class='ocrx_word' id='word_1_443' title='bbox 967 3189 1164 3243; x_wconf 71' lang='lat' dir='ltr'><strong>Chablaeorum</strong></span> <span class='ocrx_word' id='word_1_444' title='bbox 1186 3187 1305 3242; x_wconf 82' lang='lat' dir='ltr'><strong>historia</strong></span> <span class='ocrx_word' id='word_1_445' title='bbox 1324 3191 1423 3245; x_wconf 88' lang='lat' dir='ltr'><strong>laudat</strong></span> <span class='ocrx_word' id='word_1_446' title='bbox 1446 3192 1521 3246; x_wconf 89' lang='lat' dir='ltr'><strong>idem</strong></span> <span class='ocrx_word' id='word_1_447' title='bbox 1541 3192 1694 3261; x_wconf 82' lang='lat' dir='ltr'><strong>Eusebius,</strong></span> 
     </span>
     <span class='ocr_line' id='line_1_34' title="bbox 79 3277 1696 3356; baseline 0.003 -26"><span class='ocrx_word' id='word_1_448' title='bbox 79 3281 166 3351; x_wconf 85' lang='lat' dir='ltr'><strong>palus</strong></span> <span class='ocrx_word' id='word_1_449' title='bbox 182 3279 298 3354; x_wconf 86' lang='lat' dir='ltr'><strong>(Suidas</strong></span> <span class='ocrx_word' id='word_1_450' title='bbox 316 3300 343 3338; x_wconf 85' lang='lat' dir='ltr'><strong>v.</strong></span> <span class='ocrx_word' id='word_1_451' title='bbox 358 3277 488 3356; x_wconf 76' lang='grc' dir='ltr'>Ἄὸρων).</span> <span class='ocrx_word' id='word_1_452' title='bbox 510 3280 555 3335; x_wconf 94' lang='lat' dir='ltr'><strong>Ad</strong></span> <span class='ocrx_word' id='word_1_453' title='bbox 568 3281 644 3335; x_wconf 90' lang='lat' dir='ltr'><strong>hunc</strong></span> <span class='ocrx_word' id='word_1_454' title='bbox 659 3283 781 3353; x_wconf 87' lang='lat' dir='ltr'><strong>pertinet</strong></span> <span class='ocrx_word' id='word_1_455' title='bbox 796 3300 868 3355; x_wconf 90' lang='lat' dir='ltr'><strong>opus</strong></span> <span class='ocrx_word' id='word_1_456' title='bbox 913 3293 973 3330; x_wconf 88' lang='lat' dir='ltr'><strong>rem</strong></span> <span class='ocrx_word' id='word_1_457' title='bbox 986 3288 1140 3344; x_wconf 85' lang='lat' dir='ltr'><strong>narratam,</strong></span> <span class='ocrx_word' id='word_1_458' title='bbox 1153 3295 1214 3331; x_wconf 89' lang='lat' dir='ltr'><strong>non</strong></span> <span class='ocrx_word' id='word_1_459' title='bbox 1224 3279 1339 3332; x_wconf 90' lang='lat' dir='ltr'><strong>titulum</strong></span> <span class='ocrx_word' id='word_1_460' title='bbox 1357 3279 1423 3334; x_wconf 90' lang='lat' dir='ltr'><strong>libri</strong></span> <span class='ocrx_word' id='word_1_461' title='bbox 1440 3290 1580 3353; x_wconf 85' lang='lat' dir='ltr'><strong>spectasse</strong></span> <span class='ocrx_word' id='word_1_462' title='bbox 1590 3291 1696 3354; x_wconf 90' lang='lat' dir='ltr'><strong>putan-</strong></span> 
     </span>
     <span class='ocr_line' id='line_1_35' title="bbox 82 3363 1695 3442; baseline 0.003 -25"><span class='ocrx_word' id='word_1_463' title='bbox 82 3365 434 3442; x_wconf 63' lang='lat' dir='ltr'><strong>llspixupmdpun,cujns</strong></span> <span class='ocrx_word' id='word_1_464' title='bbox 444 3367 573 3422; x_wconf 86' lang='lat' dir='ltr'><strong>meminit</strong></span> <span class='ocrx_word' id='word_1_465' title='bbox 589 3369 747 3441; x_wconf 82' lang='lat' dir='ltr'><strong>Stephanus</strong></span> <span class='ocrx_word' id='word_1_466' title='bbox 761 3370 866 3440; x_wconf 72' lang='lat' dir='ltr'><strong>Bym,</strong></span> <span class='ocrx_word' id='word_1_467' title='bbox 913 3363 966 3418; x_wconf 90' lang='lat' dir='ltr'><strong>dus</strong></span> <span class='ocrx_word' id='word_1_468' title='bbox 986 3375 1037 3420; x_wconf 82' lang='lat' dir='ltr'><strong>est.</strong></span> <span class='ocrx_word' id='word_1_469' title='bbox 1063 3366 1195 3420; x_wconf 78' lang='lat' dir='ltr'><strong>Celerum</strong></span> <span class='ocrx_word' id='word_1_470' title='bbox 1214 3383 1278 3438; x_wconf 79' lang='lat' dir='ltr'><strong>quae</strong></span> <span class='ocrx_word' id='word_1_471' title='bbox 1300 3366 1335 3420; x_wconf 84' lang='lat' dir='ltr'><strong>de</strong></span> <span class='ocrx_word' id='word_1_472' title='bbox 1358 3365 1493 3422; x_wconf 71' lang='lat' dir='ltr'><strong>Chaldaeis</strong></span> <span class='ocrx_word' id='word_1_473' title='bbox 1505 3385 1539 3422; x_wconf 74' lang='lat' dir='ltr'><strong>ex</strong></span> <span class='ocrx_word' id='word_1_474' title='bbox 1553 3368 1695 3440; x_wconf 83' lang='lat' dir='ltr'><strong>Abydeno</strong></span> 
     </span>
     <span class='ocr_line' id='line_1_36' title="bbox 83 3449 1696 3532; baseline 0.002 -25"><span class='ocrx_word' id='word_1_475' title='bbox 83 3449 200 3524; x_wconf 54' lang='lat' dir='ltr'><strong>&#39;Ayrihffi</strong></span> <span class='ocrx_word' id='word_1_476' title='bbox 221 3453 342 3528; x_wconf 80' lang='grc' dir='ltr'>Ἀθῆναι,</span> <span class='ocrx_word' id='word_1_477' title='bbox 370 3452 466 3525; x_wconf 74' lang='lat' dir='ltr'><strong>Ailou,</strong></span> <span class='ocrx_word' id='word_1_478' title='bbox 493 3449 601 3529; x_wconf 81' lang='grc' dir='ltr'><strong>Ἄργος,</strong></span> <span class='ocrx_word' id='word_1_479' title='bbox 629 3453 715 3524; x_wconf 78' lang='grc' dir='ltr'><strong>Γέλα,</strong></span> <span class='ocrx_word' id='word_1_480' title='bbox 740 3449 867 3532; x_wconf 71' lang='grc' dir='ltr'>Ἔφεσος,</span> <span class='ocrx_word' id='word_1_481' title='bbox 913 3451 1084 3522; x_wconf 86' lang='lat' dir='ltr'><strong>reseruntur,</strong></span> <span class='ocrx_word' id='word_1_482' title='bbox 1101 3455 1254 3508; x_wconf 85' lang='lat' dir='ltr'><strong>maximam</strong></span> <span class='ocrx_word' id='word_1_483' title='bbox 1272 3465 1381 3526; x_wconf 91' lang='lat' dir='ltr'><strong>partem</strong></span> <span class='ocrx_word' id='word_1_484' title='bbox 1397 3472 1462 3508; x_wconf 91' lang='lat' dir='ltr'><strong>cum</strong></span> <span class='ocrx_word' id='word_1_485' title='bbox 1480 3456 1696 3510; x_wconf 85' lang='lat' dir='ltr'><strong>Berosinarra-</strong></span> 
     </span>
     <span class='ocr_line' id='line_1_37' title="bbox 87 3535 1692 3617; baseline 0.001 -21"><span class='ocrx_word' id='word_1_486' title='bbox 87 3535 218 3614; x_wconf 66' lang='grc' dir='ltr'><strong>Ὶὸηρίαις</strong></span> <span class='ocrx_word' id='word_1_487' title='bbox 246 3543 426 3598; x_wconf 82' lang='lat' dir='ltr'><strong>Constantis.</strong></span> <span class='ocrx_word' id='word_1_488' title='bbox 454 3542 596 3615; x_wconf 89' lang='lat' dir='ltr'><strong>Porphyr.</strong></span> <span class='ocrx_word' id='word_1_489' title='bbox 623 3545 665 3598; x_wconf 91' lang='lat' dir='ltr'><strong>De</strong></span> <span class='ocrx_word' id='word_1_490' title='bbox 693 3543 769 3598; x_wconf 86' lang='lat' dir='ltr'><strong>adm.</strong></span> <span class='ocrx_word' id='word_1_491' title='bbox 795 3544 864 3617; x_wconf 87' lang='lat' dir='ltr'><strong>imp.</strong></span> <span class='ocrx_word' id='word_1_492' title='bbox 916 3541 993 3596; x_wconf 91' lang='lat' dir='ltr'><strong>tione</strong></span> <span class='ocrx_word' id='word_1_493' title='bbox 1005 3541 1078 3596; x_wconf 89' lang='lat' dir='ltr'><strong>adeo</strong></span> <span class='ocrx_word' id='word_1_494' title='bbox 1091 3542 1333 3608; x_wconf 88' lang='lat' dir='ltr'><strong>consentiunt,ut</strong></span> <span class='ocrx_word' id='word_1_495' title='bbox 1351 3559 1383 3596; x_wconf 84' lang='lat' dir='ltr'><strong>ex</strong></span> <span class='ocrx_word' id='word_1_496' title='bbox 1398 3559 1432 3596; x_wconf 87' lang='lat' dir='ltr'><strong>ea</strong></span> <span class='ocrx_word' id='word_1_497' title='bbox 1442 3561 1500 3596; x_wconf 89' lang='lat' dir='ltr'><strong>non</strong></span> <span class='ocrx_word' id='word_1_498' title='bbox 1511 3545 1619 3616; x_wconf 87' lang='lat' dir='ltr'><strong>possint</strong></span> <span class='ocrx_word' id='word_1_499' title='bbox 1632 3563 1692 3598; x_wconf 88' lang='lat' dir='ltr'><strong>nou</strong></span> 
     </span>
     <span class='ocr_line' id='line_1_38' title="bbox 87 3627 1697 3702; baseline 0.005 -24"><span class='ocrx_word' id='word_1_500' title='bbox 87 3645 111 3682; x_wconf 81' lang='lat' dir='ltr'><strong>e.</strong></span> <span class='ocrx_word' id='word_1_501' title='bbox 128 3629 178 3686; x_wconf 75' lang='lat' dir='ltr'><strong>al.</strong></span> <span class='ocrx_word' id='word_1_502' title='bbox 198 3629 238 3686; x_wconf 77' lang='lat' dir='ltr'><strong>Cf.</strong></span> <span class='ocrx_word' id='word_1_503' title='bbox 256 3631 347 3686; x_wconf 87' lang='lat' dir='ltr'><strong>schol.</strong></span> <span class='ocrx_word' id='word_1_504' title='bbox 370 3629 486 3686; x_wconf 87' lang='lat' dir='ltr'><strong>Hesiod.</strong></span> <span class='ocrx_word' id='word_1_505' title='bbox 509 3629 617 3702; x_wconf 89' lang='lat' dir='ltr'><strong>Theog.</strong></span> <span class='ocrx_word' id='word_1_506' title='bbox 643 3629 714 3702; x_wconf 80' lang='lat'><strong>3893</strong></span> <span class='ocrx_word' id='word_1_507' title='bbox 739 3629 868 3686; x_wconf 89' lang='lat' dir='ltr'><strong>Eudocia</strong></span> <span class='ocrx_word' id='word_1_508' title='bbox 916 3627 1043 3683; x_wconf 86' lang='lat' dir='ltr'><strong>derivata</strong></span> <span class='ocrx_word' id='word_1_509' title='bbox 1055 3645 1122 3684; x_wconf 87' lang='lat' dir='ltr'><strong>esse.</strong></span> <span class='ocrx_word' id='word_1_510' title='bbox 1139 3629 1264 3682; x_wconf 87' lang='lat' dir='ltr'><strong>Plurima</strong></span> <span class='ocrx_word' id='word_1_511' title='bbox 1274 3628 1390 3683; x_wconf 86' lang='lat' dir='ltr'><strong>brevius</strong></span> <span class='ocrx_word' id='word_1_512' title='bbox 1404 3630 1553 3702; x_wconf 84' lang='lat' dir='ltr'><strong>minusque</strong></span> <span class='ocrx_word' id='word_1_513' title='bbox 1565 3629 1697 3686; x_wconf 89' lang='lat' dir='ltr'><strong>distincte</strong></span> 
     </span>
     <span class='ocr_line' id='line_1_39' title="bbox 89 3715 1696 3790; baseline 0.004 -22"><span class='ocrx_word' id='word_1_514' title='bbox 89 3731 118 3784; x_wconf 85' lang='lat' dir='ltr'><strong>p.</strong></span> <span class='ocrx_word' id='word_1_515' title='bbox 134 3715 188 3783; x_wconf 74' lang='lat'><strong>623</strong></span> <span class='ocrx_word' id='word_1_516' title='bbox 206 3718 321 3772; x_wconf 87' lang='lat' dir='ltr'><strong>Cramer</strong></span> <span class='ocrx_word' id='word_1_517' title='bbox 342 3715 452 3773; x_wconf 88' lang='lat' dir='ltr'><strong>Anecd.</strong></span> <span class='ocrx_word' id='word_1_518' title='bbox 476 3725 546 3772; x_wconf 92' lang='lat' dir='ltr'><strong>tom.</strong></span> <span class='ocrx_word' id='word_1_519' title='bbox 569 3715 614 3783; x_wconf 88' lang='lat' dir='ltr'><strong>lV,</strong></span> <span class='ocrx_word' id='word_1_520' title='bbox 629 3733 656 3788; x_wconf 88' lang='lat' dir='ltr'><strong>p.</strong></span> <span class='ocrx_word' id='word_1_521' title='bbox 681 3715 748 3784; x_wconf 71' lang='lat'><strong>418,</strong></span> <span class='ocrx_word' id='word_1_522' title='bbox 772 3735 808 3770; x_wconf 82' lang='lat' dir='ltr'><strong>ao</strong></span> <span class='ocrx_word' id='word_1_523' title='bbox 825 3718 869 3790; x_wconf 88' lang='lat' dir='ltr'><strong>(et</strong></span> <span class='ocrx_word' id='word_1_524' title='bbox 914 3731 1000 3786; x_wconf 86' lang='lat' dir='ltr'><strong>quam</strong></span> <span class='ocrx_word' id='word_1_525' title='bbox 1014 3715 1150 3771; x_wconf 86' lang='lat' dir='ltr'><strong>inBerosi</strong></span> <span class='ocrx_word' id='word_1_526' title='bbox 1164 3716 1329 3790; x_wconf 85' lang='lat' dir='ltr'><strong>fragmentis</strong></span> <span class='ocrx_word' id='word_1_527' title='bbox 1345 3715 1422 3770; x_wconf 87' lang='lat' dir='ltr'><strong>dicta</strong></span> <span class='ocrx_word' id='word_1_528' title='bbox 1434 3726 1512 3782; x_wconf 76' lang='lat' dir='ltr'><strong>sunt3</strong></span> <span class='ocrx_word' id='word_1_529' title='bbox 1532 3718 1560 3770; x_wconf 91' lang='lat' dir='ltr'><strong>in</strong></span> <span class='ocrx_word' id='word_1_530' title='bbox 1573 3719 1696 3775; x_wconf 90' lang='lat' dir='ltr'><strong>nonnul-</strong></span> 
     </span>
     <span class='ocr_line' id='line_1_40' title="bbox 93 3797 1696 3881; baseline -0.001 -21"><span class='ocrx_word' id='word_1_531' title='bbox 93 3803 117 3869; x_wconf 76' lang='grc' dir='ltr'><strong>Ι,</strong></span> <span class='ocrx_word' id='word_1_532' title='bbox 138 3821 167 3874; x_wconf 82' lang='grc' dir='ltr'><strong>ρ.</strong></span> <span class='ocrx_word' id='word_1_533' title='bbox 194 3805 262 3874; x_wconf 79' lang='lat'><strong>316,</strong></span> <span class='ocrx_word' id='word_1_534' title='bbox 290 3823 341 3873; x_wconf 82' lang='lat' dir='ltr'><strong>aa,</strong></span> <span class='ocrx_word' id='word_1_535' title='bbox 356 3804 408 3858; x_wconf 88' lang='lat' dir='ltr'><strong>ubi</strong></span> <span class='ocrx_word' id='word_1_536' title='bbox 432 3804 522 3872; x_wconf 90' lang='lat' dir='ltr'><strong>idem,</strong></span> <span class='ocrx_word' id='word_1_537' title='bbox 544 3814 577 3857; x_wconf 90' lang='lat' dir='ltr'><strong>ut</strong></span> <span class='ocrx_word' id='word_1_538' title='bbox 598 3804 721 3872; x_wconf 71' lang='lat' dir='ltr'><strong>videtur,</strong></span> <span class='ocrx_word' id='word_1_539' title='bbox 744 3797 869 3881; x_wconf 72' lang='grc' dir='ltr'>Ἀμίρων</span> <span class='ocrx_word' id='word_1_540' title='bbox 914 3802 947 3855; x_wconf 87' lang='lat' dir='ltr'><strong>lis</strong></span> <span class='ocrx_word' id='word_1_541' title='bbox 970 3813 1062 3856; x_wconf 90' lang='lat' dir='ltr'><strong>tamen</strong></span> <span class='ocrx_word' id='word_1_542' title='bbox 1080 3803 1188 3875; x_wconf 85' lang='lat' dir='ltr'><strong>expleri</strong></span> <span class='ocrx_word' id='word_1_543' title='bbox 1209 3805 1362 3858; x_wconf 87' lang='lat' dir='ltr'><strong>Berosiana</strong></span> <span class='ocrx_word' id='word_1_544' title='bbox 1384 3815 1483 3858; x_wconf 88' lang='lat' dir='ltr'><strong>nostra</strong></span> <span class='ocrx_word' id='word_1_545' title='bbox 1499 3821 1535 3858; x_wconf 85' lang='lat' dir='ltr'><strong>ex</strong></span> <span class='ocrx_word' id='word_1_546' title='bbox 1552 3803 1696 3874; x_wconf 89' lang='lat' dir='ltr'><strong>Abydeno</strong></span> 
     </span>
     <span class='ocr_line' id='line_1_41' title="bbox 93 3891 1692 3967; baseline 0.003 -25"><span class='ocrx_word' id='word_1_547' title='bbox 93 3893 234 3967; x_wconf 72' lang='lat' dir='ltr'><strong>roratur).</strong></span> <span class='ocrx_word' id='word_1_548' title='bbox 913 3900 1040 3961; x_wconf 86' lang='lat' dir='ltr'><strong>possunt.</strong></span> <span class='ocrx_word' id='word_1_549' title='bbox 1052 3918 1091 3930; x_wconf 92' lang='lat'>-</span> <span class='ocrx_word' id='word_1_550' title='bbox 1105 3892 1284 3962; x_wconf 73' lang='lat' dir='ltr'><strong>Assyriorum</strong></span> <span class='ocrx_word' id='word_1_551' title='bbox 1296 3891 1458 3958; x_wconf 91' lang='lat' dir='ltr'><strong>historiam,</strong></span> <span class='ocrx_word' id='word_1_552' title='bbox 1471 3900 1608 3962; x_wconf 88' lang='lat' dir='ltr'><strong>quantum</strong></span> <span class='ocrx_word' id='word_1_553' title='bbox 1616 3891 1692 3962; x_wconf 90' lang='lat' dir='ltr'><strong>judi·</strong></span> 
     </span>
     <span class='ocr_line' id='line_1_42' title="bbox 915 3975 1693 4046; baseline 0.003 -17"><span class='ocrx_word' id='word_1_554' title='bbox 915 3993 980 4030; x_wconf 88' lang='lat' dir='ltr'><strong>care</strong></span> <span class='ocrx_word' id='word_1_555' title='bbox 995 3975 1031 4030; x_wconf 87' lang='lat' dir='ltr'><strong>de</strong></span> <span class='ocrx_word' id='word_1_556' title='bbox 1052 3977 1096 4030; x_wconf 93' lang='lat' dir='ltr'><strong>his</strong></span> <span class='ocrx_word' id='word_1_557' title='bbox 1114 3978 1198 4046; x_wconf 87' lang='lat' dir='ltr'><strong>licet,</strong></span> <span class='ocrx_word' id='word_1_558' title='bbox 1212 3978 1315 4032; x_wconf 88' lang='lat' dir='ltr'><strong>eodem</strong></span> <span class='ocrx_word' id='word_1_559' title='bbox 1340 3979 1398 4034; x_wconf 84' lang='lat' dir='ltr'><strong>fere</strong></span> <span class='ocrx_word' id='word_1_560' title='bbox 1417 3978 1505 4033; x_wconf 87' lang='lat' dir='ltr'><strong>modo</strong></span> <span class='ocrx_word' id='word_1_561' title='bbox 1530 3978 1693 4044; x_wconf 87' lang='lat' dir='ltr'><strong>adornavit,</strong></span> 
     </span>
     <span class='ocr_line' id='line_1_43' title="bbox 391 4065 1694 4141; baseline 0.007 -28"><span class='ocrx_word' id='word_1_562' title='bbox 391 4071 566 4097; x_wconf 56' lang='lat'><strong>⁴⁸⁰³·-</strong></span> <span class='ocrx_word' id='word_1_563' title='bbox 915 4081 973 4135; x_wconf 91' lang='lat' dir='ltr'><strong>quo</strong></span> <span class='ocrx_word' id='word_1_564' title='bbox 983 4065 1084 4119; x_wconf 89' lang='lat' dir='ltr'><strong>Castor</strong></span> <span class='ocrx_word' id='word_1_565' title='bbox 1097 4065 1238 4133; x_wconf 80' lang='lat' dir='ltr'><strong>Rhodius,</strong></span> <span class='ocrx_word' id='word_1_566' title='bbox 1251 4076 1352 4120; x_wconf 89' lang='lat' dir='ltr'><strong>auctor</strong></span> <span class='ocrx_word' id='word_1_567' title='bbox 1367 4069 1573 4141; x_wconf 88' lang='lat' dir='ltr'><strong>Excerptorum</strong></span> <span class='ocrx_word' id='word_1_568' title='bbox 1586 4068 1694 4122; x_wconf 86' lang='lat' dir='ltr'><strong>Barbu-</strong></span> 
     </span>
     <span class='ocr_line' id='line_1_44' title="bbox 843 4141 1694 4224; baseline 0.008 -21"><span class='ocrx_word' id='word_1_569' title='bbox 843 4219 845 4224; x_wconf 88' lang='lat'><strong>.</strong></span> <span class='ocrx_word' id='word_1_570' title='bbox 915 4141 1028 4220; x_wconf 82' lang='lat' dir='ltr'><strong>rorum,</strong></span> <span class='ocrx_word' id='word_1_571' title='bbox 1051 4152 1119 4220; x_wconf 86' lang='lat' dir='ltr'><strong>alii,</strong></span> <span class='ocrx_word' id='word_1_572' title='bbox 1142 4169 1265 4224; x_wconf 91' lang='lat' dir='ltr'><strong>quorum</strong></span> <span class='ocrx_word' id='word_1_573' title='bbox 1289 4154 1460 4208; x_wconf 86' lang='lat' dir='ltr'><strong>narrationis</strong></span> <span class='ocrx_word' id='word_1_574' title='bbox 1481 4153 1694 4210; x_wconf 87' lang='lat' dir='ltr'><strong>fundamentum</strong></span> 
     </span>
     <span class='ocr_line' id='line_1_45' title="bbox 325 4232 1696 4320; baseline 0.001 -28"><span class='ocrx_word' id='word_1_575' title='bbox 325 4232 542 4317; x_wconf 69' lang='lat' dir='ltr'><strong>ABYDEN</strong></span> <span class='ocrx_word' id='word_1_576' title='bbox 550 4233 627 4320; x_wconf 80' lang='lat' dir='ltr'><strong>US</strong></span> <span class='ocrx_word' id='word_1_577' title='bbox 911 4234 1021 4306; x_wconf 87' lang='lat' dir='ltr'><strong>jecerat</strong></span> <span class='ocrx_word' id='word_1_578' title='bbox 1033 4237 1146 4295; x_wconf 89' lang='lat' dir='ltr'><strong>Ctesias.</strong></span> <span class='ocrx_word' id='word_1_579' title='bbox 1161 4269 1202 4279; x_wconf 91' lang='lat'>—</span> <span class='ocrx_word' id='word_1_580' title='bbox 1212 4240 1276 4292; x_wconf 88' lang='lat' dir='ltr'><strong>Jam</strong></span> <span class='ocrx_word' id='word_1_581' title='bbox 1295 4257 1365 4294; x_wconf 86' lang='lat' dir='ltr'><strong>vero</strong></span> <span class='ocrx_word' id='word_1_582' title='bbox 1380 4259 1472 4312; x_wconf 86' lang='lat' dir='ltr'><strong>quum</strong></span> <span class='ocrx_word' id='word_1_583' title='bbox 1482 4241 1561 4296; x_wconf 81' lang='lat' dir='ltr'><strong>haud</strong></span> <span class='ocrx_word' id='word_1_584' title='bbox 1572 4243 1640 4296; x_wconf 79' lang='lat' dir='ltr'><strong>levis</strong></span> <span class='ocrx_word' id='word_1_585' title='bbox 1660 4244 1696 4295; x_wconf 89' lang='lat' dir='ltr'><strong>sit</strong></span> 
     </span>
     <span class='ocr_line' id='line_1_46' title="bbox 498 4324 1695 4403; baseline 0.005 -26"><span class='ocrx_word' id='word_1_586' title='bbox 498 4361 503 4370; x_wconf 84' lang='lat'>·</span> <span class='ocrx_word' id='word_1_587' title='bbox 916 4324 1054 4388; x_wconf 83' lang='lat' dir='ltr'><strong>dissensus</strong></span> <span class='ocrx_word' id='word_1_588' title='bbox 1070 4325 1167 4384; x_wconf 78' lang='lat' dir='ltr'><strong>Ctesiae</strong></span> <span class='ocrx_word' id='word_1_589' title='bbox 1183 4337 1212 4381; x_wconf 91' lang='lat' dir='ltr'><strong>et</strong></span> <span class='ocrx_word' id='word_1_590' title='bbox 1220 4327 1332 4396; x_wconf 86' lang='lat' dir='ltr'><strong>Berosi,</strong></span> <span class='ocrx_word' id='word_1_591' title='bbox 1346 4329 1391 4382; x_wconf 76' lang='lat' dir='ltr'><strong>vel</strong></span> <span class='ocrx_word' id='word_1_592' title='bbox 1401 4328 1468 4383; x_wconf 89' lang='lat' dir='ltr'><strong>hine</strong></span> <span class='ocrx_word' id='word_1_593' title='bbox 1483 4330 1599 4403; x_wconf 86' lang='lat' dir='ltr'><strong>colligas</strong></span> <span class='ocrx_word' id='word_1_594' title='bbox 1609 4330 1695 4384; x_wconf 89' lang='lat' dir='ltr'><strong>Chal-</strong></span> 
     </span>
    </p>
   </div>
   <div class='ocr_carea' id='block_1_3' title="bbox 30 4411 1697 4576">
    <p class='ocr_par' dir='ltr' id='par_1_3' title="bbox 30 4411 1697 4576">
     <span class='ocr_line' id='line_1_47' title="bbox 30 4411 1697 4496; baseline 0.005 -35"><span class='ocrx_word' id='word_1_595' title='bbox 30 4446 32 4461; x_wconf 72' lang='lat'><strong>.</strong></span> <span class='ocrx_word' id='word_1_596' title='bbox 135 4415 299 4486; x_wconf 83' lang='lat' dir='ltr'><strong>Abydenum</strong></span> <span class='ocrx_word' id='word_1_597' title='bbox 314 4429 451 4489; x_wconf 83' lang='lat' dir='ltr'><strong>tanquam</strong></span> <span class='ocrx_word' id='word_1_598' title='bbox 464 4419 632 4491; x_wconf 84' lang='lat' dir='ltr'><strong>scriptorem</strong></span> <span class='ocrx_word' id='word_1_599' title='bbox 646 4420 771 4476; x_wconf 76' lang='lat' dir='ltr'><strong>historiae</strong></span> <span class='ocrx_word' id='word_1_600' title='bbox 785 4423 869 4496; x_wconf 77' lang='lat' dir='ltr'><strong>Assy-</strong></span> <span class='ocrx_word' id='word_1_601' title='bbox 915 4411 996 4468; x_wconf 82' lang='lat' dir='ltr'><strong>daica</strong></span> <span class='ocrx_word' id='word_1_602' title='bbox 1009 4413 1142 4485; x_wconf 84' lang='lat' dir='ltr'><strong>Abydeni</strong></span> <span class='ocrx_word' id='word_1_603' title='bbox 1154 4432 1212 4468; x_wconf 88' lang='lat' dir='ltr'><strong>non</strong></span> <span class='ocrx_word' id='word_1_604' title='bbox 1222 4415 1323 4468; x_wconf 86' lang='lat' dir='ltr'><strong>inserta</strong></span> <span class='ocrx_word' id='word_1_605' title='bbox 1338 4417 1493 4488; x_wconf 85' lang='lat' dir='ltr'><strong>Assyriacis</strong></span> <span class='ocrx_word' id='word_1_606' title='bbox 1505 4435 1558 4489; x_wconf 88' lang='lat' dir='ltr'><strong>per</strong></span> <span class='ocrx_word' id='word_1_607' title='bbox 1573 4417 1697 4470; x_wconf 84' lang='lat' dir='ltr'><strong>historiae</strong></span> 
     </span>
     <span class='ocr_line' id='line_1_48' title="bbox 101 4499 1696 4576; baseline 0.002 -22"><span class='ocrx_word' id='word_1_608' title='bbox 101 4499 144 4554; x_wconf 74' lang='lat' dir='ltr'><strong>tiae</strong></span> <span class='ocrx_word' id='word_1_609' title='bbox 169 4514 196 4556; x_wconf 86' lang='lat' dir='ltr'><strong>et</strong></span> <span class='ocrx_word' id='word_1_610' title='bbox 215 4505 331 4576; x_wconf 80' lang='lat' dir='ltr'><strong>Alediae,</strong></span> <span class='ocrx_word' id='word_1_611' title='bbox 360 4506 495 4560; x_wconf 85' lang='lat' dir='ltr'><strong>Eusebius</strong></span> <span class='ocrx_word' id='word_1_612' title='bbox 520 4507 592 4560; x_wconf 89' lang='lat' dir='ltr'><strong>inter</strong></span> <span class='ocrx_word' id='word_1_613' title='bbox 614 4505 705 4560; x_wconf 83' lang='lat' dir='ltr'><strong>sontes</strong></span> <span class='ocrx_word' id='word_1_614' title='bbox 725 4519 867 4576; x_wconf 84' lang='lat' dir='ltr'><strong>recenset,</strong></span> <span class='ocrx_word' id='word_1_615' title='bbox 915 4499 1082 4568; x_wconf 84' lang='lat' dir='ltr'><strong>decursum,</strong></span> <span class='ocrx_word' id='word_1_616' title='bbox 1105 4501 1155 4555; x_wconf 87' lang='lat' dir='ltr'><strong>sed</strong></span> <span class='ocrx_word' id='word_1_617' title='bbox 1176 4519 1235 4555; x_wconf 91' lang='lat' dir='ltr'><strong>uno</strong></span> <span class='ocrx_word' id='word_1_618' title='bbox 1260 4500 1418 4574; x_wconf 86' lang='lat' dir='ltr'><strong>eodemque</strong></span> <span class='ocrx_word' id='word_1_619' title='bbox 1443 4505 1537 4558; x_wconf 84' lang='lat' dir='ltr'><strong>omnia</strong></span> <span class='ocrx_word' id='word_1_620' title='bbox 1558 4505 1622 4558; x_wconf 92' lang='lat' dir='ltr'><strong>loco</strong></span> <span class='ocrx_word' id='word_1_621' title='bbox 1637 4521 1696 4557; x_wconf 89' lang='lat' dir='ltr'><strong>esse</strong></span> 
     </span>
    </p>
   </div>
   <div class='ocr_carea' id='block_1_4' title="bbox 15 4566 1697 5198">
    <p class='ocr_par' dir='ltr' id='par_1_4' title="bbox 15 4566 1697 5104">
     <span class='ocr_line' id='line_1_49' title="bbox 37 4566 1697 4707; baseline 0.008 -77"><span class='ocrx_word' id='word_1_622' title='bbox 37 4566 45 4707; x_wconf 52' lang='lat' dir='ltr'><strong>q</strong></span> <span class='ocrx_word' id='word_1_623' title='bbox 106 4603 171 4656; x_wconf 67' lang='lat' dir='ltr'><strong>qum</strong></span> <span class='ocrx_word' id='word_1_624' title='bbox 198 4591 233 4645; x_wconf 62' lang='lat' dir='ltr'><strong>ad</strong></span> <span class='ocrx_word' id='word_1_625' title='bbox 254 4591 487 4667; x_wconf 58' lang='lat' dir='ltr'><strong>componendum</strong></span> <span class='ocrx_word' id='word_1_626' title='bbox 510 4595 634 4667; x_wconf 65' lang='lat' dir='ltr'><strong>primum</strong></span> <span class='ocrx_word' id='word_1_627' title='bbox 663 4594 869 4649; x_wconf 68' lang='lat' dir='ltr'><strong>Chronifflrum</strong></span> <span class='ocrx_word' id='word_1_628' title='bbox 915 4589 1043 4660; x_wconf 86' lang='lat' dir='ltr'><strong>prolata,</strong></span> <span class='ocrx_word' id='word_1_629' title='bbox 1057 4590 1232 4662; x_wconf 91' lang='lat' dir='ltr'><strong>eo,opinor,</strong></span> <span class='ocrx_word' id='word_1_630' title='bbox 1246 4590 1427 4660; x_wconf 80' lang='lat' dir='ltr'><strong>consilio‚ut</strong></span> <span class='ocrx_word' id='word_1_631' title='bbox 1440 4609 1526 4661; x_wconf 91' lang='lat' dir='ltr'><strong>quam</strong></span> <span class='ocrx_word' id='word_1_632' title='bbox 1538 4591 1649 4645; x_wconf 88' lang='lat' dir='ltr'><strong>diversa</strong></span> <span class='ocrx_word' id='word_1_633' title='bbox 1660 4593 1697 4645; x_wconf 87' lang='lat' dir='ltr'><strong>sit</strong></span> 
     </span>
     <span class='ocr_line' id='line_1_50' title="bbox 44 4671 1695 4754; baseline 0.007 -34"><span class='ocrx_word' id='word_1_634' title='bbox 44 4732 45 4743; x_wconf 11' lang='grc' dir='ltr'>γ</span> <span class='ocrx_word' id='word_1_635' title='bbox 106 4671 196 4728; x_wconf 73' lang='lat' dir='ltr'><strong>librum</strong></span> <span class='ocrx_word' id='word_1_636' title='bbox 225 4679 395 4737; x_wconf 66' lang='lat' dir='ltr'><strong>adhibuerit,</strong></span> <span class='ocrx_word' id='word_1_637' title='bbox 428 4681 537 4735; x_wconf 83' lang='lat' dir='ltr'><strong>Nomen</strong></span> <span class='ocrx_word' id='word_1_638' title='bbox 564 4680 642 4754; x_wconf 82' lang='lat' dir='ltr'><strong>apud</strong></span> <span class='ocrx_word' id='word_1_639' title='bbox 667 4682 819 4736; x_wconf 84' lang='lat' dir='ltr'><strong>Eusebium</strong></span> <span class='ocrx_word' id='word_1_640' title='bbox 842 4694 870 4737; x_wconf 88' lang='lat' dir='ltr'><strong>et</strong></span> <span class='ocrx_word' id='word_1_641' title='bbox 915 4675 1048 4733; x_wconf 85' lang='lat' dir='ltr'><strong>Ctesianae</strong></span> <span class='ocrx_word' id='word_1_642' title='bbox 1065 4687 1092 4730; x_wconf 90' lang='lat' dir='ltr'><strong>et</strong></span> <span class='ocrx_word' id='word_1_643' title='bbox 1107 4675 1263 4731; x_wconf 83' lang='lat' dir='ltr'><strong>Chaldaicee</strong></span> <span class='ocrx_word' id='word_1_644' title='bbox 1282 4679 1451 4730; x_wconf 89' lang='lat' dir='ltr'><strong>narrationis</strong></span> <span class='ocrx_word' id='word_1_645' title='bbox 1474 4679 1584 4733; x_wconf 86' lang='lat' dir='ltr'><strong>indoles</strong></span> <span class='ocrx_word' id='word_1_646' title='bbox 1600 4688 1695 4732; x_wconf 87' lang='lat' dir='ltr'><strong>osten·</strong></span> 
     </span>
     <span class='ocr_line' id='line_1_51' title="bbox 44 4757 1694 4840; baseline 0.005 -31"><span class='ocrx_word' id='word_1_647' title='bbox 44 4808 45 4835; x_wconf 59' lang='lat'><strong>,</strong></span> <span class='ocrx_word' id='word_1_648' title='bbox 108 4757 200 4816; x_wconf 79' lang='lat' dir='ltr'><strong>llosem</strong></span> <span class='ocrx_word' id='word_1_649' title='bbox 213 4763 870 4840; x_wconf 56' lang='lat' dir='ltr'><strong>Chorenensemscribitur’sliudqro&#39;ssSyncelli</strong></span> <span class='ocrx_word' id='word_1_650' title='bbox 917 4761 1006 4818; x_wconf 84' lang='lat' dir='ltr'><strong>deret.</strong></span> <span class='ocrx_word' id='word_1_651' title='bbox 1028 4793 1068 4803; x_wconf 95' lang='grc'>-</span> <span class='ocrx_word' id='word_1_652' title='bbox 1093 4763 1237 4816; x_wconf 88' lang='lat' dir='ltr'><strong>Sententia</strong></span> <span class='ocrx_word' id='word_1_653' title='bbox 1263 4764 1321 4818; x_wconf 84' lang='lat' dir='ltr'><strong>baec</strong></span> <span class='ocrx_word' id='word_1_654' title='bbox 1350 4783 1384 4819; x_wconf 90' lang='lat' dir='ltr'><strong>eo</strong></span> <span class='ocrx_word' id='word_1_655' title='bbox 1409 4763 1594 4819; x_wconf 88' lang='lat' dir='ltr'><strong>confirmatur</strong></span> <span class='ocrx_word' id='word_1_656' title='bbox 1620 4783 1694 4837; x_wconf 87' lang='lat' dir='ltr'><strong>quo-</strong></span> 
     </span>
     <span class='ocr_line' id='line_1_52' title="bbox 28 4838 871 4931; baseline 0.014 -33"><span class='ocrx_word' id='word_1_657' title='bbox 28 4838 44 4931; x_wconf 74' lang='lat' dir='ltr'><em>s</em></span> <span class='ocrx_word' id='word_1_658' title='bbox 102 4847 160 4901; x_wconf 90' lang='lat' dir='ltr'><strong>libri</strong></span> <span class='ocrx_word' id='word_1_659' title='bbox 179 4853 304 4924; x_wconf 71' lang='lat' dir='ltr'><strong>prebent</strong></span> <span class='ocrx_word' id='word_1_660' title='bbox 323 4851 468 4923; x_wconf 74' lang='grc' dir='ltr'>Ἀὅυδινός,</span> <span class='ocrx_word' id='word_1_661' title='bbox 484 4857 536 4910; x_wconf 89' lang='lat' dir='ltr'><strong>nisi</strong></span> <span class='ocrx_word' id='word_1_662' title='bbox 552 4855 631 4928; x_wconf 87' lang='lat' dir='ltr'><strong>quud</strong></span> <span class='ocrx_word' id='word_1_663' title='bbox 644 4874 675 4929; x_wconf 91' lang='lat' dir='ltr'><strong>p.</strong></span> <span class='ocrx_word' id='word_1_664' title='bbox 703 4855 779 4924; x_wconf 82' lang='lat'><strong>206,</strong></span> <span class='ocrx_word' id='word_1_665' title='bbox 804 4857 871 4910; x_wconf 81' lang='lat' dir='ltr'><strong>Aia</strong></span> 
     </span>
     <span class='ocr_line' id='line_1_53' title="bbox 24 4934 870 5006; baseline 0.007 -16"><span class='ocrx_word' id='word_1_666' title='bbox 24 4934 28 4957; x_wconf 77' lang='lat'><strong><em>¹</em></strong></span> <span class='ocrx_word' id='word_1_667' title='bbox 100 4935 161 4990; x_wconf 77' lang='lat' dir='ltr'><strong>rod.</strong></span> <span class='ocrx_word' id='word_1_668' title='bbox 185 4939 216 4992; x_wconf 87' lang='grc' dir='ltr'><strong>Β.</strong></span> <span class='ocrx_word' id='word_1_669' title='bbox 238 4951 279 4996; x_wconf 86' lang='lat' dir='ltr'><strong>est</strong></span> <span class='ocrx_word' id='word_1_670' title='bbox 303 4938 444 5006; x_wconf 63' lang='lat' dir='ltr'><strong>&#39;Assudiroe</strong></span> <span class='ocrx_word' id='word_1_671' title='bbox 460 4941 532 4998; x_wconf 91' lang='lat' dir='ltr'><strong>Num</strong></span> <span class='ocrx_word' id='word_1_672' title='bbox 558 4943 672 4998; x_wconf 91' lang='lat' dir='ltr'><strong>aliunde</strong></span> <span class='ocrx_word' id='word_1_673' title='bbox 689 4943 744 4998; x_wconf 90' lang='lat' dir='ltr'><strong>hoc</strong></span> <span class='ocrx_word' id='word_1_674' title='bbox 766 4961 870 4998; x_wconf 90' lang='lat' dir='ltr'><strong>nomen</strong></span> 
     </span>
     <span class='ocr_line' id='line_1_54' title="bbox 15 5027 870 5104; baseline 0.012 -30"><span class='ocrx_word' id='word_1_675' title='bbox 15 5030 18 5042; x_wconf 66' lang='lat'><strong><em>⁵</em></strong></span> <span class='ocrx_word' id='word_1_676' title='bbox 97 5027 240 5098; x_wconf 87' lang='lat' dir='ltr'><strong>proprium</strong></span> <span class='ocrx_word' id='word_1_677' title='bbox 251 5040 352 5083; x_wconf 89' lang='lat' dir='ltr'><strong>notum</strong></span> <span class='ocrx_word' id='word_1_678' title='bbox 366 5031 400 5084; x_wconf 93' lang='lat' dir='ltr'><strong>sit</strong></span> <span class='ocrx_word' id='word_1_679' title='bbox 410 5070 418 5097; x_wconf 90' lang='lat'><strong>,</strong></span> <span class='ocrx_word' id='word_1_680' title='bbox 428 5032 532 5088; x_wconf 90' lang='lat' dir='ltr'><strong>nescio.</strong></span> <span class='ocrx_word' id='word_1_681' title='bbox 548 5031 622 5084; x_wconf 85' lang='lat' dir='ltr'><strong>Nihil</strong></span> <span class='ocrx_word' id='word_1_682' title='bbox 636 5041 728 5086; x_wconf 89' lang='lat' dir='ltr'><strong>tamen</strong></span> <span class='ocrx_word' id='word_1_683' title='bbox 737 5042 795 5098; x_wconf 88' lang='lat' dir='ltr'><strong>est,</strong></span> <span class='ocrx_word' id='word_1_684' title='bbox 810 5033 870 5104; x_wconf 90' lang='lat' dir='ltr'><strong>opi·</strong></span> 
     </span>
    </p>

    <p class='ocr_par' dir='ltr' id='par_1_5' title="bbox 96 5115 1516 5198">
     <span class='ocr_line' id='line_1_55' title="bbox 96 5115 1516 5198; baseline 0.012 -32"><span class='ocrx_word' id='word_1_685' title='bbox 96 5131 157 5178; x_wconf 86' lang='lat' dir='ltr'><strong>nor,</strong></span> <span class='ocrx_word' id='word_1_686' title='bbox 176 5115 253 5186; x_wconf 86' lang='lat' dir='ltr'><strong>quod</strong></span> <span class='ocrx_word' id='word_1_687' title='bbox 274 5116 347 5173; x_wconf 87' lang='lat' dir='ltr'><strong>adeo</strong></span> <span class='ocrx_word' id='word_1_688' title='bbox 366 5117 501 5172; x_wconf 77' lang='lat' dir='ltr'><strong>offendat.</strong></span> <span class='ocrx_word' id='word_1_689' title='bbox 521 5117 689 5191; x_wconf 83' lang='lat' dir='ltr'><strong>Quanquam</strong></span> <span class='ocrx_word' id='word_1_690' title='bbox 701 5119 872 5176; x_wconf 84' lang='lat' dir='ltr'><strong>Niebubrius</strong></span> <span class='ocrx_word' id='word_1_691' title='bbox 917 5136 987 5186; x_wconf 58' lang='lat' dir='ltr'><strong>suu„</strong></span> <span class='ocrx_word' id='word_1_692' title='bbox 997 5135 1070 5197; x_wconf 71' lang='lat' dir='ltr'><strong>nteit,</strong></span> <span class='ocrx_word' id='word_1_693' title='bbox 1083 5136 1435 5198; x_wconf 64' lang='lat' dir='ltr'><strong>quntmnotsetesptoreta</strong></span> <span class='ocrx_word' id='word_1_694' title='bbox 1447 5138 1516 5184; x_wconf 84' lang='lat' dir='ltr'><strong>esset.</strong></span> 
     </span>
    </p>
   </div>
   <div class='ocr_carea' id='block_1_5' title="bbox 922 4993 1695 5129">
    <p class='ocr_par' dir='ltr' id='par_1_6' title="bbox 922 4993 1695 5129">
     <span class='ocr_line' id='line_1_56' title="bbox 948 4993 1692 5057; baseline -0.008 -10"><span class='ocrx_word' id='word_1_695' title='bbox 948 4995 979 5057; x_wconf 55' lang='grc' dir='ltr'><strong>Γ)</strong></span> <span class='ocrx_word' id='word_1_696' title='bbox 990 4995 1079 5046; x_wconf 74' lang='lat' dir='ltr'><strong>eontra</strong></span> <span class='ocrx_word' id='word_1_697' title='bbox 1091 4995 1196 5045; x_wconf 77' lang='lat' dir='ltr'><strong>Barerus</strong></span> <span class='ocrx_word' id='word_1_698' title='bbox 1211 4997 1235 5044; x_wconf 80' lang='lat' dir='ltr'><strong>in</strong></span> <span class='ocrx_word' id='word_1_699' title='bbox 1252 4997 1340 5046; x_wconf 78' lang='lat' dir='ltr'><strong>Erech.</strong></span> <span class='ocrx_word' id='word_1_700' title='bbox 1363 5009 1389 5046; x_wconf 84' lang='lat' dir='ltr'><strong>u.</strong></span> <span class='ocrx_word' id='word_1_701' title='bbox 1414 4995 1523 5046; x_wconf 79' lang='lat' dir='ltr'><strong>Gruter.</strong></span> <span class='ocrx_word' id='word_1_702' title='bbox 1542 4993 1648 5056; x_wconf 74' lang='lat' dir='ltr'><strong>Eurycl.</strong></span> <span class='ocrx_word' id='word_1_703' title='bbox 1669 5007 1692 5042; x_wconf 85' lang='grc' dir='ltr'><strong>ν.</strong></span> 
     </span>
     <span class='ocr_line' id='line_1_57' title="bbox 922 5064 1695 5129; baseline -0.006 -13"><span class='ocrx_word' id='word_1_704' title='bbox 922 5066 1057 5128; x_wconf 80' lang='lat' dir='ltr'><strong>Abydenus</strong></span> <span class='ocrx_word' id='word_1_705' title='bbox 1067 5064 1208 5126; x_wconf 78' lang='lat' dir='ltr'><strong>Abydenum</strong></span> <span class='ocrx_word' id='word_1_706' title='bbox 1222 5068 1302 5116; x_wconf 77' lang='lat' dir='ltr'><strong>berosi</strong></span> <span class='ocrx_word' id='word_1_707' title='bbox 1312 5067 1429 5129; x_wconf 73' lang='lat' dir='ltr'><strong>equalem</strong></span> <span class='ocrx_word' id='word_1_708' title='bbox 1442 5067 1541 5128; x_wconf 73' lang='lat' dir='ltr'><strong>eiusque</strong></span> <span class='ocrx_word' id='word_1_709' title='bbox 1551 5065 1695 5128; x_wconf 82' lang='lat' dir='ltr'><strong>discipulum</strong></span> 
     </span>
    </p>
   </div>
   <div class='ocr_carea' id='block_1_6' title="bbox 0 0 1888 5726">
    <p class='ocr_par' dir='ltr' id='par_1_7' title="bbox 0 0 1888 5726">
     <span class='ocr_line' id='line_1_58' title="bbox 0 0 1888 5726; baseline 0 1"><span class='ocrx_word' id='word_1_710' title='bbox 0 0 1888 5726; x_wconf 95' lang='lat' dir='ltr'><strong> </strong></span> 
     </span>
    </p>
   </div>
  </div>
 </body>
</html>
