3792 5728
243 337 294 385 130

231 565 258 600 τε
272 545 425 623 σκευοφόροι
444 547 528 602 αὐτῶν
544 545 653 602 καὶτῶν
675 544 782 620 ἁμαξῶν
797 549 824 602 αἱ
838 545 941 611 πλείους
962 545 1007 604 καί

230 631 253 688 οί
266 630 309 688 tal
323 635 368 701 τῆς
381 631 517 710 οὐραγίας,
530 633 557 688 ε’ν
569 623 606 696 οἶς
618 632 662 690 καὶ
680 633 869 709 Θευδίμουνθος
880 625 912 705 ἦν
932 637 946 692 θ
964 639 1008 690 τοῦ

231 717 393 796 Θευδτρίχου
409 717 533 798 ἀδελφὸς,
547 717 622 789 καὶὴ
639 719 725 798 μήτηρ
742 724 759 790 ἡ
779 722 889 795 τούτων,
905 719 950 778 καί
968 719 1008 777 δτι

232 802 301 860 ἐστιν
317 803 391 870 ἐλπὶς
412 809 464 862 τῶν
476 805 600 864 πλειόνων
615 805 765 887 κρατήσειν.
783 807 815 867 Ὁ
831 807 858 866 δὲ
872 806 903 866 τό
923 831 951 864 τε
963 809 1010 866 ἱπ-

232 889 308 947 πικδν
334 890 390 966 μεθ’
414 894 506 949 ἑαυτοῦ
531 891 654 959 συντάξας
671 893 715 950 καὶ
732 894 823 962 πεζοὺς
842 895 889 952 οὐκ
912 893 1010 970 ὀλίγους

232 976 322 1056 κύκλῳ
340 977 383 1035 διδι
397 981 447 1034 τῶν
464 980 530 1057 ὀρῶν
544 978 709 1060 περιπέμψας
728 980 772 1038 καί
789 978 919 1059 προειπών
934 979 1010 1038 ὁπότε

237 1063 275 1118 δεῖ
288 1061 333 1120 καί
346 1063 423 1120 πόθεν
435 1065 590 1145 ἐκφανῆναι,
606 1067 744 1136 δειπνήσας
757 1067 803 1124 καὶ
822 1065 960 1124 άναλαδῶν
981 1065 1010 1124 τδ

235 1149 385 1227 στράτευμα
409 1152 452 1231 ἀφ’
472 1151 583 1232 ἑσπέρας
604 1150 706 1230 ἐχώρει.
728 1154 782 1212 Καὶ
803 1151 860 1228 ἅμα
875 1158 906 1232 τῇ
924 1152 1010 1232 ἡμέρᾳ

236 1237 323 1302 αδτοῖς
339 1237 479 1294 ἐπιτίθεται
494 1237 544 1309 ήδη
558 1239 747 1316 πορευομένοις.
766 1240 818 1300 Καὶ
830 1245 843 1298 6
856 1240 902 1316 μὲν
913 1240 1011 1300 Θευδί-

236 1325 343 1398 μουνδος
352 1323 397 1382 καί
408 1328 424 1394 ἡ
437 1323 524 1404 μήτηρ
538 1327 615 1384 αὐτοῦ
627 1371 634 1400 ,
647 1329 682 1394 ὡς
695 1319 763 1387 εἶδον
775 1328 821 1397 τήν
833 1328 932 1408 ἔφοδον,
944 1328 1010 1406 ταχὺ

236 1410 410 1475 διεκπεσόντες
425 1411 555 1492 θπέφυγον
570 1415 604 1479 εἰς
617 1413 646 1470 τδ
658 1414 756 1491 πεδίον,
769 1415 814 1473 καί
828 1413 874 1485 τήν
886 1415 1010 1494 γέφυραν,

236 1499 293 1556 καθ’
314 1497 347 1568 ἣν
370 1499 544 1577 θπερέδησαν,
568 1502 659 1568 εὐθέως
689 1503 819 1569 ἀνελόντες
846 1503 1012 1580 (ἀναλύοντες

235 1587 319 1645 Nieb.
332 1584 358 1663 λ,
378 1585 394 1658 ἣ
415 1588 529 1667 φάραγγι
551 1586 643 1669 βαθείφ
664 1591 814 1662 ἐπέζευκτο,
836 1590 915 1668 μέσης
935 1589 1012 1662 ούσης

235 1677 281 1742 τῆς
305 1674 381 1748 ὁδοῦ,
404 1675 450 1744 τὴν
471 1674 555 1742 δίωξιν
580 1675 685 1743 ἐκείνοις
709 1677 752 1736 ἐπί
772 1676 829 1743 τούς
848 1677 1012 1743 καταδάντας

236 1758 362 1828 ἐποίησαν
376 1761 480 1840 άπορον,
495 1761 540 1820 καί
555 1763 642 1838 μέντοι
656 1762 701 1820 καὶ
713 1763 765 1829 τοῖς
777 1767 875 1821 ἑαυτῶν
888 1762 1011 1821 sitrath

776 328 923 388 nascar
947 327 1297 390 l‘HlLADELPHENSlS

230 482 243 512 ν
257 479 354 526 ,σαντες
369 455 535 536 σχολαίτερον
548 457 667 516 κατίασιν
678 457 730 516 arri
742 461 787 527 τῆς
798 457 974 530 Κανδαύείας,
985 455 1011 516 οί

1055 457 1138 534 μίξας
1148 457 1236 534 μέντοι
1247 456 1346 524 πολλάς
1354 457 1479 524 κελεύσας
1489 465 1545 522 ταῖς
1553 458 1639 519 πολεσι
1646 459 1703 542 πρδς
1711 460 1750 530 τίς
1759 469 1796 522 τῶ

1054 545 1230 624 στρατοπέδου
1238 545 1433 604 κατασκευάσαι
1442 545 1719 628 χριίας,ώςίλήφθησαν
1727 543 1798 623 οὗτοι,

1056 637 1152 692 άπεῖπε
1162 639 1219 700 ταῖς
1233 636 1325 692 πόλεσι
1339 635 1420 710 μηδὲν
1437 637 1607 712 ἐνοχλεῖσθαι,
1624 640 1657 704 ώς
1668 635 1710 704 τάς
1722 640 1798 718 ἀρκού-

1057 744 1104 787 σας
1118 722 1198 799 ἔχων.
1212 722 1287 782 Μετὰ
1307 722 1333 781 δέ
1345 728 1428 780 ταῦτα
1442 723 1533 802 γράφει
1547 723 1593 798 μὲν
1607 724 1757 800 Ἀδαμοίντιος
1771 729 1801 806 τῷ

1056 811 1172 884 βασιλεῖ,
1186 813 1220 874 ώς
1232 809 1373 888 ὑπίσχετο,
1387 809 1421 866 τδι
1432 810 1495 888 πρὸς
1508 811 1659 890 Θευδίριχον
1673 813 1736 890 αὐτῷ
1749 813 1801 870 διει-

1055 895 1184 972 λεγμίνα·
1208 895 1300 976 γράφει
1331 896 1359 953 δὲ
1384 899 1429 954 καί
1462 897 1614 964 Σαδινιανδς
1636 898 1679 956 καί
1702 898 1804 968 Ἰωάννης

1056 982 1200 1062 δύπαρχος
1224 984 1257 1041 τά
1281 983 1441 1062 γεγενημένα
1465 983 1507 1042 ἐπὶ
1531 988 1615 1060 μεῖζον
1635 987 1755 1062 ὀγκοῦντες
1767 985 1803 1042 καί

1058 1070 1189 1146 λέγοντες,
1207 1070 1244 1148 μή
1266 1072 1362 1150 χρῆναί
1381 1095 1407 1128 τι
1429 1074 1467 1150 τῷ
1486 1071 1610 1152 βαρόάριρ
1623 1071 1760 1141 συνθέσθαι,
1779 1075 1806 1136 ῶς

1057 1157 1160 1224 ἐλπίδος
1172 1159 1249 1228 οὔσης
1259 1157 1276 1229 ἢ
1286 1158 1355 1216 κατά
1367 1157 1460 1236 κράτος
1470 1159 1546 1216 αὐτὸν
1555 1158 1678 1225 ἐξελάσειν
1685 1163 1727 1229 τῆς
1735 1159 1806 1236 χώρας

1057 1243 1074 1313 θ,
1089 1247 1167 1303 αὐτοῦ
1184 1245 1293 1320 μένοντα
1306 1245 1484 1324 κατατρίψειν.
1495 1249 1589 1304 Ταῦτα
1604 1245 1732 1316 δεξάμενος
1746 1249 1807 1322 βασι·

1056 1331 1114 1399 λεδς
1140 1333 1185 1390 καὶ
1211 1333 1335 1409 νομίσας,
1361 1335 1474 1409 πολεμον
1507 1333 1610 1413 εἰρήνης
1635 1335 1736 1412 αἰσχρᾶς
1755 1323 1808 1390 εἶναι

1059 1422 1169 1500 βελτίιο,
1182 1421 1288 1500 πέμψας
1302 1420 1442 1478 άνεκάλεσε
1460 1421 1504 1478 τδν
1526 1419 1694 1500 πρεσδευτήν,
1705 1419 1809 1482 κελεύσας

1059 1509 1140 1586 μηδὲν
1161 1508 1200 1567 ἐτι
1221 1509 1284 1586 πρὸς
1305 1509 1400 1566 ἐκεῖνον
1421 1507 1571 1582 συνθέσθαι,
1586 1510 1643 1565 ἀλλ’
1655 1507 1729 1565 εἰπεῖν
1741 1505 1810 1564 Σαόι-

1056 1601 1136 1677 νιανῷ
1150 1597 1195 1654 καὶ
1209 1595 1327 1666 Γίντονι,
1343 1594 1431 1672 strip
1445 1593 1491 1671 μὲν
1506 1593 1561 1654 όντι
1581 1595 1666 1674 ἀνδρί,
1680 1601 1777 1668 γυναῖκα
1789 1592 1810 1648 lt

1058 1682 1201 1761 Ῥωμαίων
1213 1685 1264 1740 τῶν
1281 1681 1340 1761 περί
1351 1681 1399 1752 τὴν
1411 1680 1539 1761 Ἤπειρον
1556 1681 1710 1760 γεγαμηκότι
1722 1679 1761 1738 καί
1774 1677 1811 1736 δύ-

1057 1794 1135 1846 ναμιν
1160 1769 1262 1850 ἔχοντι,
1286 1769 1392 1848 ἐχεσθαι
1408 1773 1452 1826 τοῦ
1476 1768 1593 1845 πολέμου
1611 1769 1680 1846 πάσῃ
1698 1767 1813 1846 χειρί,ώς

235 1846 282 1916 τήν
294 1845 387 1924 φυγήν,
398 1846 464 1906 ώστε
479 1849 540 1927 πρὸς
552 1849 676 1908 άπόνοιαν
691 1849 774 1926 ὀλίγοι
787 1849 856 1917 ὄντες
870 1850 948 1925 ὁμόσε
961 1858 1014 1917 τοῖς
1058 1856 1130 1916 οὐδὲν
1144 1856 1270 1935 βασιλέως
1281 1856 1345 1936 πρδς
1357 1855 1469 1922 ἐκείνους
1483 1855 1681 1932 συνθησομένου.
1697 1854 1745 1914 Καί
1759 1875 1813 1926 σογ-

235 1935 358 1990 ίππεῶσιν
374 1933 498 2014 ἐχώρουν.
514 1935 564 2002 Ὦς
577 1935 603 1994 δέ
618 1935 683 2014 ὑπὲρ
694 1938 809 2016 κεφαλῆς
820 1939 843 1994 οἱ
857 1935 929 2004 πεζοὶ
946 1935 1013 2016 ἐφά-

236 2041 318 2088 νησαν
332 2019 401 2078 κατὰ
421 2021 450 2078 τδ
462 2021 636 2097 συγκείμενον,
652 2021 719 2080 οὕτω
739 2024 919 2102 θιετράποντο,
934 2021 979 2080 καί
989 2023 1013 2080 cl

237 2103 283 2178 μίν
299 2107 335 2171 είς
347 2105 405 2172 τοὺς
420 2108 522 2178 ίππεῒς,
532 2111 556 2166 οἱ
566 2107 593 2165 δὲ
606 2111 640 2176 είς
649 2107 707 2176 τούς
722 2109 829 2176 ὁπλίτας
842 2108 1013 2185 ἐμπίπτοντες

237 2189 370 2262 ἔθνησκον.
393 2193 446 2252 Καὶ
459 2193 506 2260 τδς
518 2193 619 2268 ἁμάξας
640 2197 725 2252 αὐτῶν
739 2194 828 2253 λαβὼν
844 2193 1013 2274 Σαὸινιανδς,

237 2276 356 2344 ούσαςώς
365 2279 502 2358 δισχιλίας,
514 2281 697 2358 αἰχμαλώτους
706 2305 733 2339 τε
742 2281 843 2348 πλείους
851 2280 868 2351 ἢ
876 2303 1013 2340 πεντακισ-

237 2365 334 2440 χιλίους
342 2365 386 2423 καί
394 2367 465 2424 λείαν
473 2366 701 2444 οὐκόλίγην,τινδις
709 2367 735 2426 δὲ
742 2371 794 2427 τῶν
803 2367 910 2442 ἁμαξῶν
918 2367 963 2426 καλ
971 2391 1014 2425 κα-

237 2451 369 2516 τακαύσας
383 2455 408 2510 ἐν
419 2457 455 2533 τῷ
468 2453 537 2532 όρει,
551 2453 580 2520 δς
593 2446 625 2525 ήν
636 2455 709 2533 ἔργον
721 2455 829 2514 ἑλκύσαι
837 2453 880 2512 διδ
891 2457 1014 2532 κρημνῶν

237 2537 378 2614 τοσούτων,
389 2541 414 2605 ἐς
429 2540 477 2610 τὴν
499 2540 634 2618 Λυχνηδδν
649 2545 804 2620 ἀφικνεῖται.
827 2540 881 2602 Καί
902 2543 1014 2617 εὑρίσκει

238 2621 407 2699 Ἀδαμάντεον
418 2627 447 2684 ἐκ
462 2629 507 2694 τῆς
517 2625 580 2703 πρδς
591 2626 749 2706 Θευδέριχον
761 2629 895 2695 συνουσίας
907 2629 1014 2686 ἐπανελ-

238 2709 329 2767 θόντα·
345 2712 374 2769 ού
384 2711 435 2790 γάρ
449 2735 491 2770 πω
502 2711 659 2791 Θευδέριχος
671 2714 801 2773 ίπίπυστο
813 2714 885 2773 οὐδὲν
899 2718 949 2772 τῶν
964 2713 1014 2772 bai

241 2797 399 2855 Σαδινιανοδ
408 2801 433 2856 ἐν
441 2802 478 2878 τῷ
488 2799 541 2876 όρει
549 2799 728 2879 πραχθέντων.
737 2805 762 2861 Τ
763 2801 804 2868 ab<
812 2801 859 2878 μὲν
867 2793 910 2860 ούν
919 2804 1014 2880 αίχμα·

236 2883 333 2951 λώτους
346 2884 405 2950 τοὺς
418 2885 465 2961 μὲν
477 2877 506 2944 sd
520 2888 654 2964 γεγονότας
664 2890 689 2947 ἐν
704 2891 806 2969 φυλακῇ
818 2897 945 2961 ποιεῖται,
956 2888 1015 2955 τοὺς

1058 1945 1170 2012 καλέσας
1177 1944 1235 2011 τούς
1244 1943 1405 2024 στρατιώτας
1415 1941 1606 2020 δἈδαμάντιος
1613 1943 1729 2020 ἐπῄνεσεν
1739 1936 1813 2002 αύτούς

1057 2037 1103 2102 τῆς
1116 2029 1277 2108 προθυμίας,
1290 2028 1336 2088 καί
1350 2029 1468 2088 ἐκέλευσε
1482 2029 1619 2104 γενναίως,
1628 2027 1712 2106 ῶσπερ
1724 2025 1815 2101 πάτριον

1059 2121 1161 2189 αὐτοῖς,
1177 2117 1282 2196 ἐχεσθαι
1299 2120 1351 2174 τῶν
1366 2115 1541 2196 πραγμύτων,
1560 2115 1604 2174 καὶ
1617 2115 1646 2174 rb
1667 2117 1695 2173 ἐκ
1709 2111 1815 2192 βασιλέως

1059 2205 1191 2282 ἐπανέγνω
1208 2203 1376 2284 πρόσταγμα.
1391 2205 1459 2267 Ταῖς
1472 2205 1497 2258 τ’
1513 2202 1616 2260 ἐλπίσιν
1637 2199 1724 2265 αὐτούς
1737 2193 1816 2274 μετεώ·

1060 2315 1118 2372 ρους
1130 2290 1257 2362 ποιήσας,
1268 2293 1303 2355 ῶς
1314 2290 1440 2370 βασιλέως
1451 2289 1491 2346 del
1502 2297 1570 2348 πᾶσι
1581 2289 1629 2360 τὴν
1639 2286 1772 2368 προθυμίαν
1781 2285 1818 2341 οδκ

1059 2379 1175 2459 ἄκαρπον
1202 2381 1309 2450 ἐῶντος,
1332 2375 1460 2456 εὐφημίας
1487 2375 1566 2454 ἔτυχε
1597 2375 1641 2434 καί
1672 2372 1734 2452 μετίι
1754 2374 1818 2444 τιμῆς

1059 2465 1245 2548 παρεπέμφθη.
1278 2466 1332 2526 Καί
1357 2469 1371 2524 6
1400 2465 1447 2542 μὲν
1476 2465 1622 2544 ἀπηλλάγη
1652 2463 1728 2542 μηδὲν
1755 2459 1819 2518 πλέον

1058 2555 1179 2626 ποιήσας.

1309 2641 1363 2732 ¹¹9·
1388 2657 1455 2734 (³¹¹-
1481 2659 1573 2734 aas-l

1099 2799 1172 2856 lbid.
1185 2817 1215 2872 p.
1233 2797 1281 2854 86.
1299 2799 1334 2868 87
1351 2795 1437 2856 εὈτι
1452 2796 1494 2856 ἐπὶ
1510 2796 1634 2868 Ζήνωνος
1649 2799 1694 2854 τοῦ
1713 2790 1823 2872 βασιλέως

1061 2885 1176 2949 στάσεώς
1188 2883 1327 2960 γενομένης
1339 2882 1412 2962 παρά
1426 2887 1584 2963 Μαρκιανοδ
1598 2883 1643 2942 καί
1655 2883 1736 2940 ἄλλων
1749 2879 1822 2946 τινῶυι

236 2967 264 3027 δέ
277 2971 368 3038 ἄλλους
382 2970 448 3048 μετά
459 2977 505 3043 τῆς
516 2973 586 3041 λείας
598 2974 703 3033 διέδωκε
715 2984 766 3042 τοῖς
778 2975 958 3056 στρατιώταις.
972 2975 1011 3034 ll·
1060 2971 1218 3050 θευδίριχος
1229 2973 1243 3028 6
1256 2970 1382 3048 Τριαρίου
1396 2969 1486 3046 μαθών
1501 2971 1535 3028 τδι
1547 2971 1692 3050 γεγονότα,
1709 2966 1751 3026 καλ
1769 2967 1824 3021 bno·

242 3077 1824 3104 —--.-..—-—....—....-...--—---——------

235 3167 332 3205 sociares
341 3156 420 3205 soluto
429 3158 522 3219 agmine
535 3161 680 3211 scandaria
692 3163 847 3225 descendere,
857 3177 913 3213 cum
926 3163 962 3214 bis
971 3164 1014 3212 im·
1061 3159 1139 3222 praeda
1147 3157 1274 3208 distribuit.
1289 3162 1319 3208 us
1331 3174 1407 3222 quum
1421 3175 1468 3210 uon
1481 3162 1561 3210 multo
1573 3165 1631 3212 ante
1643 3151 1827 3224 perclaruisset

239 3231 374 3291 pedimenta
383 3235 407 3281 et
418 3235 649 3297 plerosqueeurrus‚
662 3243 686 3288 et
696 3244 830 3290 extremum
843 3243 961 3291 exercitus
972 3255 1014 3302 ag·
1062 3253 1130 3289 usrrm
1151 3241 1270 3290 exereitus
1290 3251 1376 3289 eunus
1394 3241 1568 3304 praeparandos
1582 3243 1734 3304 imperasset,
1752 3237 1777 3283 ut
1787 3235 1829 3282 istis

235 3321 307 3372 naen,
319 3311 342 3360 in
354 3325 403 3372 quc
415 3313 631 3376 Tirendemundus,
642 3317 798 3367 Tlreuderiolri
810 3321 890 3381 trater,
901 3322 926 3368 et
937 3321 1013 3368 maier
1059 3323 1095 3368 est
1107 3319 1211 3380 potitus,
1227 3319 1304 3367 uetuit
1315 3318 1423 3366 civitates
1439 3319 1540 3381 amplius
1553 3321 1585 3369 de
1600 3319 1710 3368 curribus
1722 3314 1828 3368 laborare,

237 3399 320 3435 eornm
341 3392 484 3437 versaretur.
503 3393 573 3451 Spem
588 3405 639 3442 esse
657 3393 742 3443 horum
761 3397 866 3444 maxima
889 3399 956 3458 parte
971 3409 1014 3458 po·
1060 3395 1191 3457 quiaquod
1203 3395 1448 3444 satiserstlrabebat.
1483 3397 1572 3446 llisita
1591 3387 1828 3458 gestis,ssribitllda·

237 3462 324 3510 tioudi.
337 3464 480 3514 Sabinianus
495 3468 600 3528 equites,
612 3481 673 3530 quos
692 3471 803 3531 habebat,
820 3475 886 3521 cerlo
900 3473 953 3522 loeo
964 3472 1013 3521 ‹lis-

236 3539 329 3599 posuit,
339 3541 363 3587 et
374 3541 465 3600 pedites
476 3555 523 3590 noa
534 3555 622 3604 paucos
629 3558 671 3607 per
689 3551 811 3608 montem,
824 3563 897 3610 quem
909 3549 1012 3597 circum-

235 3613 316 3661 eundo
333 3620 481 3676 superarent,
496 3618 609 3679 immisit,
618 3624 686 3680 turn,
706 3624 801 3684 qnando
810 3630 834 3673 el
846 3625 886 3673 ubi
900 3639 1014 3688 apparere

237 3691 365 3749 oporteret,
378 3695 529 3752 premonuit.
537 3697 569 3744 Ut
580 3699 724 3759 cenaverat,
737 3711 792 3748 eum
801 3703 906 3750 exercitu
916 3716 959 3751 suo
970 3703 1015 3752 sub

239 3779 361 3828 vesperam
372 3773 465 3829 moret,
478 3774 503 3820 et
520 3772 596 3834 prima
616 3774 670 3823 luce
687 3776 791 3825 hostium
809 3791 894 3840 agmen
915 3780 1014 3831 invadit.

237 3841 435 3892 Theudimrmdus
445 3849 525 3895 autem
535 3850 559 3895 et
569 3849 620 3908 ejus
636 3852 723 3910 mater,
731 3855 758 3899 ut
770 3852 795 3900 in
805 3865 830 3902 se
841 3853 958 3915 impetam
965 3855 1015 3903 lieri

238 3917 358 3980 viderunt,
367 3921 474 3970 celeriter
482 3923 633 3984 inplanitiem
641 3926 722 3989 elapsi,
732 3931 912 3991 etpontem,cui
919 3931 1016 3980 suberat

239 3995 301 4043 losse
315 3995 404 4057 ingenti
418 3999 592 4058 profunditate.
606 4003 744 4064 transgressi
765 4008 830 4067 errat,
842 4007 1016 4068 quodissolulo

238 4072 427 4132 persecutionem
440 4086 538 4136 eornm,
555 4077 596 4138 qui
612 4078 637 4126 in
648 4079 748 4130 alteram
760 4081 835 4144 ripam
849 4088 1015 4148 pervenerant,

238 4147 346 4197 hostibus
365 4148 564 4214 intercluseruut;
583 4155 680 4216 reliquis
697 4161 779 4207 autem
801 4173 922 4210 snoruma
944 4166 1016 4223 ponte

239 4224 341 4274 exclusis
351 4225 430 4287 lugam
442 4227 581 4289 impeditam
599 4231 761 4284 reddiderunt.
776 4237 806 4284 llt
820 4237 852 4284 illl
866 4249 915 4298 praa
931 4239 1015 4302 despe-

239 4300 342 4354 ratione,
353 4315 427 4362 quum
437 4305 506 4365 pauci
514 4309 601 4368 essent,
612 4307 637 4356 in
647 4311 766 4360 Romanos
779 4314 871 4374 equites
882 4315 1014 4378 irruerunt,

239 4377 281 4425 sed
295 4379 334 4426 abi
344 4381 508 4430 Romanorum
519 4383 608 4444 pedites
620 4399 650 4435 εκ
660 4391 792 4450 composito
804 4397 972 4456 proruperunt,
982 4396 1015 4445 ila

239 4453 319 4504 hostes
329 4459 395 4516 tersa
404 4461 536 4521 verterunt,
548 4465 670 4524 utpartim
684 4467 707 4514 in
720 4469 825 4532 equites,
836 4473 922 4532 partim
933 4473 957 4521 in
974 4487 1015 4534 pe-

240 4530 300 4580 dites
310 4531 472 4584 inoiderentet
485 4538 671 4591 trucidarentur.
683 4544 825 4596 Sabinianus
836 4561 950 4598 enrrnum
958 4550 1015 4609 duo,

1061 3473 1166 3522 mentius
1175 3473 1311 3534 imperatori
1320 3508 1328 3534 ,
1337 3475 1364 3521 ul
1372 3472 1537 3522 Tbenderiebo
1549 3474 1829 3535 promiseral,sermones‚

1059 3565 1119 3613 quos
1129 3563 1184 3600 cum
1196 3565 1225 3600 eo
1241 3551 1367 3600 habuerat.
1379 3551 1492 3600 Scribant
1504 3554 1529 3600 et
1543 3552 1691 3602 sabinianus
1704 3551 1728 3598 et
1743 3549 1832 3596 lomnes

1060 3629 1189 3691 praeteotus
1205 3641 1266 3677 rasa
1279 3641 1305 3677 se
1321 3631 1411 3690 gestas,
1424 3632 1449 3677 et
1458 3629 1540 3677 omnia
1562 3630 1586 3678 in
1600 3627 1679 3688 majus
1689 3624 1831 3675 extollentes,

1059 3705 1207 3765 suadebant,
1220 3708 1248 3754 ut
1257 3718 1340 3767 pacem
1348 3718 1404 3753 cum
1415 3705 1518 3754 barbaro
1528 3718 1578 3754 non
1591 3707 1688 3754 laceret.
1702 3705 1770 3763 Spem
1779 3695 1832 3745 culm

1060 3797 1110 3833 esse
1121 3783 1144 3831 ai
1154 3797 1210 3832 euru
1218 3784 1312 3845 regione
1321 3783 1423 3846 depelli,
1440 3787 1483 3832 aut
1494 3785 1513 3833 si
1521 3785 1650 3845 meuserit,
1660 3779 1759 3844 opprimi
1769 3787 1833 3839 posse.

1061 3863 1117 3910 llaec
1129 3861 1170 3910 ubi
1183 3861 1313 3922 imperator
1325 3861 1437 3922 rescivit,
1450 3861 1542 3910 bellum
1557 3863 1624 3924 turpi
1643 3873 1701 3924 pace
1712 3857 1786 3920 potins
1795 3852 1834 3900 da·

1062 3951 1132 3995 cens,
1139 3938 1204 3986 misit
1213 3938 1254 4000 qni
1262 3938 1365 3999 legatum
1374 3937 1459 3998 redire,
1468 3951 1548 3999 neque
1558 3939 1695 4000 quicquam
1705 3935 1736 3984 rei
1745 3930 1836 3992 amplius

1060 4027 1115 4064 cum
1125 4015 1226 4063 barbaro
1235 4013 1377 4063 contrahere
1385 4014 1494 4076 iuberet,
1503 4015 1544 4063 sed
1559 4015 1644 4064 verbis
1656 4013 1707 4063 suis
1721 4007 1836 4061 sabiniano

1059 4091 1148 4141 diceret
1159 4093 1183 4141 et
1198 4091 1300 4140 Gentoui
1313 4091 1348 4152 (is
1358 4094 1409 4140 erat
1418 4091 1455 4140 air
1464 4093 1574 4152 Gothus,
1588 4097 1614 4141 et
1630 4089 1725 4140 mulieri
1734 4091 1837 4138 Romane

1060 4168 1085 4216 iu
1102 4169 1172 4230 Epiro
1190 4171 1318 4230 nupserat,
1333 4171 1358 4217 et
1372 4167 1451 4230 copias
1463 4167 1607 4229 ducebat),
1621 4171 1651 4217 ut
1665 4180 1722 4216 cnm
1739 4161 1839 4212 omnibus

1059 4246 1133 4306 copiis
1146 4259 1201 4308 quae
1219 4245 1275 4306 ipsis
1285 4244 1408 4306 adessent,
1426 4245 1516 4293 bellum
1525 4248 1657 4306 gererent;
1672 4256 1716 4293 nec
1728 4245 1788 4290 enlm
1800 4234 1838 4284 srbi

1060 4322 1108 4371 ulla
1120 4322 1144 4371 in
1158 4335 1183 4370 re
1194 4335 1250 4369 cum
1260 4321 1361 4378 barbaro
1375 4321 1511 4370 convenire.
1528 4321 1695 4371 Adamantius
1706 4333 1776 4377 nero,
1789 4326 1840 4364 con·

1059 4401 1150 4448 vocatis
1163 4400 1294 4461 militibus,
1305 4413 1388 4449 eorum
1400 4400 1566 4450 tortitudinem
1575 4401 1701 4458 laudarit,
1712 4402 1736 4448 et
1746 4395 1841 4446 ullortss

1060 4480 1255 4540 sssepergment,
1280 4480 1306 4527 ut
1319 4491 1372 4528 mos
1384 4480 1475 4540 patrius
1491 4480 1574 4542 terret,
1586 4481 1701 4530 hortatus
1719 4479 1764 4527 est.
1785 4475 1842 4522 lum

1061 4555 1212 4616 imperatoris
1222 4556 1361 4604 mandatum
1372 4556 1418 4604 illis
1433 4556 1550 4618 recitarit,
1564 4557 1627 4606 etin
1639 4569 1738 4620 magnas
1748 4565 1798 4615 spes
1808 4561 1844 4598 τοῦ

239 4607 389 4669 captivorum
404 4611 543 4674 plusquam
563 4617 668 4679 quinque
687 4621 774 4682 millia,
790 4625 865 4686 cepit,
883 4628 907 4674 et
918 4640 966 4675 non
977 4641 1017 4690 pa·
1060 4634 1145 4694 erexit,
1159 4635 1326 4694 imperatorem
1340 4633 1504 4684 tortitudinem
1515 4638 1539 4685 et
1554 4636 1695 4685 navitatem
1708 4639 1843 4684 eorumden

132 4711 135 4714 -
241 4699 294 4732 rum
306 4686 401 4748 predae.
414 4691 529 4741 curribus
538 4694 619 4743 tanam
637 4697 744 4759 aliquot,
756 4714 817 4762 quos
828 4703 925 4753 didicile
936 4705 1017 4755 luisset
1061 4710 1212 4772 sinemagnis
1222 4711 1387 4773 pra‘miisesse
1401 4712 1634 4773 praetermissurum.
1648 4715 1710 4762 liae
1724 4712 1790 4762 illum
1799 4719 1844 4756 ma·

241 4775 283 4823 per
291 4765 328 4812 tot
341 4767 525 4827 praeruptarum
534 4783 616 4833 agere,
626 4773 651 4822 ia
659 4777 858 4842 montelucensis,
867 4783 1016 4844 Lychnidum
1061 4799 1108 4848 gno
1120 4800 1174 4835 cum
1186 4791 1268 4850 plausu
1284 4790 1392 4839 locutum
1405 4791 1534 4840 honorilice
1547 4792 1643 4842 milites
1655 4791 1776 4855 prosecuti
1788 4787 1845 4836 sunt.

164 4884 174 4905 ,
241 4842 367 4890 revertitur
384 4843 442 4892 :blo
456 4846 625 4899 adamantium
637 4854 740 4916 reperit,
752 4858 794 4918 qui
808 4860 952 4921 accitoquio
961 4874 1017 4910 cum
1063 4867 1093 4914 at
1103 4865 1137 4914 sie
1150 4867 1261 4928 quidem,
1276 4868 1393 4930 legatione
1410 4868 1474 4918 haud
1488 4869 1591 4918 feliciter
1610 4873 1725 4933 peracta,
1738 4863 1845 4917 discessit·

241 4919 406 4969 Theuderioho
417 4921 527 4974 redierat.
541 4929 651 4978 Nondum
674 4933 738 4982 enirn
756 4936 950 5000 Tlreuderiehns,
963 4953 1017 5001 qum
1428 4951 1472 5000 19.

242 4993 266 5042 in
278 4997 359 5045 monte
372 4998 520 5050 asabiniano
534 5008 598 5064 gesta
610 5013 687 5068 erant,
697 5017 850 5073 cognoverat.
862 5016 1017 5076 captivorum
1092 5023 1187 5069 zenone
1195 5020 1327 5082 imperante
1339 5023 1474 5072 Marcianus
1487 5025 1513 5074 et
1525 5023 1567 5072 alii
1579 5023 1698 5072 nonnulli
1714 5021 1846 5071 seditionem

239 5077 323 5121 autem
338 5075 463 5126 nobiliores
472 5081 586 5132 custodia
597 5085 708 5150 tradidit,
720 5089 825 5151 reliquos
837 5091 951 5143 militibus
962 5107 1017 5144 carru
1063 5103 1197 5148 mosenml.
1210 5097 1256 5148 Ubi
1268 5112 1296 5149 sa
1308 5112 1346 5150 res
1357 5099 1388 5150 sd
1399 5099 1595 5151 Theoderiebum
1608 5100 1700 5152 Triarii
1713 5100 1748 5150 lll.
1764 5099 1798 5147 cst
1810 5093 1848 5141 de·
