3766 5726
218 347 273 398 tiit

205 469 347 550 Ἀχελῴου,
370 469 412 528 διδ
435 470 464 528 τὸ
487 469 611 550 σἰκοὺρους
629 467 768 549 ρυλᾶττειν
791 469 836 539 τδς
854 473 983 554 κεραλδς,

204 559 362 638 Ἀκαρνᾶνας
377 560 523 618 καλεῖσθαι.

242 652 369 723 Tangere
390 649 449 704 haec
468 650 497 703 in
523 650 658 705 Euboicis
681 668 797 722 quoque
811 653 916 724 potuit.
943 654 983 706 Ex

207 737 347 792 Strabone
373 738 470 793 eadem
486 737 568 792 affert
589 736 679 797 schol.
698 738 735 793 ad
756 740 788 796 11.
812 735 837 808 ι’,
856 737 924 812 529.
942 739 984 798 Cf.

202 825 292 884 schol.
306 825 419 880 Homeri
435 826 465 878 in
473 825 565 880 Cram.
580 824 689 880 Anecd.
704 826 793 884 Paris.
806 828 857 896 111,
875 845 902 900 p.
916 825 982 897 376,

203 911 252 966 ubi
268 930 322 986 pro
337 908 499 988 Ἀρχέμαχος
510 912 613 986 legitur
624 907 784 988 ἀγχέμαχος.

242 1120 336 1176 Schol.
349 1121 430 1177 Pind.
444 1121 525 1194 l’ytli.
535 1122 586 1190 ΙΙΙ,
599 1139 654 1176 120
664 1139 670 1174 ε
680 1119 720 1178 Τὸ
732 1118 823 1178 Ἰόνιον
833 1119 945 1198 πέλαγος
955 1119 984 1177 τὸ

205 1203 264 1280 περλ
280 1203 403 1263 Σικελίαν
425 1204 454 1261 εδ
477 1205 559 1278 ὄνομα
582 1203 689 1280 ἔλαθεν,
714 1208 750 1271 ὑις
768 1204 906 1278 μδνένιοι,
932 1207 984 1264 ἀπὸ

203 1291 282 1358 Ἰοῦς·
296 1291 455 1368 Θεόπομπος
466 1291 493 1350 δὲ
505 1291 557 1350 ἀπδ
568 1291 658 1352 Ἰονίου
671 1291 760 1372 εἰνδρδς
773 1293 918 1372 Ἰλλυριοῦ,
928 1294 986 1373 Ἀρ-

202 1378 321 1458 χόμαχος
342 1377 369 1437 δὲ
393 1379 508 1438 ἀπδτῶν
531 1379 719 1456 ἀπολλυμένων
744 1382 769 1438 ἰν
793 1383 865 1461 αὐτῷ
879 1381 984 1442 Ἰαόνων

204 1463 429 1542 (Ἰώνων,οίεῖσιν
440 1465 569 1537 Ἀθηναῖοι
580 1470 638 1524 sch.
650 1468 762 1544 Dium).
774 1503 813 1513 —
825 1469 985 1549 Ἀρχέμαχος

202 1557 331 1613 Boeckius
345 1556 424 1611 dedit
441 1575 456 1612 e
472 1557 539 1612 cod.
555 1558 705 1630 Goetting.;
727 1559 756 1612 in
769 1561 884 1632 reliquis
898 1557 985 1638 Ἀρχί-

203 1644 292 1718 δαμος.
301 1642 406 1700 Eadem
419 1645 550 1718 leguntur
559 1643 637 1719 apud
648 1646 738 1701 schol.
751 1647 787 1701 ad
799 1650 918 1720 Dionys.
933 1651 985 1704 Pe·

202 1734 273 1807 rieg.
294 1738 343 1806 94.

516 1873 673 1898 -οοοοο-

313 1973 600 2061 ARETADES
636 1973 868 2063 CNIDIUS.

462 2133 728 2194 mutatorium.

434 2268 456 2322 Ε
476 2267 589 2322 LIBRO
604 2262 752 2324 TERTIO.

242 2388 383 2444 Plutarch.
405 2389 469 2443 Par.
493 2407 532 2448 m.
547 2407 574 2444 c.
604 2407 656 2460 11,
675 2407 706 2463 p.
725 2387 798 2456 308,
814 2388 836 2445 C
853 2407 859 2442 ε
878 2389 985 2465 Δαρεῖος

203 2472 357 2552 ὑΠίρσης,
375 2472 419 2531 ἐπὶ
438 2476 559 2552 Γρανικῷ
578 2473 731 2550 πολεμήσας
750 2472 922 2553 Ἀλεξάνδρῳ,
940 2472 985 2532 καὶ

135 2571 140 2578 “
202 2558 271 2618 ἑπτὰ
285 2560 421 2638 σατράπας
434 2559 586 2632 θποθαλών,
607 2561 652 2618 καί
671 2559 778 2641 ἅρματα
802 2559 984 2640 δρεπανηφόρα

203 2645 249 2704 δύο
261 2645 306 2704 καλ
312 2645 487 2720 πεντακόσια,
498 2645 642 2724 συμόαλεῑν
663 2645 757 2720 ἔμελλε
771 2651 803 2725 τῇ
823 2646 888 2717 ἑξῆς,
901 2648 983 2726 Ἀριο-

202 2732 334 2813 inpleta<
344 2733 370 2790 δδ
384 2739 399 2792 ὑ
413 2733 482 2810 υἱὸς,
509 2737 654 2811 συμπαθῶς
667 2734 826 2811 διακείμενος
840 2737 904 2816 πρὸς
916 2735 986 2796 Ἀλέ-

203 2820 320 2899 ξανδρον,
334 2822 484 2900 ὑπισχνεῖτο
506 2821 549 2880 τδν
574 2820 677 2902 πατέρα
696 2822 852 2902 προδώσειν.
876 2823 985 2902 Ἀγανα-

204 2907 305 2978 κτήσας
320 2907 346 2966 δὲ
366 2908 484 2988 ὑπατὴρ
507 2910 768 2988 ἐτραχηλοκόπησεν·
789 2915 824 2977 ὡς
843 2910 986 2991 Ἀρητάδης

206 2993 307 3062 Κνίδιος
321 2997 347 3053 ἐν
355 2995 435 3076 τρίτῳ
447 2999 643 3059 Μακεδονικῶν.

490 3132 698 3193 cristalli.

583 3285 610 3320 2.

241 3375 321 3432 Idem
334 3379 376 3432 De
385 3375 454 3436 fluv.
467 3398 492 3436 c.
509 3396 553 3448 ra,
566 3399 595 3452 a,
607 3379 643 3435 de
656 3381 753 3455 Sagari
764 3379 852 3435 fluvio
866 3397 873 3438 ε
887 3381 985 3438 Γεννᾶ-

203 3483 248 3518 τοι
263 3461 286 3518 δ’
301 3463 327 3518 ἐν
340 3463 410 3540 αὐτῷ
420 3463 504 3534 λίθος,
518 3465 677 3544 αὐτόγλυρος
694 3465 864 3541 καλούμενος·
873 3463 986 3544 εὑρίσκε·

204 3639 283 3687 grasse
303 3629 384 3676 aulem
399 3630 423 3677 ln
444 3629 556 3678 AEtoliam
574 3629 600 3679 et
612 3629 666 3678 loca
683 3631 747 3679 circa
761 3630 902 3679 Pleumnem
922 3631 985 3680 obti-

202 3716 289 3752 nuisse.
304 3705 351 3753 Eos
368 3705 450 3754 ευίεεα
465 3705 506 3766 qui
521 3707 587 3756 trans
603 3708 732 3756 Acheloum
745 3707 897 3769 habitabant,
909 3721 986 3770 quum

202 3783 276 3842 caput
285 3793 333 3830 non
342 3780 477 3844 tonderent,
486 3787 621 3833 Acarnanas
629 3783 706 3834 dictos
714 3784 792 3834 [υὶνεε.

577 3876 604 3926 9.

233 3955 326 4004 lonium
337 3969 402 4006 mare
409 3970 483 4020 prope
494 3958 598 4008 siciliam
608 3972 696 4009 nomen
705 3960 776 4009 habet
785 3931 918 4010 secundum
928 3973 987 4010 non·

203 4033 282 4082 nullos
294 4034 325 4083 ab
346 4037 417 4096 lone,
432 4049 479 4086 sec.
493 4038 673 4100 Theopompum
692 4040 724 4088 ab
739 4039 806 4089 lonio
820 4041 901 4101 lllyrio
918 4041 985 4101 viro,

204 4121 253 4158 sec.
264 4110 456 4161 archemaclium
470 4112 502 4162 ab
514 4115 613 4164 ionibus
623 4114 664 4176 qul
675 4114 699 4162 in
711 4127 740 4164 en
752 4113 873 4176 perierint.

355 4242 406 4302 DE
422 4243 546 4306 REBUS
562 4245 832 4306 Macauoltlcls.

233 4453 320 4502 Derim
332 4456 403 4503 Persa
418 4455 503 4516 proelio
514 4468 653 4518 congressus
669 4469 726 4506 cum
738 4457 874 4508 Alexandro
883 4458 914 4508 ad
923 4460 983 4508 Gra·

203 4530 283 4578 uicum
289 4565 296 4590 ‚
307 4529 398 4580 amissis
407 4533 497 4594 septem
507 4533 608 4594 satrapis
614 4547 643 4582 ac
652 4533 744 4584 falcatis
751 4535 861 4584 curribus
870 4536 984 4598 quingen·

202 4609 233 4658 tia
243 4611 268 4659 et
276 4608 340 4670 duo,
351 4611 464 4671 postridie
472 4611 604 4661 instarrrare
615 4624 719 4674 pugnam
730 4613 833 4664 volebat.
846 4613 984 4664 ariobarza-

202 4699 244 4734 σεε
254 4689 335 4734 autem
347 4685 410 4736 lilius
418 4687 481 4748 eiua,
492 4687 570 4750 utqui
581 4687 715 4739 Alexandro
724 4690 828 4751 laverat,
839 4693 949 4753 promisit
959 4705 985 4742 se

202 4766 294 4826 patrem
314 4763 357 4826 ipsi
376 4763 537 4825 proditurum.
550 4768 619 4814 Pater
631 4768 711 4816 autem
724 4767 863 4830 indignitate
873 4769 907 4818 rei
919 4781 984 4818 com·

202 4845 298 4904 molus,
321 4843 369 4892 lilio
397 4843 502 4893 cervices
524 4843 637 4906 praecidit.
658 4845 771 4896 laetarier
790 4846 890 4898 cnidius
912 4848 983 4898 terlio

202 4923 291 4970 ilerum
302 4919 518 4972 Macedonicarum.

511 5069 668 5094 NJ.-

840 351 1030 414 cautulus
1051 350 1184 420 catull,

1032 473 1135 552 τοιγὰρ
1144 469 1329 548 τετυπωμένην
1340 469 1407 550 ίχων
1419 469 1466 540 τὴν
1479 469 1580 548 μητέρα
1592 472 1727 530 τῶνθεών.
1739 474 1806 532 Tol-

1030 584 1073 619 τον
1082 561 1125 618 τδν
1137 561 1208 618 λίθον
1220 559 1265 618 llo
1281 558 1344 638 εὑρη
1359 581 1412 629 τις,
1429 557 1543 625 σπανίως
1554 557 1748 636 εὑρισκόμενον,
1760 563 1805 615 τῶν

1031 646 1246 724 ὑποεεμνομένων
1260 647 1289 704 οὐ
1307 645 1445 718 ξενίζεται,
1463 645 1521 703 ἀλλ’
1536 645 1656 724 εὐψύχως
1678 644 1752 726 φέρει
1765 649 1805 715 τῆς

1033 735 1108 813 παρδε
1121 735 1197 816 φύσιν
1207 733 1323 814 πράξεως
1334 732 1381 804 τήν
1394 733 1468 812 ὄψιν·
1486 733 1571 800 καθὼς
1584 737 1685 815 ἱστορεῖ
1703 733 1805 814 Ἀρεταί-

1031 824 1075 894 ζης
1087 823 1156 899 (sic)
1173 824 1200 880 iu
1214 823 1265 888 τοῖς
1279 822 1451 902 Φρυγιακοῖς.

1309 979 1529 1038 ΝΗΣΙΩΤΙΚΑ.

1243 1120 1264 1172 Ε
1285 1119 1398 1174 LIBRO
1420 1119 1597 1174 SECUNDO.

1407 1249 1433 1302 3.

1070 1381 1149 1436 idem
1168 1381 1230 1436 Par.
1242 1399 1279 1434 m.
1294 1399 1320 1437 c.
1336 1398 1384 1450 οη,
1396 1399 1426 1455 p.
1444 1380 1500 1436 312
1517 1381 1556 1438 C:
1569 1375 1703 1453 Τελαμὼν
1722 1380 1812 1437 tula-

1033 1471 1078 1524 κοῦ
1094 1468 1138 1524 καὶ
1154 1461 1306 1542 Ἐνδηίδος,
1321 1467 1402 1525 ἐλθὼν
1414 1468 1450 1532 είς
1465 1464 1580 1528 Εὗόοιαν
1592 1465 1637 1495 *⁸*
1648 1466 1741 1532 νυκτὸς
1750 1465 1810 1546 ἔρυ-

1032 1576 1084 1631 γεν.
1111 1552 1146 1614 ‘0
1170 1553 1197 1612 δδ
1213 1551 1301 1634 πατὴρ
1323 1553 1474 1628 αίσθόμενος
1488 1551 1600 1610 κολεῶν
1620 1553 1736 1609 πολιτῶν
1755 1576 1810 1610 τινα

1035 1639 1217 1717 ὑποπτεύσας,
1242 1639 1322 1700 ἔδωκε
1347 1638 1394 1710 τήν
1409 1639 1487 1718 κόρην
1509 1639 1747 1710 καταποντωθῆναί
1764 1663 1810 1697 τινι

1031 1731 1084 1787 τῶν
1096 1729 1255 1809 δορυφόρων.
1266 1728 1300 1788 Ὁ
1311 1727 1335 1786 δ’
1346 1727 1454 1798 ἐλεήσας
1462 1726 1652 1802 ἀπημπόλησε·
1663 1727 1813 1806 προσσχού-
1860 1783 1869 1802 ,

1035 1839 1082 1886 σης
1104 1816 1131 1874 δδ
1140 1821 1187 1886 τῆς
1207 1815 1269 1881 νεὼς
1284 1817 1432 1892 Σαλαμῖνι,
1454 1813 1586 1890 Τελαμών
1608 1813 1745 1884 ὠνήσατο·
1760 1819 1777 1884 ή
1792 1813 1811 1872 δ’

1033 1903 1120 1962 ἔτεκεν
1135 1902 1238 1963 Αἴαντα
1248 1927 1254 1940 ·
1265 1906 1301 1970 ὡς
1316 1902 1457 1983 Ἀρητάδης
1476 1901 1578 1968 Κνίδιος
1592 1903 1618 1959 ἐν
1630 1901 1747 1981 δευτέρῳ
1759 1905 1813 1972 Νη·

1033 2013 1170 2048 Ulmum&

1072 2081 1222 2150 Aretades,
1237 2080 1411 2152 nescioqui,
1425 2075 1491 2153 Περὶ
1505 2073 1698 2153 συμπτώσεως,
1708 2077 1746 2133 de
1757 2078 1814 2132 ior-

1033 2171 1102 2224 tuita
1115 2171 1287 2243 scriptorum
1310 2169 1386 2222 idem
1406 2167 1579 2222 tradentium
1597 2165 1812 2231 convenientia,

1033 2257 1194 2312 laudatura
1207 2257 1369 2332 Porphyrio
1390 2255 1468 2330 apud
1481 2253 1584 2312 Euseb.
1600 2255 1632 2310 P.
1650 2255 1685 2309 E.
1698 2272 1731 2328 p.
1745 2253 1811 2320 466.

1032 2343 1119 2416 Quod
1147 2343 1264 2416 quidem
1295 2353 1493 2416 argumentum
1514 2341 1609 2396 nescio
1633 2359 1670 2394 an
1691 2341 1815 2396 conferri

1031 2433 1121 2505 possit
1135 2449 1199 2486 cum
1211 2449 1245 2486 eo
1256 2429 1335 2502 quod
1347 2428 1514 2485 Plutarchus
1525 2429 1554 2482 in
1568 2428 1712 2482 Parailelia
1723 2431 1816 2482 mino-

1032 2517 1112 2573 ribus
1127 2528 1241 2576 tractat.
1255 2519 1346 2572 Porro
1357 2535 1403 2592 ap.
1416 2517 1506 2575 schol.
1520 2515 1635 2572 Homer.
1650 2515 1685 2570 ll.
1698 2537 1732 2584 ω,
1747 2535 1816 2589 τεο,

1032 2605 1164 2678 leguntur
1174 2605 1254 2659 hare:
1270 2601 1460 2680 προῖόπτω]
1474 2600 1666 2678 Ἀπολλόδωρος
1682 2600 1728 2658 καὶ
1743 2595 1818 2678 Ἀρη-

1032 2689 1111 2761 τόδης
1122 2687 1168 2747 καὶ
1183 2689 1313 2759 Νεοτέλης
1326 2688 1371 2746 καλ
1381 2689 1515 2755 Διονύσιος
1525 2691 1539 2746 ὑ
1548 2686 1624 2768 Θρᾲξ
1635 2685 1678 2744 δελ
1687 2691 1737 2745 τοῦ
1745 2711 1761 2744 τ
1772 2689 1818 2758 τήν

1031 2775 1152 2854 πρόθεσιν
1172 2775 1314 2856 γράφουσι,
1329 2774 1373 2833 καί
1386 2776 1524 2834 δασύνουσι
1542 2776 1571 2834 τὸ
1590 2798 1619 2848 α,
1634 2773 1678 2832 ἵνα
1692 2765 1711 2851 ή
1726 2798 1819 2854 προσ-

1032 2863 1139 2939 οίπτω,
1168 2861 1317 2937 ἀνατίθημι.
1343 2865 1423 2920 Idem
1452 2883 1558 2921 nomen
1588 2865 1709 2921 sortasse
1738 2867 1820 2921 resti·

1032 2951 1170 3008 tuendum
1189 2951 1267 3025 apud
1279 2951 1369 3006 schol.
1394 2951 1494 3025 Odyss.
1510 2973 1535 3028 γ,
1557 2949 1613 3018 344
1638 2970 1646 3006 :
1668 2947 1819 3026 γλώσσας

1034 3038 1061 3096 δ’
1075 3039 1105 3096 ἐν
1119 3035 1194 3116 πυρί
1207 3035 1337 3114 βάλλον]
1348 3036 1498 3108 Ἐζήτησαν
1512 3035 1556 3096 διδ
1569 3037 1594 3095 τί
1605 3040 1659 3104 τοῖς
1669 3040 1739 3104 θεοῖς
1751 3037 1817 3095 ἀσέ·

1033 3147 1110 3200 νεμον
1122 3123 1169 3190 cde
1177 3123 1309 3201 γλώσσας.
1324 3126 1361 3184 Οἱ
1371 3121 1417 3200 μὲν
1427 3125 1561 3202 ἐνόμισαν,
1571 3115 1607 3183 ὧν
1618 3123 1673 3182 ἔστι
1685 3126 1820 3204 Λεάνδρου

1035 3217 1052 3283 ἡ
1062 3211 1214 3291 Ἀρκτιοίδης
1222 3209 1367 3290 (Λέανδρος
1375 3210 1422 3269 καί
1432 3211 1601 3290 Ἀρητόδηςδρ
1610 3209 1680 3270 κατδ
1687 3212 1821 3292 πατρώιον

1033 3299 1088 3365 ἔθος
1101 3298 1209 3358 Ἰώνων·
1225 3296 1281 3357 ἔστι
1294 3298 1345 3377 γδρ
1357 3299 1467 3377 πάτριον
1480 3298 1534 3366 ἔθος
1546 3298 1654 3360 Ἰώνων.

1342 3453 1501 3476 -mfi—

1222 3649 1273 3708 DE
1287 3647 1410 3710 REBUS
1425 3645 1620 3708 PHRYGHS.

1404 3781 1431 3830 2.

1063 3871 1173 3920 Nascitur
1184 3871 1207 3920 in
1224 3871 1304 3933 sagari
1315 3869 1390 3920 tluvio
1400 3870 1460 3933 lapis
1470 3871 1568 3920 nomine
1578 3869 1760 3932 caloclyplaue
1781 3871 1789 3928 l
1800 3869 1823 3916 ἰιΙ

1031 3948 1080 4008 est,
1092 3953 1176 4010 sponte
1185 3948 1292 4010 sculptus
1301 3949 1323 4010 λς
1335 3949 1457 3997 invenitur
1468 3948 1532 3997 enim
1544 3959 1600 3996 cum
1608 3959 1725 4009 expressa
1736 3947 1822 3995 matris

1031 4023 1132 4073 deomm
1142 4025 1219 4087 ellipe
1231 4041 1236 4073 :
1248 4025 1353 4087 quamsi
1365 4025 1419 4088 quis
1434 4025 1553 4074 invenerit
1565 4025 1574 4086 (
1586 4037 1640 4072 raro
1652 4025 1738 4072 autern
1755 4025 1824 4072 inae·

1031 4103 1095 4151 nitur
1105 4103 1122 4164 )‚
1135 4104 1166 4152 ab
1179 4103 1207 4153 iis
1223 4104 1265 4166 oiri
1281 4105 1417 4152 castrantur
1428 4116 1477 4152 uon
1495 4103 1621 4162 abhorret,
1636 4101 1679 4150 sed
1698 4101 1824 4163 intrepido

1031 4180 1100 4229 vultu
1109 4181 1155 4230 lert
1166 4195 1215 4231 rem
1222 4195 1278 4244 qua
1287 4185 1374 4244 prater
1384 4182 1494 4231 naturam
1504 4181 1539 4230 lit.
1550 4182 1636 4231 Narrat
1645 4180 1694 4230 hoc
1702 4181 1823 4231 aretades

1031 4258 1054 4305 in
1070 4259 1200 4320 Plirygicia.

1190 4463 1193 4470 y
1309 4380 1532 4442 nnrusuus.

1408 4515 1434 4564 3.

1060 4613 1174 4662 Telamon
1186 4614 1252 4664 AEaci
1270 4615 1294 4663 et
1304 4613 1417 4664 lludeidia
1432 4613 1497 4663 lilius
1507 4612 1532 4661 in
1542 4611 1660 4661 lluboeam
1671 4625 1755 4674 quum
1776 4626 1820 4662 re·

1029 4691 1115 4751 nisset,
1129 4689 1271 4754 [Periboeam
1283 4689 1392 4740 Alcathoi
1405 4689 1480 4738 liliam
1492 4688 1592 4751 vitiavit]
1606 4691 1735 4750 noctuque
1750 4691 1822 4752 rugit

1030 4769 1099 4816 Pater
1111 4766 1214 4816 sentiens
1224 4767 1281 4828 hoc,
1294 4770 1318 4816 et
1329 4767 1419 4816 lactum
1429 4765 1549 4828 abaliquo
1560 4765 1650 4815 civium
1660 4767 1806 4828 suspicatus
1819 4803 1825 4828 ,

1029 4845 1102 4894 illlam
1121 4845 1216 4894 cuidam
1227 4845 1356 4895 satellitum
1367 4845 1391 4894 in
1407 4857 1473 4893 mare
1487 4843 1645 4905 abjiciendam
1666 4845 1801 4896 mandavit
1815 4867 1822 4894 :

1029 4923 1069 4985 qui
1078 4927 1158 4973 motus
1170 4923 1399 4984 miseratione‚earu
1409 4923 1530 4984 vendidit;
1541 4937 1667 4986 quumque
1679 4925 1774 4974 mulier
1784 4939 1824 4974 es·

1028 5004 1065 5050 set
1083 5001 1114 5050 ad
1135 5001 1237 5052 insulam
1250 5001 1396 5050 salaminam
1415 5001 1471 5050 navi
1492 5002 1605 5062 advecta,
1625 5003 1746 5053 Telamon
1766 5019 1825 5054 eam

1028 5079 1102 5139 emit;
1123 5079 1215 5140 peperit
1236 5081 1316 5127 autem
1334 5078 1438 5140 Ajacem.
1456 5078 1584 5129 ilistoriam
1599 5082 1682 5130 narrat
1700 5081 1826 5132 Arelales

1029 5155 1128 5205 Cnidius
1137 5155 1196 5203 libro
1204 5158 1238 5204 lle
1247 5154 1329 5204 insulis
1340 5154 1454 5204 secundo.
