3842 5726
272 411 308 461 tltl
702 393 967 456 olinitloponl
991 391 1144 454 THEBAEt
1166 389 1413 453 FRAGMENTA.

267 552 326 605 ναι,
347 531 390 586 τοῦ
416 525 507 592 παιδὸς
530 523 680 602 Συμμόχου
704 529 863 604 πραιτοῦραν
889 525 1036 597 τελοῦντος,
1084 520 1249 601 Πλακιδίρῖν
1258 519 1406 600 δθυμίρκαὶ
1416 509 1780 596 λύπῃῆσαν.ίίανδιδιανθςδί
1789 522 1848 578 πολ·

268 619 348 674 ιίκοσι
370 613 524 692 κεντηνόρια
544 611 703 682 ίδαπάνησε.
725 611 845 687 Μάξιμος
867 609 909 682 δὲ,
932 601 968 676 εἷς
987 613 1038 668 τῶν
1083 607 1129 673 ll<
1140 609 1226 673 πόλεις
1242 610 1321 688 αἱρῶν
1335 607 1380 664 καί
1396 608 1538 681 εὐδοκιμῶν
1555 607 1698 684 λαμπρῶς,
1712 605 1741 664 τθ
1755 609 1845 665 λυποῦν

267 703 393 780 εὐπόρων,
413 703 448 766 είς
463 699 510 771 τὴν
529 705 573 758 τοῦ
595 703 650 757 υἱοῦ
665 692 823 779 πραιτοῦρῖιν
845 695 1039 776 τεσσαράκοντα
1084 694 1229 762 διεσκόδαζε
1241 694 1286 752 καί
1297 690 1468 774 ἐψυχαγώγει.
1486 683 1553 753 Εἶτα
1568 693 1693 772 σφάζεται
1707 695 1721 750 δ
1737 692 1851 772 τύραννος

268 788 426 848 κατεῦάλειο
438 785 603 866 κεντηνάρια.
618 785 706 846 ‘Emi
721 785 748 844 δὲ
768 785 877 864 ἡμέραις
886 788 910 844 oi
923 783 1040 865 πραίτω-
1087 780 1218 856 Ἰωάννης,
1228 780 1272 838 καί
1285 779 1417 838 Πλακιδία
1429 779 1485 854 ἅμα
1494 777 1599 859 καίσαρι
1610 783 1647 858 τῷ
1657 780 1731 836 παιδί
1742 779 1850 858 εἰσέρχε-

269 900 309 956 ρτς
320 875 366 941 τδις
379 873 534 953 πανηγύρεις
548 873 660 932 ίτόλουν.
1085 890 1128 925 ται
1140 869 1175 933 τίς
1189 867 1235 938 τὴν
1248 865 1399 925 Ῥάόενναν.
1412 864 1510 925 ‘lilim
1524 863 1551 922 δὲ
1567 869 1581 924 d
1596 865 1737 943 μάγιστρος
1747 866 1786 922 καί
1800 889 1851 922 πα-

288 982 344 1022 ·ts.
363 960 427 1022 Ὀτι
442 966 456 1020 θ
470 961 630 1040 συγγραφεὺς
645 963 683 1040 τῷ
703 958 828 1019 Ὀδυσσεῖ
837 957 885 1030 τὴν
897 957 997 1028 πλάνην
1011 959 1040 1016 σθ
1083 952 1196 1032 τρίκιος,
1218 951 1375 1012 καταλαῦθνν
1395 951 1443 1023 τὴν
1460 951 1569 1026 Ῥώμην
1590 950 1635 1009 καί
1657 952 1759 1009 πάντων
1773 955 1853 1010 ἐκεῖσε

271 1049 340 1110 ιιοιτθ
351 1049 473 1110 Σικελίαν
485 1047 549 1129 ρησὶ
561 1053 724 1124 γεγενῆσθαι,
735 1049 803 1106 till
815 1045 884 1105 κατδι
893 1039 926 1105 τά
938 1045 1040 1126 πέρατα
1086 1039 1293 1118 συνδραμόντων,
1305 1040 1351 1108 τὴν
1367 1037 1504 1119 βασιλικὴν
1517 1041 1613 1108 ίσθῆτα
1624 1037 1780 1118 ἑπταέτηρον
1794 1039 1852 1096 ὄντα

269 1143 314 1209 τῆς
326 1138 449 1204 Ἰταλίας·
462 1135 507 1196 καλ
518 1133 565 1206 τὴν
577 1137 612 1202 είς
625 1135 686 1216 ᾅδου
697 1133 804 1192 κάθοδον
816 1132 889 1213 παρθ
900 1132 944 1192 τθν
956 1134 1040 1190 ιθιιεα·
1087 1127 1168 1186 litto
1183 1125 1392 1188 Βαλεντινιανόν.
1407 1125 1455 1187 Ἐν
1469 1115 1506 1192 οἶς
1515 1124 1561 1184 καὶ
1572 1124 1605 1183 τὰ
1615 1129 1661 1197 τῆς
1672 1125 1783 1204 ἱστορίας
1796 1126 1854 1202 [τε-

269 1225 311 1282 νθν
326 1228 491 1302 γεγενῆσθαι,
503 1223 529 1280 ίν
545 1212 625 1302 deal
641 1219 752 1292 ἡπσλλὴ
764 1220 859 1290 πλάνη.
877 1219 1041 1294 Ἄγωνῖζεται
1086 1214 1191 1294 λευτᾷλ

271 1310 298 1370 δὲ
310 1310 352 1370 δτθι
362 1313 465 1368 πολλῶν
474 1313 550 1368 τοῦτο
563 1312 742 1387 παραστῆσαι.
755 1305 847 1381 Ἡμεῖς
857 1303 883 1364 δδ
893 1305 937 1363 καί
949 1305 1042 1369 ἄλλους
1459 1311 1487 1348 ²·

268 1398 405 1477 διαφόρους
423 1396 569 1473 ἀνέγνωμεν
584 1397 609 1454 ἐν
628 1394 726 1459 τούτοις
743 1395 814 1472 αύτῷ
835 1396 1041 1471 συμρωνοῦντας.
1126 1398 1251 1452 Zosimus
1268 1399 1304 1466 V,
1321 1415 1357 1468 ²7
1380 1393 1484 1454 εἘνδὲ
1496 1398 1528 1474 τῇ
1540 1392 1669 1472 Ῥαὸέννη
1686 1393 1855 1472 (μητρόπολις

309 1504 346 1544 ιο.
371 1483 436 1544 Ὀτι
461 1481 649 1540 άποστελλεται
673 1479 726 1538 ἀπὸ
745 1479 1042 1544 Κωνσταντινουπόλεως
1087 1480 1113 1540 δὲ
1124 1481 1282 1557 Φλαμινίας,
1293 1482 1366 1548 πόλις
1375 1481 1484 1561 ἀρχαία,
1493 1482 1638 1542 Θεσσαλῶν
1646 1479 1855 1556 irremissibiles]

271 1570 344 1650 παρδι
354 1569 495 1630 Θεοδοσίου
509 1567 654 1640 Πλακιδία,
666 1566 723 1643 ἅμα
733 1565 809 1625 παισὶ
819 1565 887 1622 κατὰ
898 1570 942 1624 τοῦ
952 1565 1043 1645 τυρόν·
1087 1571 1211 1639 κληθεῖσα
1225 1567 1267 1626 διδ
1288 1567 1317 1626 τὸ
1329 1568 1491 1646 πανταχόθεν
1511 1566 1587 1626 illesi
1605 1572 1793 1646 περιρρεῖσθαι,
1810 1569 1856 1625 καὶ

272 1681 327 1716 νου·
341 1656 387 1716 καλ
399 1654 612 1731 ἒπαναλαμόάνει
631 1655 696 1724 αῦτλ
712 1653 759 1730 μίν
770 1653 800 1712 πθ
815 1657 862 1724 τῆς
879 1651 1042 1729 Αὖγούστης,
1088 1657 1194 1733 οῦχ,ὼς
1209 1657 1224 1712 θ
1240 1654 1513 1733 Ὀλυμπιόδωρος
1531 1650 1710 1724 θΘηόαῑός
1724 1675 1798 1732 τρησι,
1814 1653 1857 1710 διὰ

271 1747 286 1800 θ
308 1742 335 1801 δὲ
353 1741 566 1808 Οὖσλτντινιανὸς
588 1741 618 1800 πθ
644 1747 690 1800 τοῦ
711 1739 901 1815 νωόελισσίμου
927 1739 1040 1814 ἀξίωμα.
1087 1739 1117 1798 τῦ
1136 1740 1251 1818 Ῥῶμον,
1272 1739 1519 1818 θςιῖδελρθςγίγονε
1532 1739 1679 1818 Ῥωμύλῳ,
1698 1744 1744 1810 τῆς
1759 1740 1858 1805 πολεως

273 1827 488 1904 Συνεκπίμπεται
503 1827 530 1884 tt
543 1829 629 1893 αὐτοῖς
642 1827 687 1886 καῖ
709 1825 829 1906 στρατὸς,
842 1825 886 1883 καί
898 1847 1043 1905 στρατοπε·
1091 1827 1187 1899 ταύτης
1203 1828 1318 1898 οἰκιστὴν
1337 1827 1518 1906 γεγονέναι...)
1538 1831 1565 1886 ἐν
1578 1850 1610 1906 τη
1632 1826 1758 1905 ‘Pedion
1774 1827 1858 1886 τοίνυν

274 1916 372 1996 δάρχης
397 1913 520 1994 ἑκατέρας
544 1913 690 1990 δυνάμεως,
717 1912 896 1992 Ἀρδαόούριος
922 1911 978 1988 άμα
1005 1916 1043 1990 τῷ
1089 1914 1170 1994 ταύτῃ
1182 1913 1419 1996 παρεσκευασμένῳ
1432 1915 1574 1993 Στελίχωνι
1591 1921 1648 1981 ταῖς
1661 1914 1792 1994 Ἰλλυρίων
1805 1915 1857 1971 πό-

272 2003 348 2060 παιδί
361 1999 491 2081 Ἄσπαρι,
507 1999 552 2058 κοιλ
565 2000 648 2079 τρίτος
669 1999 845 2066 Ιίανδιδιανός.
868 1997 945 2058 Ksed
957 1999 984 2058 δὲ
996 1999 1043 2070 τὴν
1091 2003 1148 2060 λεσι
1159 2001 1226 2078 μετὰ
1235 2001 1427 2081 στρατεύματος
1439 2004 1584 2073 άπιστῆναι,
1597 2001 1641 2060 καὶ
1656 1999 1702 2059 σῦν
1716 2001 1861 2082 Ἀλλαρίχῳ

274 2087 470 2158 Θεσσαλονίκην
485 2085 582 2147 ‘illim
594 2089 608 2144 δ
620 2089 671 2144 τῶν
682 2085 806 2167 θρρικίων
819 2085 958 2166 μάγιστρσς
971 2085 1044 2166 παρδι
1089 2088 1313 2168 παρασπάσασθαι
1323 2088 1371 2164 μὲν
1383 2088 1462 2155 αὐτάς
1477 2089 1628 2169 Ἀρκαδίου,
1641 2089 1860 2167 περιποιήσασθαι

268 2174 415 2254 Θεοδοσίου
430 2172 585 2240 ἀποσταλείς
597 2173 678 2232 ἐνδύει
696 2172 893 2232 Βαλεντινιανθν
912 2173 952 2232 ἐπ’
966 2175 1045 2244 αὐτῆς
1089 2174 1158 2252 θδτῇ
1170 2174 1295 2254 Ὀνωρίου
1306 2175 1434 2255 βασιλείᾳ,
1445 2175 1489 2235 δύο
1500 2175 1644 2252 κωλύματα
1654 2175 1860 2255 συνέόηπαρεμ-

273 2260 468 2332 Θεσσαλονίκης
480 2260 527 2332 τὴν
541 2265 586 2318 τοῦ
598 2259 720 2339 καίσαρος
738 2261 847 2332 ἐσθῆτα,
860 2258 980 2336 πέμπτον
992 2259 1046 2326 ἔτος
1089 2271 1187 2334 πεσεῖν,
1207 2265 1265 2324 κτλ.
1283 2267 1345 2338 (τιτι.
1363 2265 1442 2338 506).
1463 2267 1553 2321 Petita
1566 2267 1625 2320 haec
1643 2277 1707 2320 mint
1721 2285 1753 2321 ex
1769 2269 1862 2340 prima

271 2347 371 2424 ἄγοντα
380 2351 425 2418 τῆς
435 2345 546 2418 ἡλικίας.
560 2345 710 2406 Κατιόντων
721 2343 749 2403 ll
761 2348 854 2418 αὐτῶν,
868 2345 1047 2425 Ἀρδαόούριος
1091 2353 1184 2426 operis
1198 2363 1289 2425 parte.
1302 2353 1538 2428 Anteceditepud
1554 2354 1696 2408 Zosimnm
1708 2372 1733 2408 c.
1749 2355 1785 2408 26
1799 2373 1862 2408 nnr-

276 2432 323 2509 μὶν
331 2431 603 2511 ἆλίσκεταιπαρδιτῦν
614 2437 659 2492 τοῦ
667 2431 799 2511 τυράννου,
812 2432 855 2491 καί
867 2433 1047 2510 ἀναπέμπεται
1090 2439 1163 2494 ratio
1182 2439 1218 2494 de
1242 2441 1363 2495 victoria
1383 2458 1469 2512 quam
1488 2440 1523 2495 dc
1542 2440 1720 2512 Rhadngaiso
1741 2441 1862 2494 Siclirtio

275 2521 339 2601 πρὸς
351 2519 440 2597 αὐτὸν,
454 2519 498 2578 καὶ
513 2519 623 2600 ριλιάζιι
637 2521 721 2599 αὐτῷ·
739 2518 792 2577 ὁδί
806 2519 897 2578 τούτου
909 2524 972 2588 παῖς
991 2521 1047 2597 ἅμα
1091 2527 1262 2600 reportavit,
1273 2525 1409 2600 cujusque
1424 2528 1531 2581 mentio
1541 2525 1573 2580 fit
1588 2527 1617 2580 in
1628 2527 1710 2580 Phot.
1724 2529 1788 2580 Exc.
1803 2527 1852 2600 §9

275 2685 447 2748 symmachum
462 2697 520 2734 vero
535 2685 670 2744 oratorem,
686 2683 799 2734 mediocri
809 2697 881 2734 censu
899 2687 1050 2748 senatorem,
1097 2687 1192 2736 ltaliam
1209 2687 1379 2749 pervenissent,
1397 2687 1545 2737 ardaburius
1560 2700 1574 2736 ε
1589 2688 1683 2750 tyranni
1698 2687 1811 2736 militibus
1824 2702 1862 2735 cs

276 2767 332 2814 ante
348 2765 442 2825 captam
460 2762 544 2810 urbem
564 2760 613 2810 tilio
630 2761 774 2823 symmacho
791 2764 922 2823 praetnram
940 2765 1052 2823 gerente,
1095 2762 1168 2823 pitur,
1181 2764 1312 2826 missusque
1325 2763 1355 2812 ad
1364 2763 1432 2813 illum
1444 2765 1572 2812 amicitiam
1585 2777 1640 2812 cum
1653 2764 1735 2812 eodem
1745 2764 1795 2812 init.
1809 2766 1862 2824 Ejm

277 2841 424 2890 centenarios
431 2839 572 2901 impendisse
581 2837 816 2900 viginti3ltaximum
824 2839 924 2900 deln,ex
935 2840 1053 2901 opulentis
1094 2837 1190 2888 interim
1201 2839 1278 2900 itlius,
1297 2843 1390 2902 Aspar,
1406 2853 1453 2888 una
1464 2853 1519 2889 cum
1531 2840 1635 2888 Placidis
1652 2840 1676 2888 ln
1687 2853 1770 2900 magns
1786 2854 1861 2888 rernn

277 2930 305 2966 ee
314 2917 389 2966 testis
401 2929 490 2976 unum,
508 2913 586 2964 inniti
597 2918 725 2976 prreturam
738 2915 894 2976 quadraginta
905 2915 1053 2966 centenarios
1095 2914 1257 2976 desperatione
1266 2915 1549 2978 luctuquerersabantur.
1558 2915 1603 2964 Sed
1611 2915 1861 2976 candidianus‚mulri

277 2993 427 3055 impendisse.
448 2994 542 3054 septem
552 2993 632 3042 antem
644 2990 728 3041 diebus
742 2990 851 3042 solennes
862 2991 931 3042 ludos
939 2995 1053 3055 praetores
1095 2991 1338 3053 occupatisurbibus,
1349 2995 1465 3054 partaque
1477 2991 1547 3040 rebus
1558 2991 1619 3040 bene
1627 2992 1698 3052 gestis
1709 2995 1809 3041 nominis
1818 2995 1861 3043 cla

277 3071 436 3122 celebrabant.
1096 3067 1179 3129 litate,
1199 3068 1292 3117 luctum
1310 3069 1433 3130 dissiparit
1451 3067 1590 3130 animosque
1601 3067 1711 3118 reddidit.
1731 3070 1861 3120 cmsodeir

310 3151 348 3198 lt.
362 3145 633 3209 ScriptertricUlyssem
646 3147 681 3195 ait
695 3159 743 3196 non
760 3146 823 3196 cirre
838 3145 956 3210 Siciliam,
968 3146 1009 3196 sad
1021 3146 1051 3195 ad
1097 3148 1190 3195 loannc
1208 3148 1310 3208 tyranno
1328 3147 1408 3207 (ito),
1429 3145 1531 3196 Placidia
1552 3159 1601 3196 una
1627 3159 1684 3194 cum
1703 3148 1797 3196 cesare
1817 3148 1860 3196 fili

278 3229 397 3276 exitentes
410 3224 485 3274 ltaliae
495 3236 550 3273 oras
560 3223 696 3285 oberrasse;
708 3225 733 3274 et
748 3224 847 3286 trajecto
863 3227 960 3274 oceano
971 3224 1002 3272 ed
1014 3225 1051 3272 in·
1097 3225 1234 3272 liarennsm
1241 3223 1302 3272 iniit.
1314 3223 1397 3272 ltelion
1407 3235 1473 3282 vero,
1484 3222 1594 3283 magister
1603 3225 1627 3271 el
1635 3222 1755 3284 patricius,
1766 3225 1860 3272 ltomrm

279 3305 342 3354 teres
357 3301 517 3360 descendisse,
534 3303 607 3364 alque
619 3301 643 3350 in
654 3315 683 3351 co
696 3301 756 3351 mari
767 3303 838 3352 variis
853 3303 921 3352 illum
934 3303 1053 3352 amoribus
1097 3299 1191 3360 invasit,
1202 3299 1361 3362 omnibusque
1376 3311 1405 3348 eo
1416 3297 1604 3359 confluentibus,
1615 3297 1807 3348 valentinianum
1819 3299 1860 3358 ian

278 3383 394 3444 jactatum
407 3381 485 3431 titisse.
518 3380 588 3437 Quod
602 3380 684 3430 mullis
700 3381 842 3431 confirmare
855 3381 947 3430 nititur.
964 3383 1012 3430 llos
1023 3381 1053 3448 ¹ol
1096 3379 1232 3438 septennem
1243 3379 1309 3426 reste
1326 3375 1405 3426 induit
1419 3375 1579 3437 impersloria.
1593 3378 1621 3425 ln
1637 3375 1674 3424 his
1690 3375 1801 3424 Bistonis
1817 3377 1860 3426 fini

279 3461 340 3511 alios
348 3459 428 3521 plures
437 3458 536 3520 legimus
544 3457 568 3505 in
577 3458 614 3506 his
625 3471 680 3506 cum
692 3457 733 3508 ttlo
744 3460 927 3508 consentientes.
1096 3453 1139 3502 stt

311 3534 1053 3596 lo.RemissaestconstantinopotlaTheodosloPtacldiscum
1387 3539 1394 3554 ·
1465 3533 1492 3582 2.

281 3610 1053 3673 tlmmsnresusloamemtyrannummttttsquldsmnugnstae
1127 3611 1387 3674 adnavemsmiqus
1395 3611 1533 3674 metropolis
1541 3610 1807 3672 estFlaminioe;prisca
1815 3625 1859 3662 son

281 3699 368 3735 nomen
375 3721 382 3744 ,
390 3685 571 3734 valentinianus
585 3699 641 3735 vero
650 3687 791 3736 Nobilisslmt
802 3688 899 3737 titulum
911 3687 994 3737 iterato
1003 3701 1052 3738 sns-
1096 3688 1194 3751 civitas,
1202 3689 1294 3739 colonia
1301 3689 1476 3748 Thessalorum,
1484 3688 1566 3738 Rhene
1577 3687 1653 3748 dicta,
1663 3687 1728 3749 quod
1737 3701 1792 3737 eam
1802 3701 1859 3751 aqui

282 3764 345 3824 repit
361 3764 437 3822 (itt).
452 3763 588 3813 submissus
600 3776 698 3826 quoque
713 3767 845 3825 exercitus,
864 3766 966 3828 bellique
978 3769 1054 3828 tmpe-
1097 3765 1128 3814 ab
1140 3768 1205 3816 omni
1220 3768 1288 3827 parte
1298 3765 1482 3824 circumituum
1493 3777 1542 3814 ιιοα
1557 3767 1638 3814 autem
1653 3767 1792 3826 propterea,
1810 3766 1858 3815 sicr

283 3843 348 3886 rotor
359 3839 595 3900 utriusque'milltiae,
608 3839 755 3890 Ardaburios
766 3841 879 3890 nimirum
896 3855 952 3891 cum
967 3848 1055 3904 aspere
1098 3841 1282 3904 olympiodorus
1292 3840 1411 3892 'strepens
1421 3841 1463 3901 att,
1480 3839 1545 3902 qnod
1555 3843 1657 3902 tlemus,
1674 3840 1771 3890 ttomuli
1790 3841 1858 3891 irate

284 3915 332 3962 tillo
341 3951 348 3975 ,
356 3913 437 3964 addito
447 3917 471 3964 et
482 3916 551 3964 tertio
563 3916 719 3967 candidiano.
729 3917 765 3968 nd
778 3917 969 3969 Thessalonicam
980 3931 1055 3981 quum
1099 3933 1150 3969 eam
1161 3919 1292 3970 condiderit
1300 3921 1319 3980 ),
1328 3919 1358 3968 ad
1365 3923 1500 3969 Ravennam
1509 3919 1579 3981 igitur
1587 3919 1721 3969 steliclnone
1726 3919 1777 3980 jam
1786 3924 1858 3981 paral

284 3993 385 4039 ventum
403 3993 473 4052 esset,
494 3991 578 4041 Heliou
595 3991 729 4042 ciliciorum
748 3996 868 4056 magister,
887 4007 902 4043 a
922 3995 1055 4046 Theodosio
1098 3995 1322 4058 adlllyrtcasurbes
1333 4007 1389 4044 cum
1401 3995 1507 4045 exercitu
1521 3994 1858 4055 wesmonasteriensi

285 4065 961 4131 missus,Valentinianuminipsailtanrbecoesarlsveste
968 4071 1054 4134 induli,
1099 4074 1155 4123 xiiio
1170 4073 1202 4123 ab
1215 4073 1315 4123 Arcadio
1329 4073 1469 4123 avertendas
1480 4073 1506 4122 et
1521 4073 1619 4123 tlononit
1631 4085 1702 4136 regno
1714 4073 1857 4135 adjicienda

283 4155 358 4192 annes
370 4145 452 4193 natum
468 4157 516 4194 ιιοιι
527 4146 630 4208 amplius
639 4146 746 4210 quinque
757 4149 831 4210 (iti).
842 4149 923 4206 Quum
934 4149 1014 4199 autem
1024 4149 1054 4198 ad
1098 4149 1267 4212 impedimenta
1275 4149 1324 4200 dne
1333 4150 1431 4212 contigit
1439 4149 1589 4200 intervenire.
