3830 5720
802 385 1048 448 FRAGMENTA.
1672 405 1728 454 aaa

136 515 158 570 ἔν
176 511 293 602 Ἀρμενίᾳ
314 511 434 590 γενέσθαι
449 511 526 572 αύτδν
540 511 701 590 ἡγησόμενον
714 519 759 572 reti
770 515 904 592 πολίμου,
956 515 1014 584 τοὺς
1022 515 1196 594 δηλώσοντας,
1206 523 1240 588 or
1247 519 1432 600 ἀπροσδόκητοι
1443 522 1540 594 ἐπέστη
1551 527 1582 603 τῆ
1593 522 1733 599 Ῥοιμαίων

138 599 198 656 stili
210 603 288 668 ήττον
299 599 345 656 καὶ
359 598 540 666 Ἰουστινιανὸς
548 598 622 658 οὔπω
632 605 732 680 παρῆν,
744 605 781 682 τῷ
791 608 908 678 σημῆναι
952 605 1074 688 Ἀρμενίφ
1093 607 1216 687 βασιλεὺς
1232 611 1247 668 θ
1261 611 1372 688 Περσῶν
1390 609 1436 667 καὶ
1450 609 1509 666 ὅσον
1531 609 1603 668 ούπω
1614 633 1734 692 προσενε-

137 689 202 744 τοθτο
214 688 287 766 αὐτῷ
306 685 351 762 τὀν
367 686 490 766 Καίσαρα
512 686 559 769 ὀψὲ
577 686 621 746 καί
641 689 688 746 οὔκ
708 691 735 746 ἐν
749 693 833 770 καιρῷ
855 697 908 757 τοῖς
951 692 1080 770 χθήσεται
1093 695 1326 771 Θεοδοσιουπόλει,
1347 695 1393 754 καί
1412 694 1489 754 αὐτὸν
1504 698 1588 754 ἐκεῖσε
1601 702 1732 774 παρεῖναι.

137 773 263 852 πράγμασι
277 772 447 853 χρήσασθαι,
462 775 527 853 πρός
540 797 569 852 γε
583 775 629 834 καί
649 780 696 848 τῆς
716 777 839 848 συνήθους
852 779 907 837 δια·
952 772 1081 840 Ἔπελούν
1093 781 1193 860 ἐγένετο
1206 785 1300 856 αὐτοῦ,
1314 784 1568 863 ἐστρατοπεδεύσατο
1581 787 1606 851 ἐς
1617 785 1646 844 τὸ
1659 786 1734 866 Ἆρα·

138 864 207 936 νομῆς
218 865 265 919 τοῦ
280 861 391 940 χρυσίου
405 865 458 928 τοῖς
476 860 549 944 ἑῴοις
562 863 715 942 καταλόγοις
735 863 908 942 γεγενημένης
951 866 1059 944 §sacta
1078 869 1281 946 ἐπεκεκλημίνον
1299 871 1407 950 χωρίον,
1424 870 1493 950 ἀμφί
1506 870 1536 930 τδ
1556 871 1734 953 μεσημόρινδν

137 951 177 1006 ούκ
189 949 342 1028 ἐπικαίρως,
353 949 421 1008 ἀλλὰ
433 951 499 1020 δῆτα
510 951 730 1030 ἐφυστερηοάσης.
746 951 809 1011 Ἐπ’
821 953 909 1020 ἀδείας
953 957 1035 1031 κλίμα
1046 962 1092 1015 τοῦ
1108 957 1213 1034 ἄστεος,
1224 955 1290 1016 τὸδὲ
1302 957 1333 1029 δή
1346 958 1488 1035 Ῥωμαίων
1498 959 1661 1039 στράτευμα,
1672 962 1735 1018 αὐτό

137 1026 174 1092 τόν
186 1035 251 1094 οὗτοι
266 1059 323 1102 πως
341 1037 385 1094 καὶ
400 1037 499 1096 ἀκονιτί
520 1037 660 1106 ἐλάσαντος
673 1041 700 1096 ἐν
722 1041 908 1122 Περσαρμενίφ
953 1064 982 1117 γε
993 1041 1076 1112 δήπου
1086 1043 1116 1101 τό
1127 1045 1318 1124 συναθροισθὲν,
1327 1049 1361 1112 ὡς
1369 1045 1432 1124 πρὸς
1440 1043 1535 1124 όρκτον
1545 1047 1605 1125 περὶ
1612 1050 1641 1104 τὸ
1651 1048 1734 1123 κλίμα

137 1123 259 1202 Χοσρόυι,
279 1123 393 1198 μηδενός
411 1127 435 1182 οἱ
456 1125 721 1201 ἀντικαθισταμίνου,
744 1129 767 1186 οἱ
791 1126 838 1204 μὲν
861 1129 908 1186 δα·
953 1127 983 1188 τδ
996 1129 1181 1206 καλούμενον*ι
1197 1132 1381 1209 συναγόμενον,
1394 1135 1418 1199 ἐς
1431 1131 1563 1211 ύπόιρειάν
1573 1157 1631 1192 τινα
1647 1133 1731 1212 ὄρους.

139 1211 254 1290 τμοφύροι
268 1215 316 1282 τῆς
328 1210 433 1281 ἥττονος
446 1211 581 1291 Ἀρμενίας
592 1212 650 1272 οὔτε
663 1213 809 1293 ἐχρήσαντο
822 1221 907 1296 φυγῇ,
954 1215 1031 1296 Ἀτάρ
1041 1221 1054 1276 θ
1066 1216 1185 1298 Χοσρόης
1200 1221 1278 1278 αὐτοῦ
1291 1220 1351 1298 περὶ
1363 1219 1592 1292 Θεοδοσιούπολιν,
1605 1224 1648 1279 ἐπ’
1658 1222 1733 1302 ὄψεσι

136 1298 303 1366 ἐκλελοιπότες
317 1297 376 1364 τοὺς
393 1299 488 1379 άγροθς
507 1298 576 1379 οίγε,
590 1300 658 1360 dili
678 1301 729 1380 γθρ
750 1302 795 1361 κοιλ
809 1301 842 1360 τδι
859 1301 909 1362 ὅσα
954 1305 1099 1386 Θεοδόρου,
1115 1307 1232 1375 ἐξέταττε
1253 1307 1299 1374 τὰς
1316 1307 1427 1375 ἱππικδς
1443 1308 1577 1382 δυνάμεις,
1599 1311 1624 1376 ἐς
1643 1311 1735 1388 λόχους

136 1386 259 1456 ἐπιτήδεια
284 1385 449 1462 ξυνεκόμιζον
472 1391 510 1468 τῷ
539 1393 654 1470 στρατῷ.
680 1388 854 1468 Προόαίνοντι
882 1390 909 1449 δέ
954 1415 983 1450 τε
998 1393 1043 1452 καὶ
1058 1395 1193 1473 φάλαγγας
1209 1395 1345 1474 διακρίνων
1360 1418 1389 1454 τε
1411 1394 1456 1453 καὶ
1477 1400 1661 1474 μετακοσμῶν.
1681 1399 1733 1458 Καὶ

135 1472 230 1552 λοσρόη
241 1471 292 1530 dri
303 1472 337 1530 πίε
350 1473 442 1555 πρόσω
455 1477 479 1532 ci
491 1478 518 1534 ἐν
529 1479 566 1557 τῷ
578 1476 688 1552 κλίματι
707 1477 908 1557 Μακραόανδῶν
955 1481 1031 1547 αὐτὸς
1044 1481 1089 1540 τὸν
1109 1479 1188 1540 ἵππον
1204 1481 1344 1540 διελαύνων
1366 1483 1557 1559 ἐνδεικνύμενος
1578 1476 1619 1556 ῆν,
1640 1477 1682 1543 οἶα
1703 1487 1734 1555 δή

134 1563 172 1620 καί
190 1565 334 1640 Ταραννῶν
358 1563 455 1632 ήκιστα
477 1561 578 1641 ἐμενον,
601 1570 636 1630 ὼς
658 1565 758 1640 μηδένα
781 1565 908 1644 πάμπαν,
955 1569 1002 1625 ούκ
1016 1569 1045 1626 ἐκ
1057 1568 1178 1648 προνοίας
1192 1569 1272 1640 τινδς,
1282 1573 1316 1636 ὡς
1328 1570 1365 1628 ἔτι
1380 1569 1491 1651 ἔρρωται
1502 1571 1573 1650 αὐτῷ
1584 1573 1628 1630 καὶ
1640 1583 1736 1653 σφριγᾷ

134 1649 194 1725 μήτε
208 1650 344 1726 ἄνθρωπον
359 1651 426 1726 μήτε
449 1650 501 1728 μὴν
522 1650 659 1728 ύποζύγιόν
672 1675 698 1709 τι
712 1654 829 1732 ὀφθῆναι.
846 1649 910 1712 Ἄπι
957 1655 985 1713 τὸ
1000 1659 1088 1731 σῶμα.
1103 1661 1232 1716 Διενοεῑτο
1245 1657 1274 1716 δέ
1287 1681 1342 1724 ποις
1360 1657 1581 1718 Θευδοσιούπολιν
1595 1661 1736 1740 ἐκπολιορ-

133 1736 178 1817 γθρ
197 1737 323 1814 πολεμίου
345 1739 472 1817 βασιλέως
491 1738 643 1806 ἐπελθόντος
658 1737 790 1820 ἁπέδρασε
805 1748 858 1798 πᾶν
879 1740 910 1800 τό
955 1747 1051 1814 κῆσαε·
1066 1743 1150 1803 ἔννοια
1165 1745 1216 1823 γάρ
1230 1748 1254 1804 οἱ
1266 1745 1418 1826 ἐσεφοίτησε
1436 1743 1473 1822 μή
1488 1737 1570 1804 οἷόντε
1582 1747 1687 1806 ἔσεσθαι
1705 1751 1736 1806 ἂν

133 1831 280 1902 γεηπονσδν,
293 1826 339 1884 καὶ
354 1825 441 1906 πάντῃ
456 1824 490 1884 τά
504 1827 589 1906 ἐκείνη
610 1826 734 1906 ἐχήρευεν
755 1827 909 1913 ἀνθρώπων·
956 1829 1042 1898 άλλως
1054 1831 1102 1903 τήν
1119 1835 1231 1910 Περσῶν
1245 1833 1381 1913 ’Λρμενίαν
1394 1833 1591 1905 ἀνακτήσασθαι
1606 1833 1651 1893 καλ
1664 1834 1737 1908 Ἰόη-

132 1911 194 1970 α’λλθ
203 1912 249 1970 καὶ
258 1912 376 1990 γηράσαι
388 1913 544 1990 βουλόμενον
555 1915 696 1991 (ἀγοράσαι
707 1914 870 1992 βουλομένων
880 1913 910 1992 ἐ),
955 1919 1024 1998 ρίαν,
1036 1921 1059 1978 εί
1071 1920 1109 1996 μή
1119 1943 1161 1979 ποι
1171 1923 1340 2002 ὀχυρωτάτην
1351 1921 1422 1982 ἔσότι
1432 1921 1574 1996 Ῥωμαίων
1585 1920 1737 2000 χειρώσαιτο

130 1999 206 2074 μηδέν
222 2025 247 2058 τι
267 2003 321 2058 τῶν
336 1999 441 2060 πάντων
456 1999 528 2082 ζῴοιν
546 1993 600 2080 [ῆν]
621 2003 748 2080 ἐντυχεῖν.
765 2001 811 2062 Ἐν
826 2003 910 2084 τούτῳ
954 2005 1044 2083 πολιν,
1057 2009 1141 2066 ἐκεῐσέ
1153 2032 1182 2066 τε
1196 2009 1384 2086 καθεδούμενος
1395 2009 1560 2068 άνασάισεται
1571 2008 1619 2082 τήν
1635 2014 1660 2077 ἐς
1679 2011 1737 2069 τού·

130 2091 172 2147 καί
187 2091 323 2168 Θεόδωρος
336 2093 351 2148 θ
364 2089 472 2168 Βάκχου
488 2090 622 2169 ἐφοίτησεν
641 2093 676 2156 ὡς
697 2089 783 2162 αὐτὸν,
806 2089 911 2157 ίδίξατό
956 2093 1027 2152 πίσω
1038 2095 1129 2153 λοιπόν
1142 2095 1415 2173 έγκαταλελειμμένην
1432 2098 1634 2176 Περσαρμενίαν
1648 2121 1676 2155 τε
1693 2099 1737 2157 καί

129 2199 156 2234 τε
176 2175 216 2233 τόν
247 2177 330 2257 ἄνδρα
356 2178 401 2235 καὶ
424 2174 557 2252 ξυνόμιλός
579 2177 603 2235 οἱ
627 2177 728 2254 ἐγένετο
751 2176 910 2258 ἡμερόιτατά
955 2177 1082 2261 Ἰύηρίαν.
1098 2185 1243 2263 Τοιγαροῦν
1255 2183 1440 2264 ἅναμφιόόλως
1452 2175 1507 2262 εἶχε
1517 2184 1737 2244 Θεοδοσιούπολιν

130 2287 195 2336 πως,
208 2263 252 2322 τδν
265 2265 314 2340 μὲν
327 2265 452 2343 Καίσαρα
471 2265 504 2322 δι’
519 2263 647 2346 εὐφημίας
662 2265 743 2343 άγων,
760 2266 868 2347 φάσκων
880 2288 910 2324 τε
954 2270 1080 2348 αἱρήσειν.
1104 2269 1191 2330 Ὥστε
1213 2273 1362 2352 ὑποφαίνων
1384 2295 1413 2331 τε
1433 2270 1479 2330 καλ
1499 2271 1685 2349 αἰνιττόμενος,
1703 2277 1738 2339 ὡς

130 2353 291 2421 ἀσπάζεσθαι
305 2351 353 2424 τῆν
363 2356 397 2420 ὡς
407 2353 484 2410 αὐτὸν
495 2351 597 2432 εἰρήνην
608 2377 635 2411 τε
645 2352 691 2414 καί
703 2354 906 2433 φιλοφροσύνην·
955 2355 1087 2416 δλύσεταί
1101 2381 1130 2436 γε
1152 2361 1221 2438 αὐτῷ
1242 2359 1344 2426 πάντως
1366 2359 1484 2430 ἡπόλις,
1500 2358 1578 2439 ήρετο
1600 2359 1737 2439 θεόδωρον
1816 2421 1825 2430 ,

131 2439 195 2514 μηδὲ
209 2439 260 2518 γάρ
279 2437 414 2519 γεγονέναι
424 2445 470 2510 τῆς
482 2439 576 2521 ἔχθρας
589 2441 702 2518 (λύσεως
718 2443 793 2515 conj.
807 2442 907 2521 Nieb.)
954 2443 1031 2502 ὁποία
1048 2443 1078 2516 δή
1094 2443 1208 2505 κατὰτὸ
1222 2447 1321 2523 potior
1336 2427 1467 2512 άνάλωτος
1481 2437 1547 2504 ε’ίναι
1559 2447 1630 2506 δοκεῖ
1640 2447 1736 2518 πόλις,

129 2529 308 2586 τόίναπονδῶν
320 2527 415 2587 αἴτιον·
426 2528 564 2588 Ἰουστῖνυν
584 2527 634 2608 [δέ]
645 2529 687 2587 τὸν
700 2531 812 2608 βασιλέα
822 2531 847 2596 ές
856 2553 911 2588 του·
952 2529 983 2589 τδ
997 2531 1085 2610 Δάρας
1103 2531 1120 2604 ῆ
1139 2533 1204 2604 δῆτα
1222 2539 1239 2606 ἡ
1254 2533 1485 2606 Θεοδοσιούπολιςς
1506 2537 1558 2606 ὡς,
1579 2533 1632 2612 ιίγι
1657 2533 1738 2601 οὕτως

128 2615 227 2674 νάντιον
240 2615 327 2694 λέγων
342 2619 436 2683 κακῶς.
447 2607 515 2676 Ε’ίτα
525 2619 550 2684 ές
560 2616 594 2675 τὰ
605 2617 695 2696 πρόσω
705 2617 802 2688 ήλαυνε
812 2615 855 2676 διδ
865 2621 911 2689 τῆς
955 2619 1166 2700 θσφαλεστάτην,
1190 2622 1282 2691 ἐδήλου
1307 2619 1334 2679 tl
1362 2619 1392 2679 τδ
1417 2621 1518 2700 Δάρας,
1540 2621 1634 2694 ἐξεῖλε,
1664 2621 1738 2702 πόσῳ

127 2703 287 2778 καλουμένης
311 2705 457 2775 Βαδιανῆς,
481 2705 610 2779 ἑπομένου
630 2707 654 2763 οἱ
680 2704 725 2763 καὶ
748 2703 902 2782 Θεοδώρου·
956 2707 1057 2784 μᾶλλον
1074 2707 1121 2777 τήν
1143 2709 1193 2788 ούχ
1207 2707 1410 2788 υύτωςίσχυρθιν
1424 2708 1620 2786 παραστήσοιτο
1640 2709 1737 2768 Θεοδο-

126 2789 528 2868 ίούάλλειτεείςτήνῬωμαίων
536 2791 671 2873 Ἀρμενίαν
680 2791 906 2854 κατάΘεοδοσιού·
956 2794 1098 2856 σιούπολιν.
1123 2795 1258 2875 Θεόδωρος
1280 2795 1327 2871 μὲν
1355 2786 1400 2854 οθν
1424 2795 1582 2874 ἀπεκρίνατο
1608 2795 1737 2876 ίμρρονί-

125 2879 209 2949 πολιν,
219 2878 345 2954 λήγοντος
356 2879 406 2952 ήδη
418 2885 463 2938 τοῦ
473 2880 562 2960 ἔαρος·
574 2878 643 2942 ὥστε
654 2879 723 2938 κατθ
733 2879 827 2939 ταύτὸν
841 2878 910 2948 ξονε-
954 2881 1038 2940 στατά
1050 2905 1121 2956 πως,
1139 2883 1272 2942 ἀνάλωτον
1294 2873 1360 2941 εἶναι
1381 2883 1482 2954 ἐκείνην
1500 2882 1585 2963 φήσας
1601 2883 1649 2956 τήν
1663 2883 1737 2942 πολιν

124 2971 248 3044 νεχθῆναι
260 2967 321 3034 τούς
330 2991 359 3026 τι
369 2969 571 3046 ἀγγελιαφόρους
585 2968 722 3048 ἀφικέσθαι
735 2970 761 3026 ἐν
774 2969 909 3049 Βυζαντίῳ
954 2967 1001 3042 τήν
1024 2971 1096 3030 dcccl
1114 2969 1306 3052 φρουρουμένην
1332 2969 1381 3027 θπθ
1401 2975 1469 3031 θεοῦ.
1513 2969 1547 3030 Ὁ
1569 2971 1596 3028 δέ
1618 2970 1738 3050 βασιλεὺς

123 3129 188 3191 qnod
197 3130 359 3180 onmtaiibus
370 3129 517 3180 exercitibus
525 3129 667 3190 debebatur,
677 3141 726 3180 non
739 3131 908 3192 subtempore,
955 3133 1007 3191 tur,
1020 3134 1097 3180 castra
1108 3133 1188 3194 posuit
1207 3151 1213 3181 ι
1226 3134 1390 3182 Romanorum
1403 3145 1461 3181 τετυ
1477 3132 1608 3192 exercitus,
1621 3135 1738 3194 parantum

123 3206 164 3255 ssd
180 3207 276 3256 taedias
292 3207 356 3256 iacta
377 3207 461 3258 iuerat.
484 3209 568 3270 ltaque
584 3209 702 3258 cbosroes
721 3209 909 3259 Persarmeniam
955 3209 1059 3258 militum
1068 3211 1119 3272 cogi
1126 3210 1217 3271 potuit,
1227 3208 1479 3271 septentrioaaiiparte
1487 3208 1611 3270 inrcglone
1622 3210 1735 3270 ’νυυιιιοΙ

123 3284 183 3334 liber
197 3285 229 3334 ab
247 3287 315 3334 anani
330 3287 396 3334 metu
412 3285 463 3335 sinc
476 3286 525 3336 ulia
536 3286 678 3336 difficultate
687 3287 824 3348 occupavit,
834 3299 909 3349 quum
953 3286 1068 3336 inradice
1080 3286 1205 3350 cuiusdam
1222 3285 1311 3335 montis
1327 3285 1472 3335 constitutus
1483 3285 1528 3335 ast.
1539 3287 1651 3335 ceterum
1662 3287 1738 3336 ciros·

123 3363 403 3422 nonciareolusssset,
421 3363 462 3425 qui
475 3363 508 3412 iiii
523 3364 651 3413 resisteret.
663 3367 746 3426 Neque
756 3364 854 3414 minoris
865 3367 910 3414 Ar·
954 3378 1006 3414 roes
1020 3363 1045 3413 in
1060 3370 1190 3428 conspectu
1208 3363 1327 3414 Theodori
1348 3363 1483 3426 equitatum
1501 3364 1526 3413 ia
1546 3365 1621 3413 aciem
1638 3363 1738 3424 eduxit,

123 3439 208 3490 taeniae
217 3441 316 3502 incole,
326 3442 368 3504 qui
384 3444 497 3492 Romanis
514 3443 641 3506 vectigales
652 3445 734 3504 erant,
749 3444 829 3505 lugam
841 3457 910 3507 oepe-
954 3455 1026 3505 quem
1040 3443 1065 3492 in
1084 3445 1177 3492 turmas
1188 3445 1212 3493 el
1230 3442 1358 3506 phalangas
1375 3441 1471 3502 divisit,
1485 3443 1510 3491 et
1522 3441 1586 3504 lpse,
1599 3454 1661 3505 equo
1678 3457 1738 3492 cou-

122 3525 188 3578 mat,
198 3533 281 3582 neque
290 3533 362 3580 agros
375 3519 568 3582 dereliquerunt,
578 3519 619 3572 sed
632 3523 782 3572 commeatus
794 3521 911 3586 exercitui
954 3533 1046 3582 scenso,
1054 3520 1123 3583 quasi
1135 3521 1159 3568 id
1170 3520 1292 3583 inopinato
1302 3523 1326 3570 et
1335 3533 1390 3569 casu
1399 3556 1406 3581 ,
1416 3533 1465 3568 non
1474 3519 1504 3568 de
1512 3518 1629 3568 industria
1638 3520 1737 3581 iaceret,

119 3596 910 3660 subministrarunt.Sedquumcitosrossulteriusprogrederetur,
955 3613 1027 3661 quam
1039 3601 1118 3650 raiido
1132 3600 1210 3649 adlruc
1229 3602 1254 3650 el
1272 3599 1361 3661 vigenti
1375 3611 1475 3660 corpore
1495 3601 1569 3660 essct,
1591 3599 1737 3649 ostentabat.

118 3675 159 3735 ηιιὶ
172 3675 197 3722 in
211 3673 312 3736 regione
326 3674 746 3724 liacrabandorumet'raranaorum
758 3675 915 3737 babitabant,
955 3677 1072 3738 Sperabat
1092 3679 1188 3738 autem,
1212 3676 1413 3738 Tireodosiopoiiu
1427 3689 1452 3725 se
1471 3675 1551 3738 aliquo
1573 3675 1646 3724 modo
1659 3689 1737 3738 carru·

118 3751 223 3801 minime
234 3750 384 3810 manebant,
396 3753 425 3800 ut
436 3764 508 3800 neruo
519 3751 672 3812 mortalium,
684 3765 764 3814 neque
773 3765 830 3801 vero
840 3753 911 3802 etiam
954 3767 1026 3816 gnane
1039 3767 1106 3816 posse
1122 3775 1128 3804 :
1142 3756 1194 3804 bac
1208 3756 1271 3803 enim
1286 3753 1398 3815 capitatio
1413 3752 1476 3802 illius
1485 3753 1566 3801 animo
1582 3753 1737 3814 occurrebat,

117 3829 200 3878 alium
217 3827 311 3878 animal
329 3831 434 3878 rectum
447 3829 530 3891 aptum
547 3829 573 3878 in
591 3829 628 3878 bis
648 3829 706 3878 iocis
726 3831 910 3890 conspiceretur.
955 3831 1092 3881 sensualia
1107 3833 1198 3880 ratione
1209 3830 1427 3880 Persarmeniamet
1439 3829 1538 3878 iberiam
1548 3841 1618 3890 posse
1629 3828 1674 3877 sibi
1684 3829 1738 3878 sub·

115 3907 203 3962 Quum
215 3905 284 3956 enim
297 3917 340 3954 rex
351 3905 467 3954 hostiliter
479 3905 636 3968 irrumperet,
648 3919 733 3955 omnes
744 3907 859 3967 agricolai
868 3919 911 3954 au·
953 3907 1039 3969 jicere,
1061 3922 1133 3970 quarn
1148 3910 1167 3958 si
1184 3921 1258 3957 uuam
1274 3921 1303 3956 ex
1320 3907 1435 3957 llomanis
1446 3905 1546 3954 urbibus
1562 3917 1665 3967 eamque
1682 3919 1737 3954 mu·

115 3984 911 4048 iugeraaielomniaialebominibusracuaeraut‚neque,otiamsi
955 3987 1095 4034 uilissimam
1106 3987 1215 4048 caperet,
1233 3985 1257 4034 in
1275 3997 1324 4046 qun
1331 3983 1387 4032 beiii
1403 3982 1484 4032 sedem
1494 3981 1655 4042 constituens,
1674 3983 1738 4044 qarorl

114 4066 199 4123 pretio
210 4076 295 4112 emere
311 4063 415 4124 reiient,
429 4063 487 4112 nibil
506 4063 554 4112 riti
566 4065 669 4126 reperire
687 4067 805 4126 poterant.
819 4067 913 4114 interea
957 4062 1125 4111 Persartueniae
1132 4063 1245 4112 eliberim
1252 4064 1305 4124 post
1315 4063 1408 4121 tergum
1415 4061 1484 4118 esset,
1495 4059 1612 4108 tueretur.
1619 4061 1667 4108 iiec
1674 4061 1738 4108 enlm

114 4141 281 4200 Tireodorus,
295 4140 384 4189 Bacclu
402 4139 479 4202 iilius,
491 4141 557 4189 reuit
568 4141 598 4189 ad
613 4153 684 4202 eum;
699 4142 719 4190 is
735 4142 855 4190 bominem
871 4141 912 4191 be·
956 4139 989 4188 illi
1010 4139 1112 4188 dubium
1127 4141 1178 4189 erat
1191 4151 1216 4188 se
1234 4137 1434 4198 Tiroodoslopoliu
1450 4139 1650 4200 expugnaturum.
1664 4136 1739 4198 idque

113 4218 193 4277 nipe
203 4217 302 4279 excepit
309 4219 351 4276 ,αι
362 4230 419 4265 cum
431 4231 460 4266 eo
474 4217 622 4267 familiariter
632 4223 787 4267 conversatus
798 4218 828 4267 de
842 4217 913 4269 Tibe·
956 4215 1064 4265 indicans
1075 4216 1216 4277 etjaclans,
1229 4229 1254 4265 se
1269 4215 1335 4264 iliam
1354 4215 1421 4263 omui
1433 4213 1506 4262 modo
1515 4214 1738 4275 capturumiireo·

112 4297 158 4342 rio
169 4298 274 4344 casare
286 4295 348 4343 bene
365 4294 461 4344 locarius
475 4297 525 4356 ast,
536 4307 609 4357 seque
621 4308 677 4344 cum
689 4295 730 4344 illo
747 4298 772 4344 et
793 4308 876 4356 pacem
889 4298 913 4346 et
956 4291 1043 4341 dorum
1063 4291 1233 4354 interrogavit,
1251 4305 1307 4354 ηοω
1328 4289 1362 4339 iiii
1384 4291 1441 4338 urbs
1459 4291 1596 4351 expugnatu
1621 4290 1739 4341 diiiicliior

114 4372 258 4420 amicitiam
267 4384 357 4433 cupere
367 4371 429 4420 atati
440 4390 447 4420 ι
458 4385 503 4421 nec
512 4373 576 4420 euim
587 4385 644 4420 eum
657 4373 912 4434 inimicitiarumque
957 4369 1093 4431 rideretur,
1117 4373 1204 4430 Daras,
1225 4381 1256 4418 an
1274 4365 1484 4429 Theodosiopolis?
1497 4367 1590 4423 Quibus
1610 4367 1689 4416 uerbis
1707 4369 1740 4416 ai·

112 4461 147 4498 ea
161 4449 427 4500 rioiatoisedereoriae
439 4453 913 4512 erant‚aucioremesse;lustinumau-
956 4447 1067 4508 gnibcarc
1082 4447 1191 4506 volebat,
1208 4459 1283 4508 quum
1298 4449 1387 4505 Daras,
1400 4443 1516 4506 oppidum
1538 4443 1739 4504 munitissimum,

111 4529 169 4574 tem
181 4528 356 4590 imperatorem
367 4527 519 4576 sermonibus
531 4529 593 4581 male
606 4528 718 4576 babebat.
741 4528 833 4578 Deinde
851 4528 912 4577 ulte-
957 4525 1071 4588 cepisset,
1092 4528 1184 4586 quanio
1204 4525 1279 4586 magis
1292 4522 1506 4584 Theodosiopolis,
1526 4535 1583 4584 quaa
1601 4535 1650 4572 που
1670 4535 1740 4584 ωηιιυ

111 4603 170 4652 rius
200 4617 245 4666 per
260 4604 395 4654 Vadiauam
415 4617 552 4667 progressus
574 4608 623 4664 eet,
648 4606 672 4653 et
692 4619 748 4653 euru
769 4605 914 4667 mouebatur
958 4603 1050 4652 munita
1063 4605 1127 4663 erat,
1144 4605 1247 4664 caperet.
1268 4601 1408 4651 Tireodorus
1427 4603 1509 4648 aulem
1524 4601 1593 4649 vaide
1611 4599 1740 4661 prudenter

110 4680 277 4730 Tirendorus.
296 4685 360 4730 vere
377 4681 428 4742 jam
444 4684 545 4741 exacto,
562 4682 785 4744 armeniamque
801 4684 915 4731 itomanis
958 4681 1079 4743 respondit
1093 4701 1098 4728 :
1110 4693 1162 4730 ema
1172 4679 1270 4729 demum
1283 4680 1366 4728 uritem
1378 4679 1739 4741 essetnexpugnabilem,quaru

110 4757 226 4818 parebat
245 4759 270 4806 et
284 4757 469 4820 Theodosiopoii
485 4757 595 4821 proxima
609 4761 673 4818 crat,
689 4759 795 4808 inuasit:
811 4771 859 4821 quo
876 4760 911 4807 ia·
942 4771 944 4774 ·
959 4761 1051 4810 deusiu
1061 4773 1129 4809 suam
1141 4759 1276 4809 custodiam
1290 4760 1439 4820 tutelamque
1453 4757 1628 4820 inperpetuum
1640 4759 1740 4819 recepis·

106 4839 191 4882 ctum
202 4837 239 4884 est
260 4837 287 4883 ut
306 4835 392 4886 eodem
405 4839 513 4898 tempore
522 4835 599 4884 nuntii
613 4837 752 4897 Byzantium
765 4835 915 4898 pervenirent
958 4841 1003 4888 sei.
1015 4842 1046 4886 at
1057 4841 1182 4886 Persarum
1202 4850 1257 4897 rex,
1274 4835 1413 4898 priusquam
1423 4833 1578 4884 Tltcodorum
1590 4847 1605 4884 a
1620 4848 1645 4883 se
1658 4834 1740 4884 dimit·

104 4913 156 4973 qui
174 4913 306 4961 i‘ersarrrm
317 4926 397 4976 regem
404 4912 549 4968 amessiam,
558 4926 604 4976 qua
614 4915 713 4962 Romani
721 4912 914 4974 dominabantur,
959 4919 1033 4977 teret,
1053 4917 1111 4965 salis
1124 4915 1256 4978 perspexit,
1269 4915 1354 4963 urbem
1375 4913 1403 4963 iis
1422 4914 1493 4963 rebus
1505 4913 1630 4971 omnibus,
1643 4926 1699 4975 que
1710 4915 1740 4963 ad

104 5005 142 5036 ex
166 4989 307 5052 improuiso
325 4991 455 5052 adortum,
474 4991 673 5054 Theodosiopolin
689 5005 763 5053 usque
782 4994 916 5054 penetrasse
961 4991 1116 5044 resistendum
1138 4993 1248 5043 irostibus
1268 4991 1409 5042 necessarius
1426 4993 1509 5051 crant,
1528 4991 1620 5052 egregie
1632 4993 1740 5052 paratam

102 5071 267 5120 nuntiarent
273 5087 282 5132 ;
293 5073 318 5121 ei
332 5071 384 5134 ipse
395 5073 419 5120 iu
432 5071 469 5120 bis
476 5071 536 5120 locis
551 5075 621 5122 esset.
633 5075 667 5121 Eo
679 5085 754 5135 quum
766 5073 914 5136 advenisset,
961 5083 1018 5122 osse.
1032 5075 1113 5129 Quum
1131 5073 1211 5120 alitem
1222 5070 1297 5118 muita
1309 5070 1400 5117 interea
1410 5069 1573 5130 contigissent,
1587 5067 1739 5118 Theodorum

103 5161 120 5195 e
134 5149 246 5210 “giam
257 5147 340 5212 oppidi
351 5148 384 5198 ad
396 5149 521 5199 meridiem
531 5150 576 5199 sila
590 5161 646 5212 ηιιυ
658 5149 830 5199 Arabessorum
842 5162 914 5199 voca·
962 5151 1088 5199 l‘ersarum
1101 5161 1143 5198 rex
1154 5147 1297 5211 byzantium
1311 5145 1445 5195 rediturum
1457 5144 1554 5194 dimisit.
1569 5145 1653 5196 biteris
1662 5149 1741 5197 cesar

1080 5245 1081 5248 ’
1583 5237 1615 5278 ib.
