3890 5726
861 353 1109 420 FRAGMENTA.
1726 375 1778 426 nit

177 483 271 540 ετεοθαι
289 488 362 540 σῖτον
378 483 408 540 ἐκ
421 485 467 541 τοῦ
485 481 594 563 Κόλχων
611 484 750 564 βασιλέως.
771 483 819 546 did
838 487 959 546 δυσανα-
1004 487 1034 546 ού
1050 487 1138 567 βούλει
1157 494 1246 548 πᾶσαν
1259 493 1323 566 ἡμῖν
1346 492 1488 551 ἀποδοῦναι
1503 491 1629 565 Λαζικὴν,
1643 486 1712 551 illi
1725 517 1784 552 τινα

177 573 331 646 σχετοῦντες
341 572 366 627 οἱ
377 569 489 628 Σουύνοι
499 575 538 649 τῷ
553 573 605 630 τῶν
621 571 813 648 νενομισμένων
832 577 959 653 στερηθῆ·
1005 577 1098 655 μοῖραν
1112 577 1202 648 αὐτῆς.
1215 577 1330 638 νΠολλδι
1349 577 1396 656 μὲν
1417 573 1461 638 οὖν
1479 580 1525 640 καί
1547 579 1623 658 έτιρα
1654 579 1785 657 Ῥωμαῖοί

176 657 396 729 ναι,ειατιίδηλον
407 657 565 730 ἐποιήσαντο
576 658 798 739 Πέρσαις,ύις,εί
809 659 960 738 γενήσοιντο
1003 685 1032 720 τε
1052 661 1098 720 καὶ
1117 662 1220 744 Πέρσαι
1247 665 1362 732 εἰπόντες
1379 689 1408 725 τε
1427 666 1473 725 καί
1495 667 1636 739 ἀκηκοότες
1655 667 1785 734 Σουανίας

176 743 269 816 αὐτοῦ,
288 743 419 804 Σουανίαν
441 745 629 823 ἐγχειρίσωσιν
651 749 748 814 αὐτοῖς.
771 745 818 807 Ἐν
838 747 958 827 τοσούτῳ
1003 748 1078 830 πίρε,
1091 748 1161 826 ὅμως
1175 753 1204 809 οὗ
1219 751 1372 824 ζυνίύησαν.
1386 755 1466 814 Δοκεῖ
1474 759 1610 834 τοιγαροῦν
1621 757 1711 822 αύτοίς
1723 755 1785 836 περί
1799 743 1804 750 ’

178 826 311 910 Ἐζισᾶτερ
329 829 376 889 καί
396 838 450 896 τοῖς
469 831 564 912 ἐτέροις
581 834 708 911 ἡγεμόσιν
728 835 780 892 τῶν
801 833 958 911 Ῥωμαϊκῶν
1003 833 1048 886 τοῦ
1067 830 1166 888 τοιοῦδε
1186 830 1231 889 τθν
1252 832 1362 909 βασιλέα
1384 835 1561 906 ἐπισκοπῆσαί
1577 836 1708 913 Περσῶν.
1728 835 1784 894 Καί

175 917 316 994 ταγμάτων
331 919 442 998 ἐφησαν,
454 919 511 979 δτι·
527 920 700 993 Πολυπληθία
711 923 820 996 Περσῶν
831 921 957 1002 ἄγγελλε.
1003 912 1072 995 ὅρκῳ
1083 915 1248 976 ἐπιστώσατο
1257 921 1271 976 ὁ
1279 918 1340 997 Ζίχ,
1353 911 1530 998 ᾗνενόμισταε
1541 920 1657 1001 Πέρσαις
1667 920 1783 998 ὀμνύειν,

175 1025 220 1062 ται
236 1009 362 1084 χωροῦσα
380 1005 450 1064 καελ
471 1008 606 1081 tenellum,
621 1009 685 1089 πρὸς
695 1009 728 1080 ἣν
749 1009 894 1088 ἀξιόμαχον
912 1010 959 1068 οὐχ
1004 1000 1221 1069 ζυνεπιλαόέσθαι
1234 1005 1328 1087 Πέτρῳ
1338 1010 1373 1074 ὡς
1386 1007 1785 1089 Χοσρόηνοίφεκνουμένφιίνεκα

174 1091 271 1170 ἔχομεν
285 1092 406 1169 δύναμιν.
428 1092 507 1153 ’alli
521 1093 551 1153 τό
570 1104 688 1156 συνοῖσον
708 1095 899 1175 βουλεύσασθε,
915 1093 958 1162 ξύν
1003 1091 1144 1159 Σουσνίας.
1162 1084 1230 1152 Εἶτα
1244 1099 1290 1151 τοῦ
1302 1094 1356 1173 Ζίχ
1366 1093 1425 1162 τοὺς
1436 1095 1498 1175 περὶ
1515 1093 1634 1175 1’Λμόρου
1648 1101 1692 1156 τοῦ
1705 1096 1785 1157 ’dte-

175 1186 229 1245 τσῐς
248 1179 362 1238 diretta
383 1179 526 1258 Ῥωμαίων
546 1181 702 1260 καταλόγους
720 1185 957 1262 θποχωροῦντεςιῇ
1003 1179 1150 1260 μουνδόρου
1161 1185 1209 1238 τοῦ
1227 1184 1279 1238 τῶν
1295 1183 1459 1260 Σαρακηνῶν
1473 1183 1618 1262 ἡγουμένου
1634 1183 1786 1256 κινήσαντος

174 1267 285 1346 Μηδικῇ
296 1277 417 1348 στρατιᾷ,
426 1295 439 1321 ι
448 1268 574 1349 Τοσούτῳ
583 1270 746 1351 χρησόμενοι
756 1271 870 1331 Σουοίνοι
881 1272 958 1350 δσλῳ,
1002 1265 1106 1343 λόγους,
1119 1265 1263 1346 φοίσκοντός
1273 1291 1301 1326 τε
1308 1312 1317 1341 ,
1335 1268 1375 1328 ὅτι
1388 1293 1418 1349 γε
1434 1269 1517 1340 δήπου
1529 1271 1574 1330 καί
1586 1271 1678 1346 αὐτόν,
1695 1269 1786 1354 ὥσπερ

173 1353 220 1414 καλ
233 1353 327 1436 δώροις
340 1355 528 1424 ἀναπείσαντες
540 1357 601 1424 τούς
619 1361 670 1417 τῶν
685 1359 837 1437 καταλόγων
850 1359 959 1416 ἐπιστό-
1003 1353 1049 1410 καί
1067 1352 1111 1412 τὸν
1126 1353 1178 1433 πρὸ
1195 1357 1275 1415 αὗτῠῧ
1292 1355 1409 1434 ἡγῑμόθα
1427 1365 1473 1416 ῒῡῧ
1494 1360 1695 1436 zepemvrxo'i,
1710 1360 1787 1436 κομί·

173 1465 237 1514 τες,
251 1441 416 1502 ἅπεθόλονεο
429 1443 503 1524 παρὰ
515 1447 587 1525 σφῶν
600 1443 646 1517 τὴν
666 1445 810 1522 Ῥωμαίων
824 1445 954 1526 φυλακήν.
1003 1443 1092 1509 ζεσθειι
1117 1441 1203 1521 χρεὼν
1221 1441 1270 1509 τδς
1295 1443 1387 1503 ἑκατόν
1407 1445 1516 1524 χρυσίαι
1539 1446 1643 1526 λίτρας,
1666 1449 1785 1506 ἀντεῖπεν

173 1532 210 1589 oi
221 1529 250 1588 δέ
266 1527 371 1609 Πέρσαι
384 1529 428 1598 ξύν
445 1531 521 1611 τιίχει
532 1532 740 1611 παραγενόμενοι
755 1531 885 1594 Σουανίαν
898 1533 958 1594 ίλα-
1002 1529 1142 1607 θΠέτρος,
1156 1526 1224 1588 ὥστε
1234 1557 1247 1583 ι
1257 1530 1301 1588 τὸν
1311 1531 1362 1610 πρδ
1378 1530 1496 1612 Ἄμόρου
1510 1533 1628 1610 ἡγεμόνα
1640 1536 1724 1615 δωρεᾷ
1735 1557 1786 1593 τινι

172 1615 231 1676 doe.
244 1616 367 1688 Ληπτέσν
383 1610 427 1676 οὖν
438 1620 563 1692 ἐντεῦθεν,
574 1621 610 1686 ὥς
619 1619 663 1678 καί
676 1620 818 1696 Ῥωμαίων
831 1618 957 1680 ἀνέκαθεν
1002 1615 1125 1696 ἆγριίφῳ,
1136 1613 1190 1696 ὅσῳ
1204 1615 1237 1675 ἐν
1250 1616 1377 1690 ὴόούλετο
1390 1620 1491 1700 χρυσίῳ
1500 1621 1546 1680 καί
1556 1621 1687 1693 ὁπηνίκα,
1700 1623 1783 1681 δκαθ’

172 1709 303 1784 ύιεῆρχεν,
321 1704 367 1763 καὶ
381 1704 525 1783 Ῥωμαίοις
545 1706 654 1786 δρμόζει
667 1707 789 1788 τήμερον.
803 1709 902 1786 Εἰγδιρ
918 1709 958 1766 δι·
1000 1708 1071 1781 ἡμᾶς
1098 1705 1289 1786 ἐφιλοφρονεῖτο
1323 1707 1459 1780 δεσπότης.
1477 1711 1623 1788 Τοιγαροῦν
1649 1708 1786 1768 ἐστέλλετο

171 1793 304 1852 καιότατα
313 1797 429 1865 Λαζικῆς
438 1792 522 1874 κύριοι
531 1793 739 1872 καθεστήκαμεν,
750 1795 819 1854 καθέι
829 1795 955 1868 δήπουθεν
1000 1796 1033 1871 τῇ
1056 1795 1184 1871 *illidit
1206 1795 1258 1850 τῶν
1284 1793 1417 1870 δημοσίων
1442 1793 1530 1854 ἵππων
1555 1796 1697 1874 &titillata
1718 1797 1785 1877 ἀνὴρ

172 1881 249 1956 ὑμεῖς
260 1879 439 1961 ἐψηφίσασθε,
453 1880 581 1946 Συνανίας
592 1884 639 1952 τῆς
649 1884 700 1940 ὑπὸ
712 1881 828 1954 Λαζικὴν
842 1885 889 1942 ούκ
904 1882 958 1941 ἀπὸ
1002 1879 1191 1959 ἀγγελιαφόρος
1211 1882 1247 1946 ὡς
1263 1879 1306 1939 τὸν
1328 1881 1494 1962 Σαρακηνθν,
1514 1884 1740 1955 ἀποκαταστήσων
1762 1889 1786 1945 οἱ

170 1966 272 2044 τρόπον
287 1967 459 2044 διπόταμον.
471 1994 484 2021 ν
497 1967 533 2029 Ὁ
543 1969 570 2027 δέ
583 1968 717 2050 Σουρήνας
732 1969 794 2050 ἐφη·
809 1969 958 2049 ι’Λχθεσθε
1001 1965 1030 2024 τθ
1045 1965 1109 2044 ὅπερ
1128 1963 1271 2044 ἐτύγχανεν
1288 1970 1360 2048 αὐτῷ
1372 1969 1488 2050 πεμφθὲν
1508 1973 1572 2052 πρὸς
1589 1977 1633 2031 τοῦ
1649 1970 1785 2050 Ῥωμαίου

172 2055 277 2129 μᾶλλον
300 2053 449 2131 Ῥωμαῖοι,
464 2053 504 2113 ότι
527 2054 598 2122 ἔθνος
612 2057 753 2136 αὐθαίρετα
772 2056 819 2116 καί
836 2055 958 2124 ἑκουσίως
1003 2052 1142 2134 βασιλέως.
1156 2053 1236 2114 Οὕτω
1253 2077 1282 2113 τε
1302 2057 1328 2122 ἐς
1347 2055 1494 2133 τοῦμπαλιν
1516 2060 1546 2117 ἐκ
1565 2065 1611 2116 τοῦ
1626 2061 1785 2138 beelamon

171 2140 957 2224 προσεπίλασενὴμῖν.νὈΖίχύπολαόὼνέφη·«Λύτόνομοι
1001 2145 1036 2208 ύις
1052 2139 1162 2220 βασιλέα
1176 2139 1220 2198 τὸν
1238 2143 1375 2218 ὴμεδαπθν
1389 2143 1520 2221 ἐπέμπετο
1543 2147 1698 2225 δωροφορῶν
1720 2168 1785 2226 πρε-

172 2229 301 2306 γεγόνασι
311 2229 434 2307 Σουιίνοι,
443 2229 489 2288 καί
498 2233 527 2288 οὗ
537 2229 685 2310 πώποτετῇ
696 2231 809 2310 Κόλχων
817 2232 958 2304 θπεκλίθη-
1002 2227 1123 2300 σθιυτής.
1134 2218 1201 2288 Ele«
1212 2229 1347 2310 ἅνειδεύρῳ
1358 2220 1430 2297 αὖθις
1440 2231 1633 2312 ἐφιλοφρονεῖτο
1640 2232 1684 2290 τὸν
1695 2234 1787 2311 Σαρα-

172 2337 225 2372 σαν
239 2319 319 2396 ἀρχῇ.
332 2341 345 2368 ι
358 2307 439 2383 Α’ύθις
452 2320 486 2383 ὡς
498 2317 542 2376 τόν
556 2319 609 2396 Ζίχ
620 2315 704 2386 ἐλαξιν
717 2319 856 2398 δΠίτρος·
869 2345 882 2373 ι
894 2318 958 2395 Εἴγε
1003 2316 1082 2388 κηνὸν
1105 2320 1120 2375 θ
1139 2315 1197 2374 καθ’
1216 2321 1286 2392 ήμίῖς
1303 2317 1483 2399 αύτοκροίτωρ.
1510 2345 1523 2372 ι
1545 2321 1579 2378 El
1599 2319 1722 2398 βούλεται
1740 2311 1786 2377 σύν

172 2403 213 2478 μὴ
235 2403 341 2482 βούλει,
362 2393 465 2484 ὦΖίχ,
479 2406 506 2462 ἐν
526 2413 579 2471 τοῖς
592 2409 637 2476 τῆς
655 2403 758 2484 εἰρήνης
773 2405 960 2483 συμθυυλαίοις
1003 2404 1048 2462 καί
1061 2401 1176 2484 Ἄμόρος
1191 2402 1261 2462 κατὰ
1275 2410 1357 2464 ταῦτα
1377 2413 1469 2479 ποιεῖν,
1485 2408 1508 2463 εί
1522 2407 1593 2466 δοκεῖ
1609 2406 1706 2487 καὶτῷ
1723 2409 1781 2467 καθ’

171 2491 258 2568 ὄνομα
270 2491 301 2549 τὸ
313 2492 443 2559 Σουανίας
456 2491 618 2571 ἐγχαράξαι,
633 2492 762 2569 σήμανον,
781 2497 817 2560 ὡς
830 2494 959 2560 ἀποδίδως
1003 2497 1073 2568 ἡμᾶς
1089 2493 1193 2570 βασιλεῖ
1207 2492 1236 2528 *·
1251 2493 1274 2550 εί
1284 2491 1313 2552 δέ
1322 2516 1351 2571 γε
1364 2494 1393 2552 οὖ
1406 2495 1544 2572 βούλεται,
1559 2501 1624 2552 κινεῖ
1637 2495 1782 2571 τηνοίλλως,

172 2599 218 2652 μοι
241 2576 362 2649 Λαζικὴν
377 2576 420 2645 [du
437 2587 491 2644 τοῖς
508 2579 727 2656 ὑποτεταγμένοις
741 2579 838 2638 ἐθνεσιν
855 2581 930 2658 αὐτῇ.
946 2605 958 2632 a
1003 2579 1067 2658 πρός
1078 2601 1108 2658 γε
1120 2577 1166 2638 καί
1181 2579 1342 2651 ὴλιθιώτατα
1358 2584 1456 2661 φρονεῖ.
1478 2580 1627 2642 ’Λιτοίσεται
1645 2581 1695 2663 γδρ
1709 2581 1783 2642 ούδέν

172 2667 209 2725 Ὁ
224 2666 294 2744 Ζίχ,
310 2691 323 2718 ε
340 2667 374 2726 El
391 2671 478 2738 τοῦτο,
503 2666 566 2747 ἐφη,
589 2667 709 2740 ποιήσω,
730 2667 806 2726 ιίδειά
826 2689 867 2727 σοι
883 2665 959 2739 δοθή·
1002 2665 1786 2750 δτιοίίν.»Τούτωνδιαμφισόητηθέντωνκαίὲτέρων,ἐγρό·
1823 2727 1836 2754 ·

173 2774 250 2811 σεται
260 2756 308 2812 καί
318 2752 381 2833 περὶ
392 2751 510 2832 Ἰόηρίας
520 2753 705 2834 (ίμφισόητεῖν,
723 2755 782 2813 κατ’
793 2753 912 2822 ἐξουσίαν
927 2777 956 2813 τε
1003 2778 1089 2836 φησαν
1095 2755 1369 2826 αἱπεντηκοντούτιδες
1375 2755 1484 2815 σπονδαί
1493 2758 1620 2837 Περσιστί
1628 2757 1674 2817 καί
1684 2757 1786 2830 Ἑλλη-

172 2841 257 2908 είτοις
276 2840 319 2913 διν,
340 2845 376 2908 ὡς
390 2841 435 2900 καί
452 2841 518 2914 αύτὴ
539 2841 667 2914 κατήκοος
684 2841 798 2922 ἐγεγόνει
818 2845 922 2912 Λαζῶν.
942 2865 956 2896 a
1003 2842 1082 2916 νιστί,
1097 2843 1246 2919 μετεβλήθη
1258 2867 1286 2902 τε
1300 2843 1330 2901 τὸ
1341 2843 1541 2914 Ἐλληνικθνείς
1560 2845 1678 2924 Περσίδα
1695 2845 1783 2926 φωνὴν

171 2953 187 2982 α
199 2927 247 2989 Ἐν
259 2927 373 3000 δηλύισει
387 2928 431 3002 δέ,
446 2955 459 2983 ν
472 2934 487 2988 ὁ
501 2931 618 3012 Πέτρος,
632 2929 803 3010 «γεγένησαι,
814 2919 836 2989 ὦ
846 2932 908 3010 Ζίχ,
921 2931 957 2997 ὣς
1003 2930 1050 2990 καί
1059 2929 1088 2988 τὸ
1100 2930 1230 3012 Περσικὸν
1243 2933 1279 2997 είς
1290 2930 1445 3003 Ἑλληνίδα.
1461 2935 1496 2992 oi
1506 2932 1534 2990 δέ
1545 2932 1591 3000 τέις
1602 2932 1729 3006 ξυνθήκας
1740 2937 1786 3013 βε·

170 3117 282 3169 είείνείοσ
301 3133 354 3171 ease
374 3120 425 3182 bia,
438 3134 493 3184 quae
509 3121 555 3170 eibi
572 3134 603 3171 ex
624 3121 783 3170 conventione
801 3120 958 3170 debebantur.
1003 3121 1122 3182 integram
1134 3121 1244 3170 barlaam
1257 3121 1395 3179 restituere,
1408 3120 1451 3169 sed
1467 3121 1519 3182 ejus
1532 3123 1633 3182 partem.
1647 3121 1787 3170 u-blulla

171 3196 339 3251 Quamobrem
357 3196 521 3258 significarunt
537 3195 629 3256 Persic,
649 3196 715 3258 νηοί
733 3196 791 3245 illuc
801 3195 960 3257 accederem,
1004 3196 1076 3246 eliam
1093 3197 1141 3246 alia
1152 3195 1334 3258 ultrocilroque
1347 3200 1424 3246 Persae
1438 3198 1463 3246 et
1477 3196 1579 3245 Romani
1596 3201 1620 3246 et
1628 3197 1743 3247 dixerunt
1762 3198 1788 3247 et

171 3283 257 3320 corum
264 3271 960 3334 manibussuanirmtradtturos.uodemtemporeurisaro
1004 3275 1132 3325 audierunt
1145 3275 1175 3324 de
1192 3275 1290 3337 sunnia,
1307 3287 1386 3336 neque
1402 3277 1484 3325 tamen
1505 3275 1634 3325 convenire
1647 3278 1786 3338 potueruut

172 3351 199 3400 εί
214 3350 313 3413 reliquls
326 3349 441 3400 Romanis
460 3348 572 3398 ordinum
583 3347 685 3398 ducibus
704 3348 831 3411 dixerunt,
848 3361 960 3411 magnum
1003 3351 1050 3403 sed
1062 3354 1139 3402 totam
1151 3365 1202 3401 rem
1216 3351 1247 3401 ad
1267 3353 1329 3414 regia
1349 3355 1475 3402 Persarum
1495 3353 1620 3402 arbitrium
1639 3353 1787 3414 rejecerunt,

172 3429 302 3476 Persarum
308 3439 407 3475 menum
415 3426 501 3476 suamc
511 3426 695 3476 belluminlerre
706 3425 820 3475 nuntiari.
835 3425 960 3484 Quamob·
1003 3429 1067 3492 apud
1079 3441 1152 3491 quem
1163 3429 1250 3478 zielrus
1264 3441 1290 3479 se
1299 3431 1371 3479 Petro
1383 3442 1462 3492 neque
1474 3429 1554 3479 studio
1567 3443 1646 3493 neque
1659 3431 1735 3492 gralia
1744 3429 1786 3480 de·

172 3517 225 3554 rena
240 3517 319 3568 quum
329 3516 377 3552 nou
398 3503 495 3552 idoneae
517 3501 549 3552 ad
559 3501 716 3553 resistendum
733 3502 849 3552 baberent
866 3503 960 3565 copiae,
1003 3509 1123 3570 loturum,
1131 3507 1786 3571 quumprimumadchosroemredilsset,1urejuraodo,

173 3588 255 3647 petere
268 3585 300 3632 ut
318 3583 425 3646 ipsorum
443 3581 528 3632 salutis
541 3595 615 3631 causa
631 3593 688 3630 cum
704 3585 867 3631 Romanorum
887 3582 961 3644 copiis
1003 3584 1069 3648 quod
1085 3583 1151 3648 apud
1171 3588 1253 3635 Persae
1269 3589 1448 3634 sacrosanctum
1460 3585 1573 3646 babetur,
1582 3585 1654 3635 fidem
1667 3585 1788 3636 suamob-

172 3660 291 3712 exercitui
311 3664 440 3711 Persarum
456 3660 553 3711 obviam
572 3661 643 3712 irent
658 3660 857 3712 llocdolosuanl
871 3661 921 3722 usi,
936 3663 961 3711 et
1003 3659 1108 3712 strinxit.
1118 3662 1439 3714 Deindeziebuesermooem
1448 3665 1788 3726 moritdelmbro,nlamuu·

172 3739 243 3791 donis
259 3740 374 3790 demeriti
397 3739 517 3802 legionum
537 3741 675 3789 nostrerum
695 3739 781 3802 duces,
798 3743 960 3792 Romanorum
1003 3740 1056 3788 dari
1066 3740 1127 3801 tillo,
1135 3744 1312 3792 Saracenorum
1326 3741 1402 3801 duce,
1420 3741 1529 3804 dixitque
1545 3741 1580 3791 illi
1592 3741 1673 3792 deberi
1688 3745 1786 3792 ceolum

172 3818 316 3882 precidinm
334 3819 464 3880 ejecerunt
485 3821 563 3868 Perse
583 3819 664 3868 autem
680 3817 789 3868 celeriter
806 3817 959 3879 accedentes,
1003 3817 1148 3877 aurilibrae,
1158 3819 1184 3866 ei
1194 3829 1293 3879 aequum
1306 3829 1358 3867 ecee
1377 3818 1404 3866 ut
1422 3829 1462 3866 eas
1470 3817 1598 3880 acciperet,
1609 3817 1672 3866 sicui
1679 3819 1703 3866 et
1710 3817 1730 3866 is
1743 3817 1788 3880 qui

173 3897 289 3947 Suaniam
299 3907 352 3946 aure
360 3893 610 3957 pomorureoerunr.
623 3897 684 3945 ilinc
697 3893 959 3957 lnclleeetiutelligere
1004 3895 1060 3943 ante
1083 3895 1258 3943 saracenorum
1283 3893 1335 3942 dux
1353 3894 1439 3942 meret.
1470 3897 1559 3944 contra
1585 3893 1648 3943 dixit
1675 3896 1785 3944 Petrus:

171 3975 231 4024 ollm
240 3971 476 4035 llomonommjurie
492 3973 562 4023 luisse
573 3972 702 4034 suaniam,
715 3973 833 4036 hodieque
844 3971 899 4034 iure
914 3973 961 4023 illia
1004 3990 1018 4016 ι
1031 3974 1204 4021 saracenorum
1224 3971 1326 4032 ducem,
1349 3972 1391 4033 qui
1414 3971 1470 4020 ante
1482 3971 1600 4020 imbrum
1621 3971 1717 4032 luerat,
1740 3971 1787 4020 lm-

172 4055 321 4114 competere.
338 4052 399 4100 llam
416 4049 436 4100 ai
451 4051 543 4113 optimo
557 4049 612 4112 jure
622 4049 746 4100 constituti
766 4063 849 4100 sumus
868 4049 960 4099 domiui
1003 4050 1099 4112 perator
1113 4049 1195 4097 noster
1208 4047 1284 4097 libero
1301 4047 1355 4096 auri
1374 4047 1438 4096 dono
1462 4047 1535 4096 nullis
1553 4047 1638 4098 litteris
1655 4046 1786 4108 obstricto,

173 4129 266 4178 [κείω
287 4129 340 4190 (ele
352 4127 417 4177 enim
431 4127 457 4177 et
469 4139 514 4176 τοι
525 4125 669 4189 jampridem
682 4139 780 4188 aequum
801 4125 960 4190 censuistis),
1003 4124 1100 4188 quando
1115 4123 1159 4186 ipcl
1173 4122 1499 4186 placebul,omaresolebai.
1517 4123 1740 4187 Mittebaturigitur
1756 4125 1786 4173 nd

172 4207 326 4270 nooabeque
338 4205 541 4265 rollonesueola‚
550 4217 607 4268 ηοω
617 4205 679 4255 inira
691 4207 800 4255 naricam
817 4205 864 4255 eila
873 4207 924 4267 asi,
935 4207 960 4255 in
1004 4206 1149 4252 saracenum
1156 4201 1266 4261 nuntius,
1274 4199 1325 4261 qui,
1338 4201 1423 4250 vectus
1438 4200 1562 4249 celeritate
1572 4213 1691 4262 equorum
1707 4199 1787 4263 publi·

172 4287 285 4333 nostrum
296 4282 339 4344 jus
349 4281 533 4343 dominiumque
541 4281 626 4332 cedere
634 4281 715 4332 debet.
726 4301 739 4326 ιι
749 4280 795 4332 cul
805 4284 909 4333 Surenae
919 4295 959 4333 re·
1003 4291 1103 4339 corum,
1117 4277 1229 4328 redderet
1238 4276 1303 4340 quod
1316 4277 1351 4325 illl
1365 4277 1494 4338 imperator
1506 4276 1623 4326 donatum
1633 4277 1736 4326 volebat.
1746 4279 1787 4327 ln·

173 4361 291 4424 spondit:
304 4380 316 4404 ι
325 4359 443 4423 lnlquiori
452 4359 533 4410 animo
544 4360 725 4424 etgraviuoisia
735 4360 814 4422 tertie,
824 4361 959 4423 ollomani,
1003 4356 1081 4406 vicem
1090 4357 1223 4406 saracenus
1230 4367 1273 4417 per
1280 4354 1392 4416 legatum,
1401 4366 1472 4415 quem
1482 4353 1606 4415 mittebat,
1620 4353 1787 4416 imperatorem

173 4439 279 4500 qoodea
291 4449 351 4501 gem
366 4449 412 4487 ιιιε
423 4439 509 4500 sponte
519 4438 775 4488 elultroeesenoatroe
783 4439 895 4499 potestati
905 4451 960 4500 per·
1004 4435 1112 4483 nostrum
1122 4431 1191 4482 donis
1201 4431 1246 4482 eibi
1258 4429 1408 4480 conciliabat.
1425 4433 1495 4480 Tunc
1505 4430 1593 4480 iterum
1611 4430 1788 4492 lmperatorvi·

175 4515 248 4566 misit.
260 4536 272 4560 ι
282 4516 371 4566 zielrue
381 4514 434 4576 elue
446 4514 519 4564 rerba
528 4514 676 4577 suscipiens:
695 4531 708 4557 ιι
719 4513 792 4564 suani
804 4514 854 4564 suis
868 4513 961 4578 legibue
1004 4509 1083 4559 clsairn
1093 4509 1174 4571 aliqua
1189 4508 1333 4558 liberulilete
1348 4509 1492 4558 saracenum
1511 4507 1557 4557 albi
1572 4507 1695 4558 devincire
1709 4507 1787 4558 stude·

174 4596 232 4644 mni
242 4595 290 4654 nei,
300 4592 382 4656 inquit
390 4626 398 4653 ‚
406 4603 484 4655 neque
495 4604 603 4654 unquam
613 4591 758 4643 colchorum
769 4591 868 4654 imperio
876 4604 961 4654 parue·
1004 4585 1054 4637 bat.
1067 4587 1092 4636 Si
1103 4586 1207 4637 imbrus
1223 4585 1296 4647 igitur
1306 4586 1341 4634 ita
1352 4585 1430 4634 lacere
1439 4583 1585 4644 decreverit,
1606 4586 1631 4634 ei
1648 4585 1788 4646 imperatori

175 4675 240 4721 runt
251 4674 336 4722 »Tum
354 4671 441 4720 l‘elrue
454 4683 464 4734 :x
479 4671 580 4732 «Situ,
594 4684 610 4720 o
622 4671 707 4730 Ziclre,
719 4669 814 4721 suanlm
831 4681 920 4720 nomen
936 4670 961 4719 in
1005 4665 1086 4714 nostro
1098 4662 1161 4712 idern
1174 4663 1302 4725 placuerit,
1314 4661 1376 4712 bene
1384 4663 1434 4721 cst;
1443 4661 1481 4711 eiu
1491 4661 1580 4721 minua,
1591 4660 1679 4710 lruetrc
1690 4663 1787 4711 conteu-

175 4751 338 4800 conventione
356 4747 423 4810 pacis
433 4747 513 4798 omitti
523 4745 613 4810 meria,
625 4747 672 4797 boc
685 4749 767 4797 tamen
783 4734 960 4806 commemora,
1005 4741 1089 4800 dii,ei
1104 4739 1202 4790 demere
1211 4742 1260 4801 eet,
1273 4751 1353 4800 neque
1364 4739 1494 4802 ηυίαγυειει
1512 4737 1658 4800 impetrabit
1671 4757 1683 4782 υ
1694 4739 1752 4788 llaec
1762 4741 1788 4788 et

176 4829 201 4877 le
210 4827 267 4876 mibi
278 4825 393 4878 lazicam
412 4823 512 4874 reddere
529 4837 585 4874 cum
602 4824 712 4888 gentibue
728 4836 784 4887 ηοω
802 4824 859 4874 buic
872 4823 962 4887 regioni
1005 4820 1052 4869 nlla
1063 4819 1140 4868 mulla
1151 4831 1227 4881 quum
1235 4819 1297 4869 inter
1308 4829 1335 4868 se
1351 4819 1491 4881 agitassent,
1502 4817 1619 4867 foederum
1633 4816 1658 4866 in
1670 4817 1787 4879 quinqua·

175 4906 289 4968 subjecte
298 4907 366 4956 aunt.
376 4923 391 4948 ι
401 4920 455 4947 -ι
469 4903 494 4954 Si
514 4903 562 4953 boe
579 4903 654 4966 iacio,
669 4903 747 4965 inquit
762 4903 862 4965 zicbus,
882 4902 962 4953 aditus
1005 4899 1070 4962 ginta
1083 4909 1159 4946 annue
1170 4895 1317 4947 conditiones
1334 4899 1390 4947 sunt
1399 4896 1536 4958 perscriptae
1548 4897 1632 4944 Graece
1649 4896 1674 4945 et
1688 4896 1785 4944 Persice.

175 4982 218 5034 libi
227 4983 350 5046 aperietur
357 4979 390 5030 de
400 4978 477 5029 iberia
484 4991 581 5042 quoque
587 4981 774 5031 controversiam
782 4993 889 5032 morere.
900 4983 961 5030 Nam
1006 4975 1096 5028 Deinde
1107 4979 1193 5027 uraca
1208 4975 1233 5025 iu
1244 4987 1378 5026 sermonem
1390 4975 1524 5034 Persicum,
1539 4974 1565 5022 et
1576 4972 1670 5022 Pcralca
1681 4973 1706 5022 ln
1717 4973 1786 5021 Grae·

178 5060 253 5109 intuo
264 5057 369 5110 arbitrio
379 5057 427 5106 erit
438 5054 527 5118 dicere,
542 5058 618 5119 ipsam
630 5069 727 5119 quoque
743 5057 876 5120 subjectam
890 5057 962 5107 luisse
1005 5057 1126 5106 cumsunt
1134 5054 1259 5104 baculata.
1269 5052 1408 5104 Foderlbus
1415 5054 1496 5102 aulem
1504 5049 1634 5101 scribendis
1643 5051 1667 5099 et
1674 5047 1787 5098 iaciendis

178 5137 251 5189 Lazie.
262 5157 275 5182 a
289 5162 323 5179 -·
336 5153 349 5180 ι
363 5131 520 5186 ldauilcaium
532 5135 568 5184 eet
577 5133 657 5198 igitur,
668 5133 807 5197 ozlclre,te
816 5135 880 5184 nolle
891 5133 961 5184 uobis
1005 5133 1128 5183 aliircrrrut
1142 5143 1156 5183 c
1169 5131 1282 5182 liemcule
1295 5131 1393 5191 Petrus,
1407 5129 1458 5178 dux
1471 5129 1575 5179 militum
1599 5125 1719 5246 qullcirca
1737 5123 1785 5175 lm·
