3930 5754
199 350 257 404 566
785 339 945 402 ionariis
966 341 1204 402 intiocflual

198 471 275 530 αὐτόν
287 469 391 547 ἀγαγών
405 467 450 538 τήν
461 469 582 538 τελευτὴν
595 473 640 528 τοῦ
654 468 726 548 βίου,
740 472 765 536 ἐς
776 469 808 540 ἣν
821 469 897 537 αύτίις
908 469 972 550 πρό·
1020 468 1047 528 δέ
1067 467 1166 536 πόλεως
1187 466 1308 542 Μούνδης
1332 469 1443 543 πλησίον
1462 469 1577 548 γίνεται·
1597 469 1655 528 καθ’
1675 467 1707 542 ἦν
1730 491 1798 550 φασι

197 581 270 638 τερον
285 557 329 615 τὸν
342 555 442 636 πατέρα
457 555 611 626 συνήλασεν.
1020 557 1092 634 παρά
1102 555 1177 616 τόσον
1195 559 1278 616 ἐλθεῖν
1297 556 1415 617 κινδύνου
1433 557 1478 616 τδν
1494 556 1633 634 Καίσαρα,
1643 559 1798 637 ὧςπαρερ-

239 666 271 706 ιε.
288 643 396 714 Ἐπειδὴ
415 649 498 702 ταῦτα
516 643 721 722 διαπραξάμενος
736 645 878 716 ἐπανῆλθεν
893 647 917 712 ἐς
929 643 975 715 τὴν
1021 643 1149 722 ρηγμάνης
1162 643 1212 716 ήδη
1223 648 1270 715 τῆς
1283 645 1378 712 οἰκείας
1389 643 1539 725 φάλαγγος,
1551 645 1654 704 σπάσαι
1665 648 1724 703 καθ’
1738 649 1800 704 ina·

198 731 317 807 Ῥώμην,
328 733 413 812 τρίτον
432 731 521 790 ἑαυτὸν
536 731 634 791 ὕπατον
656 731 778 800 ἀνειπὼν,
792 731 838 790 καί
854 731 975 790 κοινωνόν
1021 736 1065 790 τοῦ
1080 730 1109 790 τὸ
1130 731 1210 811 ξίφος,
1225 731 1344 791 τεθνάναι
1363 731 1518 810 βουλόμενον
1532 731 1594 810 πρίν
1610 731 1676 808 μετά
1689 731 1799 802 τοσήνδε

197 823 242 886 τῆς
252 821 335 896 ἀρχῆς
352 817 540 897 προσελόμενος
555 818 664 896 Μάρκον
679 817 800 894 Αἰμίλιον
812 818 933 892 Λέπιδον,
949 817 976 886 t<
1021 823 1072 878 τῶν
1087 820 1236 894 πολεμικῶν
1253 817 1335 900 ἐργων
1345 819 1430 891 δόξαν,
1442 817 1494 878 ύπδ
1503 820 1581 898 χεῖρα
1594 817 1646 878 δύω
1657 819 1799 894 μειρακίων

197 904 266 962 κατὰ
278 905 321 962 τόν
336 905 480 984 ἔμπροσθεν
491 905 606 964 ἐνιαυτόν
620 903 756 985 ίππαρχσς
771 897 801 978 ήν
820 907 892 986 αὐτῷ
908 905 976 966 κατά
1021 905 1097 964 πέσοι
1110 903 1175 986 ἀνήρ
1189 905 1240 977 ήδη
1254 907 1317 986 πρὸς
1326 911 1408 987 γῆρας
1419 906 1512 985 σχεδὸν
1524 905 1674 986 ἀφιγμένος.
1689 907 1801 968 Ἁνακα·

199 993 345 1071 μοναρχίαν
365 993 542 1074 ἑξηγσυμένῳ,
561 993 672 1060 πολλούς
684 1016 713 1051 τε
727 997 777 1052 τῶν
797 996 976 1070 Πυμπηιανῦιν
1020 991 1163 1068 λεσάμενος
1184 992 1211 1051 δέ
1230 992 1301 1070 ὅμως
1325 995 1385 1060 τοῦς
1405 993 1558 1072 φεύγοντας,
1578 994 1624 1052 καί
1646 993 1693 1060 τάις
1715 993 1801 1060 τάξεις

199 1077 441 1156 ἀνακαλεσάμενος,
454 1081 492 1160 τῷ
504 1103 532 1138 τε
545 1080 621 1160 δήμῳ
637 1079 777 1154 Ῥωμαίων
795 1081 912 1156 μεγάλας
923 1083 976 1140 δω-
1022 1079 1252 1157 ἀνανεωσάμενος,
1271 1081 1404 1140 ἐπιπίπτει
1419 1089 1471 1148 τοῖς
1489 1079 1627 1152 ἐναντίοις,
1649 1080 1693 1139 καί
1708 1089 1801 1160 κρατεῖ

199 1164 258 1242 ρεάς
279 1167 323 1224 καί
340 1166 441 1246 ἀρέσεις
462 1170 548 1246 χρεῶν
566 1169 757 1246 χαρισάμενος,
773 1166 934 1245 στρατηγούς
948 1191 976 1228 τε
1022 1171 1177 1248 περιφανῶς.
1219 1171 1280 1230 Τῶν
1305 1168 1332 1227 δέ
1354 1167 1496 1244 Πομπηίου
1520 1166 1621 1226 παίδων
1636 1170 1650 1226 δ
1668 1166 1716 1244 μίν
1736 1190 1800 1248 πρε-

198 1254 249 1309 τῶν
264 1251 412 1330 ἀναγκαίων
433 1253 611 1328 ἐπιμελητὰς,
632 1253 677 1312 καί
691 1255 767 1332 ἱερεῖς
782 1253 845 1332 ὑπὲρ
863 1255 892 1314 τό
908 1277 976 1314 νενο·
1023 1255 1145 1333 σύύτερος
1165 1257 1235 1334 ἐντῇ
1250 1255 1394 1332 παρατάξει
1402 1253 1619 1334 διαφθείρεται,ὁ
1634 1253 1662 1314 δέ
1678 1253 1800 1335 νειίιτερσς

199 1339 323 1415 μεσμένον
345 1339 513 1410 καταστήσας
537 1343 569 1420 τῇ
590 1339 678 1414 πολει,
699 1341 758 1407 τούς
772 1365 799 1399 τε
822 1342 919 1407 ἱππέας
933 1341 978 1400 καί
1023 1343 1165 1419 ἀγαπητῶς
1177 1342 1341 1410 διασώζεται.

199 1426 388 1506 ἑκατοντάρχας
406 1427 499 1492 ἀλλους
514 1425 545 1485 τέ
559 1450 630 1492 τινας
644 1427 802 1498 καταλέξας,
823 1429 977 1508 Σαλουστίῳ
1064 1449 1100 1491 ιε,
1116 1427 1150 1488 ‘0
1163 1427 1248 1486 τοίνυν
1263 1430 1383 1508 Καῖσαρ,
1397 1427 1520 1488 ἀπάντων
1536 1428 1587 1499 ἤδη
1602 1429 1653 1486 τῶν
1668 1427 1801 1506 ἐμφυλίων

198 1511 248 1582 τὴν
264 1513 401 1583 πολιτικὴν
415 1514 541 1586 διοίκησιν
557 1514 750 1589 καταλιμπάνει
767 1515 812 1572 καὶ
826 1513 885 1582 τούς
898 1537 978 1592 γεγη-
1022 1515 1170 1592 πολεμίων(
1178 1519 1197 1576 i.
1206 1515 1338 1592 πολέμων)
1347 1513 1686 1594 κατειργασμένων,ἐπλτλν
1692 1513 1801 1586 Ῥώμην

200 1599 312 1678 ρακάτας
327 1599 504 1678 στρατιώτας,
531 1601 607 1668 αιἰτός
628 1623 656 1658 τε
670 1600 715 1658 ἐπὶ
735 1600 783 1672 τὴν
797 1602 898 1672 Λιάύην
914 1604 978 1660 ἐπε·
1023 1601 1201 1682 ἀνεστρέφετο,
1208 1602 1237 1661 τό
1245 1626 1273 1662 τε
1283 1603 1405 1682 φρόνημα
1414 1611 1470 1670 ταῖς
1478 1601 1612 1681 συνεχέσιν
1620 1603 1802 1681 ἀνδραγαθίαις

200 1692 317 1765 ραιοῦτο,
331 1687 392 1746 ἔνθα
404 1687 432 1746 τό
446 1688 511 1746 πολύ
526 1687 572 1747 καί
588 1687 789 1766 γνωριμώτατον
803 1692 848 1758 τῆς
862 1687 979 1763 Ῥιομαῑ-
1023 1688 1218 1766 ἐξωγκωμένσς,
1231 1688 1276 1748 καί
1285 1689 1358 1769 παρίι
1367 1689 1397 1749 τό
1407 1691 1514 1762 σύνηθες
1526 1693 1559 1768 τῇ
1573 1687 1716 1766 Ῥωμαίων
1726 1691 1801 1748 ἐλευ-

199 1777 247 1842 κῆς
258 1775 385 1851 εὐγενείας
406 1775 537 1846 συνελθόν,
556 1777 691 1855 συμμάχῳ
705 1799 732 1833 τε
750 1775 885 1854 χρώμενον
899 1774 979 1856 Ἰώύφι
1023 1777 1094 1858 θερίφ
1107 1775 1171 1856 πρός
1184 1774 1243 1842 τοὺς
1258 1776 1463 1856 ἐντυγχάνοντας
1481 1776 1706 1852 ἀλαζονευόμενος.
1725 1776 1801 1836 Ἐπεί

199 1864 237 1940 τῷ
260 1863 364 1940 βασιλεῖ
391 1865 442 1920 τῶν
476 1865 666 1942 Μαυρουσίων,
694 1865 827 1920 ἀνενεσῦτο
856 1863 900 1920 τόν
927 1863 976 1921 πό·
1023 1870 1083 1944 γοῦν
1093 1863 1140 1929 τάς
1153 1885 1181 1921 τε
1192 1861 1270 1938 τιμάς
1281 1863 1327 1922 καί
1339 1863 1369 1922 τό
1382 1869 1458 1944 κῦρος
1468 1869 1513 1924 τοῦ
1526 1865 1610 1940 δήμου
1625 1862 1802 1942 παρελόμενος

199 1949 288 2026 λεμον.
1024 1950 1100 2016 αὐτὸς
1113 1948 1254 2026 ἐπέτρεπεν
1271 1940 1309 2016 οἷς
1326 1949 1463 2026 ἀύούλετο,
1478 1950 1542 2021 καί,
1560 1952 1607 2020 τῆς
1627 1952 1721 2027 βουλῆς
1739 1949 1804 2026 πρὸς

240 2056 275 2097 1³.
292 2033 419 2113 Ἡγοῦντο
439 2035 467 2096 δέ
487 2038 538 2095 τῶν
553 2036 761 2108 συνεληλυθότων
785 2039 895 2097 ἐνταῦθα
910 2036 978 2099 Ῥω·
1024 2035 1100 2094 αὐτόν
1115 2035 1216 2108 ἐούσης,
1234 2037 1283 2114 ούχ
1297 2035 1471 2106 ὑπανίστατο,
1493 2035 1561 2094 ἀλλά
1578 2039 1722 2114 βασιλικοῖς
1735 2033 1802 2106 εἴτε,

200 2123 284 2200 μαίων
317 2123 433 2192 Πόπλιος
464 2124 623 2202 Κορνήλιος,
653 2125 799 2191 Σκιπίωνος
826 2118 979 2206 Ἀφρικανοῦ
1026 2123 1198 2200 ἀληθέστερον
1213 2126 1304 2200 είπςξν,
1316 2123 1475 2203 τυραννικοῖς
1492 2123 1592 2202 χαίρων
1606 2123 1683 2192 δῆλος
1701 2115 1733 2193 ἦν
1749 2127 1804 2182 ἐπι·

199 2209 325 2288 γεγονὼς,
341 2209 469 2281 κηδεστής
483 2213 510 2268 δὲ
528 2211 672 2288 Πομπηίου
685 2211 831 2290 τυγχάνων,
843 2213 888 2270 καί
903 2212 980 2294 Μάρ-
1025 2209 1187 2286 τηδεύμασιν
1204 2211 1212 2286 ί
1227 2209 1327 2276 είκόνας
1346 2233 1375 2268 τε
1386 2210 1437 2290 γάρ
1456 2210 1501 2268 καὶ
1514 2209 1666 2288 ἀνδριάντας
1680 2211 1725 2268 καί
1745 2213 1803 2268 ἀνε-

199 2323 243 2366 κσς
259 2299 386 2378 Πετρήιος
397 2300 443 2357 καί
457 2302 565 2365 Κόϊντος
580 2300 676 2378 Βάρος,
691 2303 741 2358 καί*
749 2300 856 2376 Μάρκος
869 2300 981 2377 Πόρκιος
1025 2296 1146 2374 δρύματά
1159 2320 1226 2364 τινες
1236 2299 1306 2377 αύτῷ
1317 2300 1368 2356 τῶν
1379 2299 1498 2356 κολάκων
1506 2296 1677 2377 προσέφερον,
1691 2297 1766 2356 ἀλλον
1775 2322 1803 2356 τε

200 2387 295 2446 Κάσιον
314 2391 328 2444 ὁ
348 2384 499 2467 φιλόσοφος,
521 2387 566 2444 καὶ
581 2386 724 2464 Κορνήλιος
737 2387 860 2452 Φαῦστος
877 2385 979 2445 Σύλλου
1025 2384 1196 2462 καίεβασιλέα
1212 2383 1404 2462 προσηγόρευον
1415 2382 1438 2462 ),
1451 2383 1519 2442 οὕτω
1533 2383 1617 2442 τοίνυν
1634 2383 1739 2442 πάντων
1751 2389 1803 2442 τῶν

200 2479 245 2531 τοῦ
261 2472 473 2551 μοναρχήσαντος
484 2473 546 2539 παῖς
557 2471 602 2530 ὤν·
617 2463 653 2540 οἷς
665 2471 864 2548 ἀντιταξάμενος
878 2475 892 2529 ό
909 2475 980 2532 Καῖ-
1025 2471 1052 2528 ἐν
1062 2471 1153 2548 μνήμῃ
1166 2469 1307 2544 Ῥωμαίων
1317 2469 1439 2550 κρείττων
1454 2471 1556 2552 φανείς,
1570 2469 1613 2528 διδ
1623 2469 1670 2539 τήν
1682 2471 1747 2549 ίιπὲρ
1761 2471 1806 2528 ἀν-

201 2581 253 2638 σοιρ
273 2559 340 2636 μετά
352 2559 449 2626 πολλάς
461 2560 608 2638 προσόολάς
622 2559 667 2616 καί
683 2559 820 2638 διαφόρους
830 2561 882 2618 τιῦν
896 2581 980 2638 πρατ-
1025 2563 1126 2634 θρωπον
1138 2555 1246 2633 δύναμιν
1256 2557 1311 2624 θεδς
1320 2557 1471 2632 ὠνομάσθη.
1484 2559 1544 2618 Εἰσὶ
1552 2556 1578 2616 δέ
1591 2557 1644 2616 ἀπὸ
1654 2561 1706 2616 τῶν
1714 2562 1804 2636 Τρωί-

200 2647 316 2720 τομένων
336 2646 434 2725 τύχας,
449 2654 539 2726 κρατεῖ
551 2647 732 2704 παντάπασιν·
752 2650 786 2713 ώς
803 2646 916 2706 Κάτωνα
931 2645 978 2721 μὲν
1025 2648 1077 2702 κεῦν
1090 2645 1132 2704 ἐπί
1149 2644 1257 2704 Ἰούλιον
1274 2646 1396 2725 Καίσαρα
1409 2645 1521 2704 ἐνιαυτοί
1539 2645 1620 2724 χίλιοι
1635 2646 1701 2724 ρκδ’.

200 2733 245 2791 καί
266 2733 421 2806 Σκιπίωνα,
444 2733 574 2814 Πετρήιόν
593 2757 621 2792 τε
646 2734 690 2792 καὶ
712 2733 807 2792 Ἰώῦαν
830 2733 982 2812 αὐτόχειρας
1068 2751 1099 2790 ιο.
1116 2731 1192 2792 Ἐπεί
1214 2731 1242 2790 δέ
1258 2735 1362 2810 Καῖσαρ
1386 2731 1521 2812 ὑπερόγκῳ
1549 2732 1695 2812 φρονήματι
1717 2731 1806 2803 ἐςτλν

201 2829 266 2900 σφᾶς
285 2819 375 2886 αὐτούς
390 2822 506 2896 ἀνελεῖν,
522 2820 649 2882 Φαῦστόν
663 2843 692 2879 τε
710 2819 753 2879 τόν
775 2821 857 2878 παῖδα
880 2821 983 2880 Σύλλου
1028 2815 1172 2894 σύγκλητον
1185 2817 1327 2896 διεγένετο,
1345 2819 1498 2898 βουλεύουσι
1516 2817 1573 2876 κατ’
1589 2821 1668 2876 αὑτοῦ
1682 2817 1803 2888 θάνατον,

201 2913 367 2966 συνοικοῦντα
397 2907 505 2988 θυγατρί
528 2907 685 2986 Πομπηίου,
700 2907 763 2987 πρὸς
780 2910 858 2967 αὐτοῦ
874 2908 982 2986 διαφθα-
1028 2907 1112 2986 φθόνῳ
1133 2929 1161 2964 τε
1181 2911 1226 2965 τοῦ
1245 2906 1419 2986 προσήκοντος
1434 2905 1479 2964 καί
1494 2905 1565 2982 μίσει
1580 2909 1626 2965 τοῦ
1644 2927 1806 2984 προτετιμη-

205 2999 333 3074 ρῆναιτοῦ
349 2994 488 3074 Καίσαρος,
916 3003 919 3010 “
1028 2993 1119 3070 μάνου,
1133 2994 1223 3074 ἀνδρες
1242 2994 1306 3075 ὑπὲρ
1320 2993 1341 3063 ξ’
1356 2997 1408 3052 τῶν
1420 3016 1449 3052 τε
1466 2993 1517 3052 ἀπό
1534 2997 1581 3063 τῆς
1595 2993 1744 3070 συγκλήτου
1760 2991 1807 3050 καί

242 3101 278 3142 ιι.
291 3081 430 3140 Ἐνιαυτόν
457 3081 490 3152 δὴ
511 3073 553 3139 οῦν
573 3081 677 3163 Ιύστερον
700 3079 862 3161 ἀναστρέψας
880 3081 922 3139 ἐπί
936 3079 982 3150 τήν
1028 3085 1078 3138 τῶν
1096 3083 1121 3147 ἐς
1138 3080 1196 3147 τοὺς
1218 3082 1312 3148 ἱππέας
1334 3080 1488 3152 τελούντοιν,
1508 3079 1577 3159 ὅρκῳ
1595 3078 1642 3150 τὴν
1656 3080 1715 3137 κατ’
1727 3081 1808 3138 αύτοῦ

202 3167 310 3242 Ῥώμην
322 3172 336 3226 δ
349 3169 435 3239 Γάϊος,
444 3167 570 3246 τέταρτον
583 3169 672 3226 ἑαυτὸν
682 3168 811 3236 ἀπέδειξεν
821 3167 928 3240 ύπατυν,
938 3168 983 3226 καί
1029 3169 1152 3227 σύστασιν
1161 3167 1379 3246 βεθαιωσείμενοι.
1396 3167 1506 3246 Ἐνῆγσν
1515 3166 1543 3225 δὲ
1555 3167 1606 3243 ἀρα
1616 3162 1809 3242 uaesanae

203 3256 251 3322 τάς
261 3255 383 3334 δυνάμεις
391 3257 540 3329 ἀναλαθών,
550 3257 609 3316 εῦθῦ
620 3257 690 3336 [ἐπὶ]
699 3256 869 3336 τάςἸόηρίας
877 3256 980 3338 ἐχώρεε.
1027 3279 1079 3314 τιον
1092 3254 1150 3324 τούς
1162 3256 1311 3332 συνωμότας
1327 3257 1352 3322 ἐς
1362 3254 1410 3326 τήν
1424 3253 1586 3334 ἐπιχείρησιν
1607 3256 1717 3330 Βροῦτοι
1736 3253 1807 3328 δύω,

204 3347 239 3404 Οί
265 3343 315 3422 γάρ
340 3343 371 3414 δὴ
397 3350 443 3404 τοῦ
467 3345 609 3420 Πομπηίου
633 3347 739 3422 παῖδες,
767 3349 866 3410 ἑαυτοῖς
891 3367 919 3402 τε
939 3344 984 3402 καί
1027 3343 1115 3419 γένους
1132 3341 1202 3410 ὄντες
1225 3343 1348 3403 ἀνέκαθεν
1371 3343 1584 3422 αύστηροτάτοο·
1599 3343 1624 3406 ἐς
1645 3338 1697 3419 γάρ
1718 3339 1810 3410 δήτόν

204 3433 242 3506 τῷ
254 3430 334 3509 πατρί
348 3435 507 3497 καθεστῶτες
521 3431 668 3507 ὁμώνυμοι,
679 3435 772 3498 Γναῖος
788 3429 928 3506 Πομπήιος
939 3430 984 3488 καί
1028 3429 1141 3488 παλαιὸν
1149 3433 1263 3509 Βροῦτον
1272 3435 1318 3490 τοῦ
1329 3428 1438 3506 αἵματος
1450 3427 1572 3508 ἀνέφερον
1582 3425 1628 3497 τήν
1637 3425 1735 3504 ἀρχὴν,
1743 3431 1754 3507 [
1762 3425 1807 3505 δς]

206 3517 300 3585 Σεξτος
313 3518 466 3594 Πομπήιος,
478 3521 594 3595 μεγάλας
603 3517 748 3595 ἐγείραντες
760 3511 830 3584 siaa
844 3517 982 3593 δυνάμεις,
1028 3515 1086 3582 τοῦς
1095 3517 1232 3596 τυράννους
1246 3520 1272 3576 ίν
1281 3522 1333 3584 τοῖς
1343 3515 1468 3576 ἀνωτάτω
1479 3515 1581 3595 χρόνοις
1591 3513 1724 3586 ἐκόαλδεν,
1735 3518 1809 3593 πρῶ-

203 3609 353 3664 ἀνενεσῦντο
366 3605 545 3680 τδνπόλεμον.
589 3605 667 3664 Ἐπεί
678 3611 739 3682 γοῦν
752 3607 855 3683 Καῖσαρ
866 3604 982 3682 ἀφίκετο,
1029 3627 1071 3670 τος
1080 3603 1222 3684 ἀπεδείχθη
1234 3603 1307 3686 παρά
1322 3603 1463 3680 Ῥωμαίοις
1475 3602 1582 3669 ύπατσς.

201 3693 299 3751 πολλαί
315 3691 363 3769 μίν
382 3691 425 3750 καί
447 3691 571 3771 καρτεραί
590 3693 743 3752 συνίσταντο
761 3691 860 3770 μάχαι·
880 3691 982 3770 ἐσχάτη
1003 3693 1008 3763 Ι
1068 3712 1103 3752 ιτ.
1119 3693 1213 3751 Καίτοι
1224 3690 1288 3773 φασί
1299 3715 1365 3758 τινες
1383 3693 1524 3766 δημοτικοῦ
1535 3693 1690 3766 γεγενῆσθαι
1709 3687 1812 3768 πατρὸς

202 3852 287 3900 θείοιο
305 3853 341 3900 est
354 3863 421 3900 mare
440 3855 572 3912 ροειεειιοι.
586 3853 637 3900 Non
649 3865 706 3912 saa,
718 3851 870 3901 sudationum
883 3863 955 3900 manu
975 3851 1108 3900 Pharnaces
1119 3853 1195 3912 periit.
1217 3852 1279 3900 Vide
1297 3852 1362 3901 loeas
1379 3851 1496 3899 initiatos
1511 3848 1566 3912 -§
1586 3855 1621 3898 ιε.
1641 3851 1742 3909 eutrop.
1761 3851 1809 3906 vl,

207 3927 234 3970 iii
247 3939 253 3968 :
269 3921 330 3970 inde
343 3924 449 3969 Romam
467 3931 611 3981 raqrassus,
629 3921 706 3969 tertio
721 3933 748 3970 sa
759 3922 888 3970 consutam
894 3921 961 3982 sacti
971 3933 1029 3970 cum
1041 3923 1074 3970 Μ.
1089 3923 1193 3970 amitto
1211 3921 1316 3982 Lepida,
1329 3922 1374 3982 qui
1385 3923 1408 3968 ei
1418 3919 1544 3968 dictatori
1554 3920 1678 3978 maqister
1687 3921 1810 3980 equitum

204 3993 266 4038 ante
277 4001 378 4038 ananan
385 3989 490 4048 suerat.
506 3989 568 4038 inde
580 3992 608 4038 in
621 3989 737 4050 Africam
752 3990 883 4052 profectus
894 3993 945 4049 est,
957 3990 1000 4039 uni
1016 3989 1120 4046 infinita
1132 3991 1253 4040 nobilitas
1271 4003 1329 4039 σειιιι
1343 3989 1426 4048 tata,
1441 3990 1611 4038 Mauritania
1626 3999 1698 4047 τιμε,
1712 3987 1811 4036 betleem

203 4061 385 4119 reparaverat.
401 4083 432 4094 -
445 4058 602 4122 συνελθὸν]
615 4061 728 4108 συνελθὼν
738 4059 792 4111 cod.
806 4087 836 4096 -
846 4058 1020 4122 ἀνανεοῦτο]
1033 4062 1090 4109 tau
1106 4060 1160 4108 cod.
1173 4059 1228 4122 -§
1248 4064 1282 4110 13.
1298 4061 1366 4107 uua.
1386 4072 1392 4106 :
1410 4061 1491 4107 Duces
1507 4061 1596 4106 autem
1614 4059 1722 4105 tinniant
1732 4058 1811 4104 erant

204 4129 236 4176 P.
250 4127 381 4176 θοι-κειται
392 4129 486 4188 Scipio,
499 4140 532 4176 en
544 4141 633 4187 qenera
643 4132 824 4191 antiquissima
836 4133 963 4190 Scipionis
975 4133 991 4178 Α
990 4132 1092 4190 trienni
1106 4131 1114 4189 (
1125 4129 1256 4178 nicetiana
1267 4141 1337 4177 sacar
1352 4130 1465 4189 Pompeii
1475 4128 1562 4188 ttaqnt
1569 4126 1666 4188 fuerat
1677 4127 1701 4188 ),
1714 4129 1748 4176 Μ.
1762 4129 1811 4175 Pe·

205 4199 300 4256 trtius,
320 4201 349 4254 Q.
370 4199 465 4256 Varus,
484 4201 517 4247 Μ.
530 4201 639 4246 Parcius
654 4203 728 4259 Cato,
740 4203 767 4248 t.
782 4201 917 4250 Cornelius
931 4203 1055 4259 Faustus,
1065 4198 1141 4262 sque
1154 4197 1289 4247 dictatoris
1293 4198 1378 4258 fliius,
1396 4199 1531 4245 Commissa
1541 4195 1632 4257 pratia
1639 4199 1698 4256 past
1709 4194 1812 4244 tauttas

204 4266 381 4314 aiinicationas
393 4266 538 4326 viatorsnit
553 4270 648 4317 cesar.
662 4270 738 4328 Cata,
751 4271 847 4330 Scipio,
861 4269 1082 4330 Petreius,tuta,
1093 4273 1141 4330 ipsi
1153 4281 1179 4318 σε
1187 4268 1335 4318 acciderunt
1342 4283 1352 4326 ,·
1362 4269 1488 4324 Faustus,
1500 4266 1577 4326 sque
1586 4265 1718 4328 quandam
1731 4265 1813 4313 dicta·

205 4337 268 4382 taris
275 4334 365 4394 fitius,
378 4338 493 4396 Pompeii
504 4349 589 4395 qener,
602 4351 619 4385 a
635 4342 732 4388 Caesare
743 4338 896 4399 interfectus
907 4341 953 4387 est.
965 4339 1019 4402 -§
1035 4343 1071 4388 ii.
1092 4341 1190 4400 iiuiioq.
1207 4351 1228 4387 c.
1246 4343 1272 4388 19
1286 4356 1293 4368 ·
1309 4340 1367 4386 t‘ast
1383 4348 1482 4384 annnam
1496 4339 1583 4384 Cesar
1592 4339 1697 4384 iiainnm
1714 4347 1813 4396 νεμεσσ-

203 4415 260 4460 σειε.
273 4409 368 4466 quarto
381 4419 407 4454 se
418 4407 546 4454 consulent
556 4407 637 4469 secit,
655 4411 679 4456 et
690 4410 782 4472 statim
793 4409 829 4457 aa
842 4411 978 4470 Hispanias
995 4409 1033 4457 est
1045 4408 1189 4470 projectus,
1199 4409 1243 4457 ιεΜ
1257 4409 1372 4468 Pompeii
1378 4405 1447 4468 flat,
1462 4407 1554 4455 Gnaeus
1565 4408 1590 4455 et
1600 4407 1707 4462 Sextus,
1719 4407 1813 4464 inqens

205 4472 299 4521 betium
311 4477 508 4534 reparaverant.
530 4475 615 4524 Mutia
626 4475 719 4536 pratia
728 4477 858 4537 ‚sacernam
869 4478 992 4526 ultimum
1010 4477 1082 4540 apud
1095 4477 1224 4527 Mundam
1237 4481 1369 4526 ciuitatem
1381 4491 1387 4524 :
1401 4479 1428 4524 in
1440 4487 1491 4538 qua
1509 4475 1674 4524 admonear
1686 4486 1760 4535 pane
1771 4477 1812 4522 ei-

204 4546 269 4602 ctus,
279 4543 564 4605 ut,suqientii›ussuis,
574 4557 600 4592 se
612 4545 723 4593 anteierit
734 4546 861 4605 accidere,
874 4558 905 4593 ne
915 4549 972 4605 past
985 4549 1088 4594 tantam
1099 4552 1135 4596 ret
1145 4548 1269 4596 mititatis
1278 4546 1388 4608 qtoriain
1398 4547 1424 4592 tu
1436 4547 1589 4604 patestatem
1598 4543 1813 4600 adolescentium,

205 4615 284 4662 uatus
293 4627 375 4661 annas
387 4626 432 4661 sen
448 4617 472 4662 et
484 4617 691 4676 quinquaqinta,
706 4617 811 4663 ueniret.
830 4618 943 4677 Denique
952 4615 1084 4676 tenaratss
1095 4621 1149 4666 suis
1160 4621 1234 4672 uictu
1244 4619 1268 4664 et
1282 4617 1394 4677 Pompeii
1404 4613 1480 4676 satius
1492 4615 1576 4675 maiar
1585 4616 1684 4663 accisus
1696 4617 1749 4669 est,
1762 4617 1813 4662 sni·

205 4695 253 4730 nar
263 4683 345 4744 suqit.
359 4683 414 4746 -§
432 4689 512 4732 its-¹8.
527 4687 628 4744 Eutrop.
642 4683 756 4732 brevius:
778 4683 840 4732 inde
857 4685 953 4743 Casan,
966 4685 1039 4733 battis
1057 4687 1174 4735 civilibus
1190 4688 1240 4734 tota
1251 4685 1310 4734 arbe
1321 4687 1480 4746 compatitis,
1495 4687 1602 4732 Romans
1619 4681 1714 4742 rediit,
1733 4695 1816 4744 αρσια

205 4753 360 4801 insotentius
374 4754 465 4813 capit,
485 4755 509 4800 et
521 4756 611 4801 contra
623 4751 832 4802 consuetudinem
847 4758 964 4803 tioinana
974 4756 1110 4804 libertatis.
1127 4759 1211 4812 Qunam
1223 4767 1282 4815 erqo
1294 4756 1318 4802 et
1334 4753 1439 4802 tonores
1449 4764 1481 4800 ετ
1494 4763 1543 4800 sua
1556 4750 1690 4804 uoluntate
1703 4753 1816 4812 presta-

206 4822 247 4869 ret
254 4857 261 4880 ,
273 4823 318 4882 qut
328 4834 344 4870 a
354 4821 447 4882 ροριιὶο
457 4823 519 4870 ante
529 4821 722 4876 deserebantur,
734 4835 780 4870 nec
788 4827 892 4872 senatui
905 4823 974 4874 adse
989 4827 1097 4873 inanienti
1109 4825 1277 4884 adsurqeret,
1289 4824 1394 4885 aliaque
1404 4824 1475 4882 raqia
1484 4832 1515 4869 ac
1527 4833 1601 4882 pane
1611 4820 1814 4881 tyrannumfa·

205 4893 273 4936 cerei
283 4904 291 4936 :
301 4890 466 4950 conjuratam
480 4893 518 4938 est
530 4893 556 4937 in
568 4903 625 4938 eum
637 4903 653 4939 a
666 4893 711 4939 aii
721 4893 759 4940 vet
770 4893 884 4952 amptius
897 4893 1059 4942 senatoribus
1069 4895 1246 4958 equitibusque
1265 4896 1394 4942 Romanis.
1410 4891 1662 4952 tuncipuisuemnt
1672 4893 1744 4940 inter
1753 4903 1813 4939 can·

201 4957 309 5017 ,iuratos
322 4959 373 5008 cluo
382 4963 475 5017 Bruti,
487 4973 520 5007 ea
529 4972 557 5006 ea
569 4973 659 5019 qaaere
671 4963 762 5021 Bruti,
776 4965 820 5024 qai
829 4965 929 5024 primus
940 4967 1023 5012 Roma
1032 4965 1222 5026 coiisatsuesat
1229 5000 1235 5020 ,
1247 4967 1272 5012 et
1283 4976 1354 5024 reqes
1365 4961 1516 5024 expetierat,
1530 4963 1555 5012 C.
1570 4963 1675 5010 Cassius
1689 4965 1714 5010 et
1727 4959 1815 5009 serui-

206 5027 258 5076 lius
271 5031 358 5078 Casca
371 5033 440 5090 iirqo
453 5035 545 5089 cesar,
557 5043 637 5092 qaam
648 5035 755 5080 senatus
766 5031 807 5080 die
817 5033 933 5094 quatiam
943 5037 1011 5081 inter
1020 5037 1115 5083 ceteras
1125 5038 1231 5082 uenisset
1240 5033 1400 5084 asinariam,
1414 5033 1507 5080 XXitt
1515 5031 1668 5078 astinenum
1678 5030 1815 5088 confossus

206 5101 251 5146 est.
263 5099 316 5160 -§
332 5103 366 5148 17.
379 5099 590 5164 Ποσειδώνιος]
603 5101 712 5151 teduine
725 5101 848 5151 Posidonio
858 5105 865 5163 t
875 5104 903 5152 ir.
914 5107 953 5163 it,
964 5106 1023 5152 toin.
1035 5107 1082 5164 iii,
1093 5117 1114 5166 p.
1129 5106 1190 5166 272)
1203 5107 1283 5152 narrat
1294 5102 1435 5152 i‘iuinraiias
1446 5101 1468 5148 in
1480 5101 1546 5149 Bruti
1555 5114 1576 5149 c.
1595 5109 1615 5150 Ι.
