3930 5754
668 356 854 419 POLYZELI
875 357 1012 420 nuonti
1034 357 1283 420 FRAGMENTA.
1711 365 1765 418 let

163 503 242 542 mon.
267 502 298 559 p.
325 479 395 560 135)
421 479 547 560 δρμάτων
572 480 728 559 ἐζευγμένων
756 481 943 556 πομπεύουσιν,
988 495 1068 549 strat,
1095 489 1142 556 qui
1155 484 1392 540 lilrodiisaurilio
1412 480 1640 552 maninrosuisse
1655 483 1771 537 demon·

165 569 257 629 ἅπασα
269 571 292 628 δ’
307 571 333 627 έν
345 568 445 640 κινήσει
458 569 502 627 καὶ
513 577 584 649 χαρᾷ
597 574 643 640 τῆς
658 567 881 648 θεωρίαςὴπύλις
891 591 944 627 κα·
987 583 1103 629 stratur.
1134 574 1210 628 Nam
1237 591 1319 645 quum
1346 590 1440 627 eorum
1466 573 1584 626 insulam
1615 583 1771 644 serpentum
1813 639 1815 644 Ι

164 657 299 728 θίστηκεν.
309 656 358 735 ‘lep
361 657 400 714 εἶά
412 681 441 716 τε
453 658 601 732 παμπληθῆ
614 655 702 714 θύουσι
713 655 760 726 τὴν
772 655 872 735 ἡμέραν
881 654 942 713 ταύ-
991 660 1165 712 multitudine
1184 671 1347 732 occupatam
1367 664 1436 714 cives
1457 657 1611 732 Ophiusam
1626 661 1772 732 appellas-

164 767 212 814 την
225 744 269 802 καί
282 745 451 812 δειπνίζουσιν
463 747 487 802 οἱ
500 746 605 802 πολῖται
619 743 718 808 πάντας
732 741 790 809 τους
801 765 945 820 γνωριμους
989 757 1062 810 sent,
1086 757 1115 799 et
1134 750 1163 799 in
1176 764 1212 800 ea
1232 747 1406 800 multitudiue
1419 742 1551 816 ferarum
1570 747 1655 799 draco
1665 743 1774 815 fuisset

163 831 260 888 καί
221 856 280 898 τους
295 831 451 897 δούλους
412 855 471 896 τους
491 832 581 897 ἰδίους·
599 829 722 896 ούδεὶςδ’
747 829 882 888 ἀπολείπει
896 829 944 902 τλν
989 837 1094 907 ingenti
1114 835 1325 904 magnitudine,
1341 851 1388 904 qui
1385 834 1639 904 phirimorcorum
1654 831 1772 903 interse-

162 918 263 990 θυσίαν,
274 918 342 976 titt
356 923 492 977 κινουσθαι
505 917 644 995 συμόαίνει
664 919 710 988 τὴν
730 917 806 975 πολιν
819 941 854 998 πρ
856 915 943 988 δςτῆν
989 925 1076 985 cieret,
1096 931 1123 974 et
1135 925 1233 992 patria
1249 922 1368 992 denique
1390 921 1498 973 deserta
1512 937 1607 973 carere
1620 925 1770 991 coegisset,

164 1007 236 1067 θέαν.
989 1007 1238 1073 diciturPlrorbus,
1258 1007 1503 1080 Triopoeftleusea
1512 1008 1610 1078 Hiscyl
1609 1009 1638 1060 la
1651 1009 1772 1078 Myrmi-

203 1097 270 1152 Haec
286 1096 435 1151 Athenaeus
453 1110 488 1149 ex
503 1090 627 1168 Didymo
647 1105 747 1148 contra
761 1094 943 1149 Polemonem
989 1095 1068 1147 donis
1071 1093 1135 1165 filia
1143 1105 1236 1160 natus,
1248 1111 1280 1147 eo
1288 1103 1450 1166 tenpestate
1461 1094 1580 1160 delatus,
1592 1111 1686 1147 onmes
1687 1091 1773 1162 seras

163 1183 335 1257 disputante.
346 1185 389 1238 De
402 1200 433 1237 re
444 1181 481 1239 cf.
492 1183 604 1240 Miiller.
620 1183 688 1239 Dor.
700 1184 741 1247 ΙΙ,
754 1200 785 1255 p.
799 1181 867 1238 aba.
990 1191 1020 1234 et
1037 1198 1098 1234 eum
1119 1181 1266 1233 draconem
1285 1176 1466 1248 interfecisse,
1489 1183 1534 1251 qui
1546 1199 1628 1252 quum
1648 1186 1771 1236 maxime

202 1269 441 1344 Distinguendus,
457 1279 549 1343 puto,
568 1287 584 1324 a
603 1279 701 1324 nostro
713 1268 885 1343 Polycrates
907 1269 942 1325 de
988 1269 1115 1340 Apollini
1127 1269 1241 1321 dilectus
1255 1279 1337 1332 esset,
1356 1268 1459 1320 Ιοσαιαε
1469 1269 1644 1322 intersidera
1657 1269 1769 1338 dicitur,

163 1377 221 1432 quo
235 1360 373 1432 Iosephus
385 1358 414 1415 C.
429 1359 536 1432 Apion.
546 1358 572 1430 l,
588 1365 624 1424 αα
637 1376 644 1414 :
659 1353 713 1414 Καὶ
725 1353 774 1432 γδρ
789 1357 867 1414 ἐθνῶν
879 1377 943 1419 τινες
988 1366 1019 1408 αι
1034 1355 1201 1426 interficiens
1222 1356 1370 1408 draconem
1386 1355 1478 1407 laudis
1490 1366 1519 1407 et
1531 1361 1673 1410 raemoriae
1686 1374 1773 1410 causa

162 1443 273 1502 καὶτῶν
293 1441 464 1509 ἐνδοξοτάτων
479 1443 580 1500 πολεων
599 1440 730 1521 ῥυπαίνειν
749 1439 797 1512 τὴν
812 1439 942 1518 εὐγένειαν
989 1443 1137 1497 videretur.
1148 1442 1359 1516 Itaquelilrodii
1367 1445 1601 1514 quotiescunquea
1616 1443 1696 1498 litore
1711 1447 1771 1498 lon·

163 1531 208 1588 καί
225 1529 272 1597 τδς
292 1529 423 1594 πολιτείοις
442 1528 614 1608 ἐπεχείρησαν
632 1529 771 1608 λοιδορεῖν,
786 1529 943 1602 Θεόπομπος
987 1532 1335 1603 giurpmducuntchrsses,
1343 1534 1424 1602 prius
1436 1529 1773 1601 sacrficantPlrorbantis

164 1618 212 1690 μὲν
226 1617 273 1688 τ-λν
293 1617 443 1688 Ἀθηναίων,
457 1615 514 1686 τὴν
532 1617 566 1674 δὲ
589 1615 861 1691 Λακεδαιμονίων
878 1618 941 1675 Πο·
987 1619 1130 1683 adventui,
1154 1619 1218 1671 talis
1238 1629 1269 1671 ut
1285 1618 1342 1671 illis
1359 1628 1469 1670 eventus
1490 1622 1645 1689 inopinatae
1663 1623 1773 1673 uirtutis

162 1704 350 1784 λυκράτης,
364 1708 378 1762 ὁ
390 1703 416 1762 δὲ
432 1703 474 1762 τὸν
488 1702 671 1783 Τριπολιτικδν
686 1704 820 1782 γράψας...
836 1700 882 1760 καλ
893 1701 941 1773 τὴν
988 1705 1111 1770 accidat,
1131 1707 1224 1777 qualis
1244 1708 1361 1758 inscium
1380 1703 1544 1759 Phorbanta
1553 1701 1663 1773 futurae
1680 1707 1773 1760 Ιααιίἰι

164 1791 293 1861 Θηύαίων
320 1791 396 1848 πόλιν
426 1790 538 1851 διέόαλε.
570 1795 623 1848 Hic
652 1794 755 1866 procul
782 1791 872 1847 dubio
902 1802 943 1848 est
988 1792 1131 1845 adsidere
1141 1795 1243 1862 glorioe
1250 1794 1369 1864 pertulit
1382 1809 1472 1854 casus..

162 1883 325 1953 Polycrates
337 1881 513 1936 Atheniensis
527 1880 632 1949 rhetor,
642 1881 774 1934 Isocratis
784 1881 899 1951 aequalis
913 1890 941 1935 et
1028 1877 1166 1953 Hiscilla]
1193 1880 1243 1934 alii
1261 1877 1329 1934 libri
1350 1880 1466 1949 Hiocla,
1490 1879 1611 1951 Hyoclu,
1639 1881 1771 1951 Hiscela,

161 1967 348 2035 adversarius,
360 1966 395 2022 de
407 1986 465 2040 quo
478 1966 782 2023 adiWestermannum
796 1967 826 2020 in
839 1967 939 2022 Gesclt.
987 1965 1133 2022 Hisclrela.
1155 1966 1284 2037 Ischylla
1304 1966 1494 2039 probabiliter
1513 1966 1693 2022 scribendum
1713 1986 1772 2024 esse

160 2059 188 2114 d.
200 2076 242 2132 gr.
257 2057 368 2112 Berectr.
382 2053 428 2126 50,
447 2073 492 2110 aa.
509 2053 556 2125 68,
570 2053 617 2110 25.
987 2063 1080 2108 censet
1100 2054 1330 2108 Schneidewinus
1348 2054 1386 2109 ad
1403 2054 1548 2110 Heraclid.
1567 2060 1634 2122 rot,
1650 2055 1768 2112 laudato

986 2136 1256 2216 ιιοπιίιισἼσχυλλος,
1265 2140 1345 2212 quod
1354 2141 1481 2194 occurrit
1492 2142 1522 2194 in
1533 2142 1667 2216 Inscript.
1680 2144 1768 2215 (Keil.

987 2228 1077 2282 Anall.
1088 2247 1117 2300 p.
1131 2222 1211 2301 170).
1221 2231 1277 2302 Ap.
1287 2227 1407 2284 Diodor.
1416 2230 1448 2297 V,
1464 2225 1500 2282 58
1509 2227 1635 2283 Phorbas
1645 2231 1771 2304 Lapithae

987 2323 1015 2367 et
1026 2313 1186 2368 Orsinornes
1197 2313 1231 2386 t.,
1240 2313 1319 2384 jussu
1330 2314 1469 2386 Apollinis
1479 2331 1495 2368 a
1511 2313 1631 2368 Rhodiis
1641 2333 1675 2370 ex
1686 2318 1771 2371 Thes·

200 2383 459 2439 POLYGNOSTUS
484 2383 543 2438 Sive
566 2381 823 2450 POLYGNOTUS,
848 2381 942 2454 ⁰P‘sls
986 2401 1053 2455 salia
1066 2402 1225 2455 arcessitur.
1248 2399 1291 2458 cf.
1314 2400 1427 2457 Miiller.
1449 2401 1527 2458 lilio.
1548 2419 1580 2474 p.
1600 2399 1666 2474 195.
1686 2404 1771 2460 Plura

159 2475 203 2527 De
223 2471 325 2545 Cyzico
345 2482 454 2539 auctor,
472 2471 603 2525 laudatur
625 2468 702 2543 apud
720 2467 815 2523 Schol.
844 2469 939 2542 Apoll.
987 2486 1067 2542 dabit
1080 2486 1199 2542 Hesper,
1215 2488 1244 2540 in
1259 2487 1334 2541 pbro
1349 2488 1391 2541 De
1404 2486 1521 2545 31,on

159 2558 255 2616 Rhod.
266 2561 291 2627 1,
305 2555 373 2631 995.
383 2556 454 2612 Vide
463 2556 583 2612 Deiochi
592 2555 626 2611 ir.
644 2553 673 2624 5,
686 2565 705 2610 t.
719 2557 757 2625 11,
767 2573 795 2629 p.
816 2553 862 2610 ιδ.
1364 2600 1392 2636 2·

1026 2697 1174 2752 Athenaeus
1188 2697 1267 2762 Vlll,
1282 2716 1311 2770 p.
1334 2697 1390 2751 360
1412 2715 1455 2770 sq.
1476 2714 1483 2754 ε
1505 2699 1548 2753 De
1571 2699 1727 2754 Phalantho
1743 2713 1771 2756 et

987 2783 1098 2856 Iphiclo
1121 2784 1266 2860 namatio,
1288 2802 1372 2856 quam
1391 2803 1416 2839 v.
1438 2785 1467 2838 in
1490 2783 1664 2858 fragmentis.
1680 2789 1770 2862 Ergiae

986 2869 1102 2925 Rhodii.

469 2249 624 2274 “UOD—-

469 2771 626 2796 —aeuooe

252 2923 566 3012 POLYZELUS
595 2924 844 3012 RHODIUS.
1366 2972 1392 3027 3,

200 3105 243 3158 De
263 3102 393 3175 Polyzclo
410 3099 525 3156 Rhodio
549 3103 670 3174 antiquae
691 3100 837 3157 comoediae
856 3113 942 3176 poeta

160 3211 190 3244 v.
218 3189 341 3246 hleinels.
369 3189 441 3244 ilisa.
469 3190 533 3243 crit.
561 3187 642 3246 Com.
678 3207 708 3263 p.
739 3189 807 3247 alia.
834 3191 942 3244 Distin-

160 3277 288 3352 guendus
300 3277 335 3331 ab
350 3295 384 3330 eo
396 3287 437 3330 cst
448 3275 660 3330 Rhodiacorum
674 3277 807 3350 scriptor.
823 3279 866 3332 De
879 3275 943 3332 Po-

160 3365 250 3437 lyzelo
263 3363 400 3420 Messenio
414 3362 536 3418 diximus
550 3373 616 3417 torn.
629 3364 668 3431 ll,
681 3383 710 3438 p.
723 3382 766 3421 ra.
781 3365 942 3435 Polyzclum

160 3453 256 3508 nescio
269 3469 353 3524 quern
365 3451 391 3506 ἐν
405 3450 443 3528 τῷ
454 3447 520 3526 Περί
533 3447 692 3526 εἱμαρμένης
704 3449 802 3507 Ιοιιιλαῑ
817 3453 941 3507 Alexan-

161 3542 213 3594 der
222 3538 373 3614 aphrodis.
385 3538 415 3592 in
423 3539 540 3593 Aristot.
553 3541 595 3593 De
606 3555 650 3593 an.
663 3558 694 3612 p.
708 3539 760 3594 162
774 3539 804 3596 b.
815 3541 942 3595 Fortasse

160 3627 358 3700 intelligendus
374 3624 522 3698 Polyzelus
535 3624 684 3698 Cyrenaeus
702 3623 884 3700 ὁάγέλαοτος,
906 3628 942 3683 de

160 3734 219 3790 quo
235 3716 353 3774 Ptolem.
369 3713 510 3787 Hephaest.
526 3714 577 3768 lib.
594 3715 653 3782 111,
668 3732 698 3786 p.
714 3713 766 3783 187
785 3713 830 3771 cd.
848 3717 938 3774 West.

426 3862 518 3921 nari
539 3845 672 3921 rotor.

538 4023 563 4062 1.

199 4120 302 4188 Hygia.
310 4115 393 4173 Poet.
401 4121 514 4176 Astron.
527 4120 564 4192 11,
577 4127 627 4185 rt:
641 4120 808 4194 Ophiuchus.
825 4121 946 4192 Polyze-

162 4207 203 4259 lns
213 4217 304 4260 autent
316 4205 440 4259 Rhodius
451 4203 523 4259 Ιιιιιιο
534 4207 696 4262 Phorbanta
707 4214 815 4263 nomine
826 4210 941 4264 denron-

159 4369 210 4426 tes‚
223 4367 313 4427 iunctis
322 4366 432 4416 curribus
445 4381 556 4431 pompam
568 4370 675 4432 ducunt,
685 4373 844 4434 universaque
858 4371 942 4422 civitas

160 4448 184 4496 in
196 4449 263 4496 motu
272 4447 441 4510 spectandique
450 4450 536 4509 gaudio
546 4449 674 4500 detinetur.
689 4453 810 4501 Permulta
819 4453 882 4502 liunt
894 4452 942 4501 boe

159 4525 199 4574 die
210 4523 339 4584 sacrificio,
355 4527 428 4586 atque
441 4525 524 4574 amicis
535 4529 647 4578 omnibus
660 4530 757 4591 suisque
773 4531 847 4578 servis
860 4529 942 4578 convi-

159 4601 227 4649 vium
240 4599 362 4650 exhihent.
380 4605 462 4663 Neque
475 4603 602 4665 quisquam
615 4607 650 4655 est
668 4607 708 4668 qui
719 4607 893 4657 sacrificiisnon
903 4608 940 4656 in-

159 4679 240 4738 tersit,
251 4677 286 4725 ita
296 4679 323 4725 ut
334 4679 385 4726 tota
396 4679 480 4728 civitas
492 4691 568 4729 vacue
583 4682 640 4743 liet,
652 4683 767 4734 universis
777 4684 807 4733 ad
818 4687 941 4746 spectacu-

160 4755 211 4804 lum
221 4755 310 4805 eiiusis.

442 4822 493 4880 DE
514 4822 656 4884 RHODO.

192 4983 262 5032 itoc'
255 4995 280 5032 ιιι
293 4984 388 5045 negotio
402 4983 515 5036 traditum
534 4915 571 5039 ότι
584 4989 696 5040 accidisse
710 4992 791 5041 soloni
807 5007 857 5042 rem
873 4993 941 5056 tange

1027 3075 1173 3132 Plutarch.
1187 3075 1283 3130 Solon.
1296 3093 1321 3132 c.
1342 3073 1388 3144 15,
1400 3093 1418 3150 9
1433 3093 1441 3132 ι
1458 3074 1575 3152 Πρᾶγμα
1587 3075 1609 3133 δ’
1621 3078 1693 3158 αὐτῷ
1706 3100 1771 3154 συμ·

987 3158 1766 3242 πεσεῖνλέγεταιπάντωνἀνιαρότατονάπδήςσεισαχθιίοις.

988 3246 1037 3312 Ὦς
1047 3247 1097 3326 γδιρ
1107 3245 1229 3326 ὥρμησεν
1242 3246 1340 3306 ἀνιέναι
1350 3245 1383 3306 rh
1395 3247 1461 3327 χρέα
1471 3247 1516 3306 καί
1527 3248 1617 3324 λόγους
1629 3251 1770 3329 ἁρμόττον-

987 3357 1034 3399 τας
1043 3334 1126 3404 ἐζήτει
1136 3333 1181 3392 καλ
1192 3334 1343 3414 πρέπουσαν
1354 3333 1447 3413 ἀρχὴν,
1459 3334 1616 3394 ἐκοινώσατο
1625 3341 1677 3394 τῶν
1688 3337 1768 3418 φίλων

987 3411 1024 3487 οἷς
1048 3421 1163 3496 μάλιστα
1185 3423 1313 3480 πιστεύων
1337 3421 1382 3480 καί
1405 3422 1537 3500 χρώμενος
1558 3424 1695 3502 ἐτύγχανε,
1716 3430 1770 3492 τοῖς

987 3509 1046 3588 περὶ
1061 3509 1169 3568 Κόνωνα
1181 3507 1226 3566 καί
1241 3507 1361 3569 Κλεινίαν
1371 3509 1417 3567 καί
1430 3509 1592 3570 Ἱππόνικον·
1607 3512 1647 3570 ότι
1661 3517 1709 3590 γῆν
1720 3512 1768 3591 μὲν

987 3599 1015 3654 ού
1031 3597 1119 3671 μέλλει
1134 3601 1211 3654 κινεῖν
1214 3601 1319 3676 ,χρεῶν
1336 3595 1362 3655 δέ
1382 3600 1465 3656 ποιεῖν
1487 3599 1624 3666 άποκοπδις
1644 3599 1768 3677 ἔγνωκεν.

988 3686 1022 3741 Ol
1037 3682 1064 3741 δὲ
1080 3707 1098 3740 π
1101 3683 1301 3763 ρολαύόντες’
1277 3689 1319 3743 ευθ
1321 3709 1349 3752 υς
1307 3685 1414 3743 θιιαλ
1436 3685 1579 3764 φθάσαντες
1605 3687 1769 3746 ἐδανείσαντο

988 3793 1081 3849 ουχνον
1091 3770 1211 3850 ἀργύριον
1224 3769 1296 3862 παρὰ
1310 3775 1361 3829 τῶν
1375 3773 1508 3832 πλουσίων
1522 3774 1566 3832 κοιλ
1578 3773 1694 3852 μεγάλας
1706 3798 1769 3833 συν-

987 3856 1136 3927 εωνιίσαντο
1149 3856 1250 3936 χώρας·
1266 3863 1322 3916 etro
1337 3881 1382 3916 του
1401 3859 1531 3935 δόγματος
1546 3858 1718 3937 ἐξενεχθέντος
1734 3861 1769 3920 τὰ

987 3940 1034 4018 μὲν
1048 3943 1170 4019 κτήματα
1183 3943 1371 4023 καρπούμενοι,
1383 3943 1415 4001 rh
1431 3945 1511 4022 δδρ
1477 3969 1496 4052 χ
1498 3945 1603 4022 ριίματα
1615 3950 1667 4014 τοῖς
1679 3948 1769 4006 δανεί-

987 4053 1063 4089 σασιν
1077 4033 1123 4090 οὐκ
1136 4032 1314 4102 ἀποδιδόντες,
1327 4034 1362 4098 εἰς
1374 4030 1496 4090 αἰτίαν
1472 4055 1515 4091 τον
1527 4031 1636 4094 Σόλωνα
1648 4035 1767 4112 μεγάλην

986 4119 1031 4177 καί
1042 4117 1175 4191 διαόολιλν,
1189 4118 1278 4199 ὥσπερ
1289 4121 1319 4179 ού
1333 4117 1560 4196 συναδικούμενον,
1580 4121 1648 4179 ἀλλὰ
1663 4123 1768 4180 συναδι-

986 4211 1081 4266 κοῦντα
1096 4205 1270 4278 κατέστησαν.
1296 4205 1375 4265 'Alli
1395 4213 1471 4266 τοῦτο
1490 4209 1536 4283 μὲν
1551 4208 1623 4277 εὐθύς
1641 4209 1719 4280 ἐλύθη
1737 4213 1769 4270 τδ

985 4372 1079 4420 initiam
1096 4372 1304 4434 circumspiceret,
1324 4373 1406 4422 amieis
1428 4373 1492 4432 suis,
1509 4374 1597 4435 quibus
1616 4377 1641 4424 et
1663 4377 1769 4426 maxime

987 4447 1074 4498 fidebat
1089 4451 1114 4498 et
1126 4461 1278 4510 summopere
1289 4449 1414 4508 utebatur,
1426 4451 1517 4499 cononi
1524 4486 1531 4510 ,
1545 4451 1628 4500 ctiniae
1641 4454 1665 4501 et
1676 4453 1767 4514 Hippo-

987 4527 1040 4575 nico
1058 4526 1187 4588 indicavit,
1198 4541 1266 4590 agros
1275 4540 1300 4577 se
1312 4527 1412 4577 intactos
1426 4529 1581 4590 relicturum,
1599 4543 1674 4580 novas
1686 4533 1767 4580 autem

985 4605 1079 4655 tabulas
1089 4607 1217 4656 iacturum.
1231 4607 1291 4656 Huic
1301 4608 1333 4656 rei
1341 4611 1515 4658 antevertentes
1525 4609 1557 4658 iiii
1569 4621 1653 4671 magna
1660 4610 1767 4670 pecuniae

985 4683 1035 4732 vla
1051 4683 1166 4733 divitibus
1183 4687 1269 4734 mutuo
1290 4689 1400 4748 surripio,
1420 4687 1510 4735 multos
1524 4700 1592 4748 agros
1608 4689 1765 4736 coemerunt:

986 4763 1039 4822 post
1050 4760 1146 4809 decreto
1155 4759 1289 4822 publicato,
1301 4775 1375 4825 quum
1386 4762 1428 4824 ipsi
1442 4764 1533 4812 iriictus
1543 4777 1574 4811 ex
1589 4765 1651 4824 agris
1659 4763 1766 4825 percipe·

986 4841 1053 4902 rent,
1065 4839 1220 4888 creditoribus
1234 4843 1316 4888 autem
1332 4841 1440 4889 debiturn
1459 4855 1505 4889 noo
1523 4839 1662 4901 redderent,
1676 4842 1767 4901 magnis

986 4919 1301 4981 criminibuscalumniisque
1311 4921 1421 4970 solonem
1429 4919 1583 4981 objecerunt,
1595 4923 1707 4979 tanquam
1717 4932 1766 4967 nou

987 4996 1102 5055 iereodre,
1112 4995 1153 5045 sed
1166 4996 1296 5045 iaciendoe'
1291 4997 1383 5057 injurie
1398 4995 1534 5059 particeps'
1528 5008 1577 5058 ipso
1590 4995 1765 5044 inisset.t1anc

161 5060 270 5110 omniurn
282 5058 480 5112 adversissimam.
492 5068 573 5123 Quum
588 5067 651 5115 enim
661 5069 782 5118 statuisset
793 5070 941 5120 resaiienum
985 5075 1066 5122 tamen
1081 5071 1228 5122 infamiam
1221 5087 1271 5135 ipse
1286 5075 1367 5124 statim
1383 5073 1453 5122 diluit
1460 5073 1584 5134 ,quinquo
1601 5070 1697 5120 talentis
1713 5070 1767 5134 (tot

161 5137 284 5186 remittere
295 5150 477 5200 sermonemque
486 5141 507 5190 ei
516 5145 636 5204 proposito
647 5147 729 5206 aptum
740 5147 942 5210 commodumque
985 5151 1050 5200 enim
1062 5150 1083 5199 ei
1097 5149 1263 5234 debebantur)
1276 5149 1408 5200 secundum
1419 5150 1493 5212 legem
1508 5162 1556 5198 ase
1568 5149 1644 5211 primo
1657 5147 1765 5197 omnium

268 5231 516 5274 raaoumrrnnron.
531 5239 611 5274 cn.-
588 5241 675 5276 -ron
693 5241 724 5277 ιι.
1661 5240 1683 5282 ³¹
