3842 5726
826 307 1076 371 FRAGMENTA.
1694 333 1731 384 se

155 455 179 494 1.
202 433 272 494 Ὅτι
286 432 354 511 μετδ
375 433 487 493 θύνατον
510 433 672 515 Στιλίχωνος
685 437 829 517 ἀναιρεῖται
844 440 905 496 ἕνα·
953 439 1074 500 σόεύεται
1088 441 1380 522 πρθςὈνιύριον,οῖκων
1396 444 1442 522 μέν
1457 446 1502 504 καλ
1517 447 1567 506 ύπδ
1581 451 1632 507 τῶν
1647 473 1731 530 στρα·

114 525 278 600 πσπντγεῖσα
299 521 346 582 καί
363 525 467 602 Σερῆνα
492 527 509 593 ἡ
532 523 623 583 τούτου
637 525 718 602 γυνὴ,
735 527 806 584 αἰτία
829 549 905 602 νομι·
952 531 1052 586 τιωτῶν
1075 531 1190 606 βιασθεὶς
1204 531 1410 609 ἀπολογούμενος
1424 533 1516 611 ἄρξαι,
1531 537 1688 614 συγγνώμην
1703 537 1731 596 δέ

114 615 209 667 αθτῖσα
226 613 276 680 τῆς
290 609 334 668 ἐπὶ
350 608 460 686 Ῥώμην
475 611 567 690 ἐφόδου
582 611 731 691 Ἀλαρίχου.
752 613 906 694 Ἀναιρεῖται
952 617 1041 688 αἰτῶν,
1056 615 1102 674 καὶ
1117 616 1164 688 τὴν
1186 622 1232 688 τῆς
1258 621 1391 697 βασιλείας
1415 620 1493 689 ἀξιῶν
1514 625 1659 682 κοινωνίαν.
1678 626 1732 687 Καὶ

114 695 142 752 ti
153 694 286 774 πρότερον
298 694 368 772 μετθ
378 697 426 768 τὴν
445 699 576 780 ἀναίρεσιν
596 699 759 780 Στελίχωνος
777 704 791 759 θ
809 701 906 774 ταύτης
952 703 1073 780 βασιλεὺς
1088 705 1130 762 διδ
1142 704 1175 763 τθι
1189 705 1345 777 ἐνεστηκότα
1358 709 1472 787 deo-Lepi
1483 709 1548 776 τέως
1557 713 1732 791 καταδέχεται

113 782 239 841 ἐκείνου
252 783 315 848 παῖς
327 787 341 842 ὁ
353 784 490 864 Εύχέριος.
950 789 997 860 τὴν
1011 795 1057 861 τῆς
1073 793 1207 871 βασιλείας
1226 794 1373 866 κοινωνίαν,
1387 795 1456 855 κατὰ
1475 795 1521 864 τὰς
1535 799 1690 878 Βρεττανίας
1705 786 1732 859 δέ

154 889 177 930 7.
200 868 271 931 Ὀτι
293 871 324 929 τό
348 873 539 950 Βουκελλοίριος
561 872 643 950 ὄνομα
666 877 693 934 έν
712 883 769 942 ταῖς
797 874 906 954 ἡμέραις
949 881 1177 947 θίίοινσταντῖνος
1188 881 1329 959 ἐτύγχανεν
1345 883 1666 962 ἅνηγορευμένος,στοίσει
1679 891 1732 946 τῶν

114 955 250 1037 Ὁνωρίου
275 959 382 1038 ε’ρέρετο
405 960 475 1018 κατὰ
491 965 658 1040 στρατιωτῶν
680 964 710 1021 οὐ
727 962 813 1040 μόνων
834 964 904 1023 Ῥω·
949 967 1033 1024 ἐκεῖσε
1049 972 1214 1045 στρατιωτῶν
1230 971 1265 1036 είς
1282 969 1380 1042 ταύτην
1398 972 1542 1048 ἀνηγμένας
1564 971 1611 1043 τὴν
1634 974 1729 1054 ἀρχήν·

115 1045 215 1122 μαίων,
232 1048 305 1104 ἀλλὰ
326 1047 372 1105 καὶ
392 1048 496 1108 Γότθων
515 1051 601 1107 τινῶν·
615 1051 652 1115 ὡς
672 1049 695 1108 δ’
710 1049 793 1116 αύτως
814 1051 859 1108 καί
875 1051 905 1111 τὸ
948 1052 993 1111 καί
1006 1052 1057 1132 γὰρ
1071 1056 1098 1111 ἐν
1111 1054 1218 1121 ταύταις
1229 1063 1285 1121 ταῖς
1300 1057 1484 1136 Βρεττανίαις,
1500 1057 1589 1137 πρίνῆ
1605 1059 1731 1138 Ὀνείρων

115 1133 279 1212 ροιθεριέτων
292 1133 362 1194 κατθ
373 1135 497 1217 διαρόρου
507 1136 552 1195 καὶ
564 1143 711 1214 συμμιγοῦς
722 1137 827 1219 ἐφέρετο
836 1138 903 1211 πλή-
948 1140 978 1200 τὸ
994 1140 1104 1218 ἕόδομον
1124 1145 1284 1215 ὑπατεῦσαι,
1297 1147 1333 1210 εἷς
1346 1145 1440 1203 στοίσιν
1460 1151 1579 1224 ὁρμῆσαν
1593 1147 1622 1206 rt
1641 1150 1668 1206 έν
1683 1150 1731 1205 αὗ-

115 1227 183 1288 θοος.
948 1237 1005 1294 ταῖς
1021 1229 1215 1309 στρατιωτικόν,
1227 1231 1336 1310 Μάρκον
1351 1231 1409 1290 τινὰ
1422 1234 1527 1293 ἀνεῖπον
1539 1235 1729 1314 αὐτοκράτορα.

152 1331 176 1369 n
199 1307 268 1370 Ὀτι
283 1309 431 1386 Ὀλύμπιος
442 1313 456 1368 ό
466 1311 655 1379 ἐπιόουλεύσας
673 1313 826 1393 Στελέχωνα
849 1313 903 1391 μοί-
948 1317 973 1376 Τ
974 1321 1002 1374 οῦ
1017 1314 1044 1375 di
1059 1320 1102 1374 ὑπ’
1115 1319 1200 1376 αὐτῶν
1212 1319 1407 1398 ἀναιρεθέντος,
1422 1323 1444 1380 Γ
1446 1322 1566 1399 ρατιανθς
1584 1324 1671 1389 αὐτοῖς
1686 1327 1732 1379 ἀν-

113 1420 218 1475 γιστρος
231 1401 286 1456 τῶν
299 1398 426 1478 όρρικίων
438 1399 551 1477 γέγονεν·
563 1391 619 1458 εἶτα
634 1401 738 1468 ἐξέπεσε
750 1406 797 1472 τῆς
810 1404 903 1480 ἀρχῆς.
948 1403 1139 1463 τικαθίσταται.
1150 1403 1228 1464 Ἐπεὶ
1238 1405 1265 1464 δὲ
1275 1405 1320 1464 καὶ
1329 1398 1402 1473 οὗτος
1414 1409 1450 1474 είς
1461 1407 1632 1488 τετρόμηνον,
1643 1411 1731 1474 αὐτοῖς

116 1476 183 1544 Εἶτα
205 1487 290 1543 πάλιν
309 1485 394 1556 ἔπέόη
417 1485 526 1558 ταύτης.
543 1484 657 1548 Ἔπειτα
680 1487 809 1556 ἐξέπεσεν.
835 1480 903 1550 Εἶτα
949 1489 1097 1569 προοκορὴς
1111 1490 1236 1569 γεγονὼς,
1250 1493 1617 1574 ἅπεσφύγη,Κωνσταντῖνσς
1628 1495 1686 1555 τότε
1696 1499 1731 1561 εἰς

114 1571 245 1643 ίιιπεσύνν,
259 1573 386 1653 βοπιίλοις
400 1572 506 1652 ὕστερον
521 1575 571 1634 ὑπὸ
587 1577 786 1650 Κωνσταντίου,
799 1577 826 1644 ός
839 1578 904 1655 ἠγοί·
947 1577 1033 1636 τὸτοῦ
1048 1579 1234 1658 αὐτοκράτορος
1251 1581 1438 1650 θναόεόύζεται
1452 1583 1543 1660 όνσμα.
1561 1575 1645 1650 oin<
1660 1584 1730 1645 Ἰου-

115 1683 176 1734 γετο
200 1660 366 1736 Πλακιδίαν,
395 1661 537 1736 παιόμενος
562 1663 722 1741 ἀναιρεῖται,
747 1667 794 1732 τὰς
824 1665 904 1734 ἀκοὰς
948 1665 1035 1724 στῖνον
1049 1665 1095 1723 καλ
1108 1665 1291 1743 Νεούιγοίστην
1306 1669 1467 1747 στρατηγοὺς
1479 1670 1675 1749 προόαλόμενσς
1685 1672 1730 1730 καὶ

116 1748 241 1828 πρότερον
251 1748 383 1814 ἰταοπείς.
395 1749 596 1822 naiteinins
607 1751 773 1833 ἀνοσιουργθν
784 1755 819 1820 είς
830 1753 904 1821 τέλος
948 1750 994 1819 τὰς
1007 1753 1166 1833 Βρεττανίας
1180 1752 1273 1829 ἐάσας,
1288 1760 1443 1834 περαιοῦται
1458 1755 1514 1833 ἅμα
1530 1761 1581 1815 τῶν
1596 1761 1674 1816 αὐτοῦ
1687 1759 1730 1816 ἐπὶ

116 1839 163 1894 α’νκ
176 1839 280 1916 ἀφῆκεν
295 1836 472 1915 ἀτιμώρητον.
949 1839 1092 1913 Βονωνίαν,
1101 1840 1178 1898 πόλιν
1191 1839 1259 1899 οὕτω
1272 1843 1446 1919 καλουμένην,
1457 1843 1676 1922 παραθαλασσίαν
1686 1846 1731 1902 καὶ

152 1945 175 1984 ν.
197 1922 267 1984 Ὀτι
288 1927 341 1982 τῶν
363 1924 432 1999 μετὰ
453 1923 622 2003 Ῥοδογσίῖσον
643 1927 665 1986 Γ
665 1925 746 1986 ότθων
772 1931 796 1990 οἱ
820 1951 903 2008 κτρα·
948 1927 1056 2006 πρώτην
1079 1929 1105 1986 ἐν
1120 1931 1173 1994 τοῖς
1186 1933 1238 1986 τῶν
1264 1930 1384 1988 Γαλλιῶν
1398 1927 1475 2007 ὁρίοις
1489 1931 1622 2005 κειμένην.
1646 1926 1730 1990 Ἔνθα

117 2012 228 2068 tandm
242 2009 388 2086 δπτίματοι
402 2013 558 2085 ἐκαλοῦντο,
572 2017 607 2080 είς
621 2013 721 2074 δώδεκα
732 2017 903 2084 συντείνοντες
948 2016 1098 2094 διατρίψας,
1120 2017 1165 2074 καὶ
1180 2014 1239 2073 ὅλον
1253 2015 1296 2074 τὸν
1311 2016 1413 2076 Γοίλλον
1427 2017 1473 2074 καθ
1488 2016 1625 2077 Ἀκύτανον
1649 2041 1729 2098 στρα-

116 2097 251 2177 γιλιύδας,
266 2097 310 2165 οθς
330 2099 554 2176 καταπολεμήσας
577 2101 712 2182 Στελίχων
734 2102 902 2181 Ῥοδογσίῖσον
946 2103 1042 2174 ταύτην
1065 2101 1309 2180 ἰδιοποιησσίμενος,
1336 2107 1428 2183 κρατεῖ
1450 2103 1555 2162 πόντων
1571 2109 1625 2164 τῶν
1643 2109 1730 2185 μερῶν

117 2185 353 2266 προσηταιρίσατσ.
947 2194 993 2260 τῆς
1005 2189 1139 2258 Γαλατίας
1153 2191 1231 2270 μέχρι
1245 2193 1297 2248 τῶν
1307 2189 1426 2251 Ἄλπεων
1440 2195 1492 2249 τῶν
1505 2191 1601 2268 μεταξύ
1615 2193 1730 2260 Ἰταλίας

153 2295 188 2334 iu.
210 2273 280 2336 Ὀτι
292 2273 433 2353 Ἀλαρίχου
447 2274 516 2356 νόσῳ
538 2277 758 2352 τελευτήσαντος,
782 2277 902 2358 διάδοχος
946 2277 1032 2337 τεκαὶ
1046 2278 1188 2345 Γαλατίας.
1202 2269 1285 2345 Οὗτος
1298 2279 1343 2336 δύο
1362 2279 1459 2345 παῖδας
1473 2279 1553 2359 ἔσχε,
1567 2279 1729 2339 Κόινσταντα

117 2364 192 2420 αύτοῦ
205 2363 366 2441 Ἀδάουλρος
380 2364 538 2422 καθίσταται
551 2367 565 2422 θ
578 2369 624 2435 τῆς
641 2365 764 2445 γυναικὸς
780 2367 900 2446 ἀδελφός.
947 2365 992 2424 καὶ
1006 2365 1159 2426 Ἰουλιανόν·
1180 2355 1217 2424 ὧν
1232 2366 1275 2426 τὸν
1290 2363 1337 2442 μὲν
1354 2366 1516 2424 Κύνοταντα
1538 2367 1653 2446 καίσαρα
1672 2390 1729 2445 χει-

155 2471 189 2512 tt.
214 2449 283 2512 'Ort
296 2451 341 2508 τὸν
352 2449 429 2530 ξηρὸν
440 2453 516 2530 ἄρτον
529 2453 702 2530 βουκίλλατυν
715 2459 728 2513 θ
740 2453 902 2534 συγγραφεύς
948 2461 1059 2530 ροτονεῖ,
1072 2443 1128 2512 εἶτα
1142 2452 1247 2534 ὕστερον
1263 2454 1332 2511 κατὰ
1346 2452 1392 2521 τδς
1407 2451 1487 2521 αύτθς
1507 2453 1608 2535 ἡμέρας
1621 2455 1666 2514 καὶ
1686 2454 1729 2513 τὸν

117 2539 252 2598 καλεῖσθαί
274 2559 355 2619 φησι·
378 2539 425 2597 καθ
447 2540 568 2619 χλευάζει
589 2541 709 2612 τὴντῶν
733 2545 900 2621 στρατιωτῶν
946 2541 1087 2601 Ἰουλιανόν
1102 2542 1302 2617 νωόελίσσιμον.

117 2627 278 2705 ἐπωνυμίαν,
309 2629 346 2694 ὡς
381 2629 411 2685 ἐκ
441 2627 534 2688 τούτου
563 2629 762 2710 Βουκελλαρίων
787 2631 900 2702 έπικλη-
987 2647 1022 2688 tt.
1045 2627 1109 2690 'Ore
1123 2624 1247 2696 Ἄτταλος
1269 2627 1427 2708 βασιλεύσας
1449 2627 1518 2687 κατθι
1544 2627 1670 2709 Ὁνωρίου
1686 2629 1730 2688 ἐπὶ

116 2716 215 2776 θέναιιν.
947 2713 1091 2776 Ῥοίόενναν
1114 2717 1330 2795 ἐκστρατεύεται,
1344 2717 1390 2774 καὶ
1411 2716 1545 2793 πέμπεται
1564 2714 1628 2796 πρὸς
1642 2717 1730 2788 αὐτὸν,

152 2823 189 2862 tt.
209 2803 278 2864 'on
303 2803 503 2870 Κωνσταντῖνος
518 2805 555 2870 εἰς
575 2802 714 2883 τυραννίδα
729 2803 814 2884 ἀρθείς
831 2826 899 2883 πρε·
948 2807 983 2865 ὡς
1004 2807 1033 2862 ἐκ
1057 2803 1183 2883 βασιλέως
1208 2803 1336 2885 Ὁνωρίου
1362 2803 1425 2885 πρὸς
1455 2805 1578 2884 βασιλέα,
1605 2803 1732 2871 Ἰοόιανθς

117 2999 196 3046 erdem
208 2997 362 3047 centenarios
373 2997 530 3060 qusdngtntu
542 2999 661 3060 eeoepisse
676 2996 726 3059 (ns.
739 3000 800 3048 Zet.
814 3004 841 3059 5,
854 3003 898 3060 to,
977 3006 1014 3048 12.
1035 3000 1206 3049 constantinus
1226 2999 1257 3048 ed
1278 3000 1405 3062 imperium
1419 2999 1542 3061 tyrannice
1559 2999 1683 3058 subtutus,
1696 2998 1727 3048 ed

116 3081 195 3136 εςεθ,
211 3078 271 3136 11).
944 3076 1077 3126 Honorinm
1102 3076 1193 3139 legatos
1218 3075 1293 3125 mittit
1317 3079 1471 3137 excusantes,
1499 3076 1602 3126 invitum
1622 3090 1648 3126 se
1669 3078 1694 3125 et
1716 3089 1730 3124 u

144 3153 390 3204 t.t‘oststeliebonis
401 3152 525 3202 interitum
538 3151 899 3214 suiiomtnmperiisseetsere·
944 3156 1061 3204 militibus
1081 3159 1192 3204 sonetum
1216 3154 1343 3216 imperium
1361 3155 1499 3216 suscepisse.
1531 3155 1631 3203 venium
1659 3155 1729 3216 igitur

116 3231 250 3292 montius
269 3230 489 3292 conjugemquod
510 3229 612 3278 Atnriebi
630 3229 660 3278 ud
679 3229 763 3278 urbem
780 3229 899 3278 adventus
945 3233 1068 3296 postulare
1084 3233 1272 3294 societatemque
1287 3233 1390 3294 imperii.
1425 3233 1666 3294 imperatorpropter
1684 3231 1729 3280 inr-

118 3321 184 3356 ursa
201 3308 322 3357 exstitisse
339 3310 474 3368 putaretur,
493 3310 517 3355 et
533 3307 685 3356 interiectum
702 3319 752 3355 esse
763 3309 849 3366 antea,
862 3309 897 3354 in·
945 3309 1074 3374 pendentes
1090 3310 1212 3359 molestias
1220 3311 1336 3370 tantisper
1346 3308 1452 3370 suscepit
1464 3309 1488 3358 in
1501 3309 1649 3358 societatem.
1662 3310 1729 3357 con·

120 3389 231 3448 tmmpto
244 3386 294 3445 γεω
308 3383 457 3446 Steiiebone,
473 3383 550 3433 silium
567 3383 619 3445 ejus
636 3397 667 3432 ex
686 3386 787 3446 Serene,
805 3383 899 3433 nuche-
944 3387 1064 3437 stnntinus
1075 3387 1116 3436 hie
1128 3388 1153 3436 in
1169 3386 1292 3436 Britannia
1305 3385 1456 3434 renuntiatus
1474 3385 1564 3446 tuerat,
1578 3385 1674 3434 militari
1689 3387 1729 3432 tn·

122 3465 177 3512 ΓΜ
190 3465 198 3522 ί
210 3461 246 3523 Cs-
258 3465 318 3511 2⁰³1
332 3469 356 3522 5,
368 3467 397 3511 ³⁸
405 3463 423 3523 λ·
945 3467 1023 3515 multu
1031 3465 1060 3514 ed
1071 3465 1198 3528 imperium
1206 3463 1313 3512 adactus.
1347 3461 1441 3512 Etenim
1449 3461 1610 3511 nntettonorii
1620 3461 1729 3511 consutu-

148 3543 170 3588 t.
184 3538 311 3589 Buedtmii
324 3538 470 3586 vocabulum
482 3538 582 3587 Honorii
590 3537 741 3599 imperatoris
750 3537 900 3600 temporibus
944 3547 996 3593 tum
1006 3544 1134 3604 septimum
1146 3541 1211 3604 (toi)
1229 3540 1253 3590 in
1272 3539 1413 3590 seditionem
1433 3538 1481 3588 illio
1501 3551 1583 3588 versus
1594 3537 1729 3599 eneroitus,

122 3619 231 3668 ffibtssttflt
243 3617 370 3678 militibus·
378 3631 426 3666 ¹¹0⁰
439 3617 553 3667 R⁰m³¹¹5⁸
564 3618 653 3678 110111ῐῦ,
663 3615 704 3666 ⁵⁰¹¹
714 3620 739 3666 (θ
748 3617 833 3666 θθῑθίθ
843 3616 898 3678 tui·
946 3628 1054 3675 Murcum
1064 3622 1183 3686 quendum
1196 3621 1364 3683 imperatorem
1377 3621 1471 3668 crearat
1486 3638 1492 3668 :
1506 3631 1554 3680 qim
1563 3618 1593 3666 eb
1603 3618 1659 3680 ipsis
1671 3619 1728 3666 sub·

122 3699 222 3748 budam
255 3699 348 3750 Eodem
358 3700 462 3749 modoet
475 3697 644 3746 ioederatorum
655 3711 743 3746 nomen
754 3697 899 3748 attributum
946 3703 1011 3761 teto,
1029 3700 1159 3750 Gratianus
1176 3698 1291 3748 suffectus
1306 3699 1350 3747 est.
1385 3697 1430 3746 iiie
1443 3696 1483 3745 ubi
1496 3709 1589 3746 menses
1601 3697 1728 3758 quattuor,

122 3775 242 3825 bwndnn
254 3781 304 3826 ete
316 3773 539 3825 divertisconssiiae
552 3775 711 3824 multitudini.
945 3779 992 3828 titis
1007 3779 1057 3840 inm
1082 3777 1176 3826 t'ustidio
1197 3775 1291 3838 ductis,
1312 3773 1459 3836 prefuisset,
1478 3773 1631 3822 interticitnr.
1665 3775 1727 3821 Tum

147 3855 321 3916 botpmpinm
334 3852 613 3914 ilium,quisteiieboni
627 3852 829 3916 insidiatusernt,
844 3853 898 3903 oiss-
945 3857 1116 3906 Cornmntinus
1145 3853 1246 3915 Augusti
1270 3852 1367 3901 nomine
1391 3851 1518 3900 salutetur.
1557 3851 1579 3897 ts
1603 3849 1726 3897 tustinum

119 3931 204 3980 dotum
214 3933 358 3994 mgistrum
369 3931 476 3992 tectum,
489 3943 516 3979 eu
528 3930 582 3991 post
592 3929 707 3992 dignitate
717 3931 842 3987 excidisse.
856 3935 899 3981 De·
946 3933 1155 3994 (imitatorium,
1174 3933 1235 3980 Zos.
1251 3931 1305 3990 6,2)
1318 3932 1343 3978 et
1357 3927 1512 3988 Neovignsten
1525 3925 1726 3988 (Novidunum,

120 4011 170 4058 bine
178 4011 266 4060 iterum
276 4009 396 4070 potitum,
407 4021 503 4056 rursum
514 4008 635 4069 privatum
649 4020 699 4057 esse
709 4027 716 4056 ε
726 4007 824 4056 tandem
835 4009 901 4058 iusti·
946 4011 1021 4072 Zos.)
1032 4009 1171 4059 militarium
1180 4005 1482 4068 eopinrumdueesorenns,
1493 4003 1576 4052 reticio
1590 4002 1727 4068 Britannis,

119 4087 161 4138 but
170 4103 184 4137 α
194 4088 353 4148 Constantio,
365 4087 407 4150 qui
417 4087 546 4137 Pincidienr
561 4099 662 4136 uxorem
672 4086 790 4149 duxerat,
808 4091 899 4138 meote-
946 4103 1001 4138 eum
1011 4088 1060 4138 suis
1076 4086 1182 4149 trajecit,
1194 4085 1309 4146 venitque
1324 4083 1473 4141 Bononiam,
1484 4081 1630 4130 maritimum
1642 4079 1728 4128 urbem

117 4169 166 4214 tum
186 4167 330 4215 minuisse
337 4163 466 4226 ‚quernei
486 4169 542 4214 ante
561 4163 652 4213 oeedem
672 4164 787 4214 aurientes
803 4169 900 4216 roseotoe
945 4168 980 4216 sio
992 4161 1338 4227 dietum,primuminiGeiiiae
1350 4157 1728 4224 tinibuspositumdbimorutus,

117 4245 221 4294 inissem.
254 4247 293 4294 ite
309 4243 410 4306 impium
425 4244 494 4292 ilium
507 4256 556 4293 non
568 4243 714 4305 impunitum
726 4244 820 4294 obiisse.
945 4245 1042 4294 (tatium
1064 4255 1160 4292 ornnem
1178 4242 1204 4288 et
1221 4238 1369 4302 Aquitenum
1391 4237 1492 4286 militem
1513 4235 1557 4286 sibi
1579 4234 1727 4295 uiijungens,

144 4328 166 4372 9.
180 4323 334 4381 Gothorum,
346 4322 388 4384 qni
398 4335 454 4370 oum
465 4321 597 4382 nodogniso
607 4325 675 4370 erent
683 4357 690 4382 ,
701 4320 827 4384 primarios
835 4321 900 4372 viros
945 4321 1012 4371 omni
1027 4322 1063 4371 est
1077 4319 1154 4369 Guliie
1170 4317 1262 4380 potitus
1279 4314 1310 4364 ud
1330 4315 1402 4377 bipes
1419 4327 1511 4376 usque,
1525 4325 1580 4375 quae
1599 4312 1695 4362 ltatium
1713 4323 1729 4360 u

116 4401 247 4462 munnio·
259 4399 392 4461 appettetos
403 4399 450 4459 ait,
462 4397 591 4448 duodecim
604 4399 652 4447 iere
664 4397 767 4446 miiitum
780 4411 898 4459 numero,
945 4400 1023 4450 Gallie
1032 4399 1150 4462 separent.
1162 4395 1224 4444 tinio
1235 4394 1277 4442 titii
1287 4391 1336 4442 duo
1347 4393 1430 4452 erunt,
1443 4393 1561 4441 constans
1572 4390 1596 4439 et
1605 4390 1727 4440 Julianus.

116 4479 256 4542 ηοθνιιισυω
270 4478 449 4539 steiicboneni,
463 4477 740 4539 Rodogsisodobeiinto,
757 4480 898 4530 societatem
945 4478 1016 4528 litum
1028 4479 1148 4526 cesarem
1164 4471 1303 4532 constituit,
1316 4469 1441 4520 sulianum
1453 4467 1540 4518 deinde
1552 4480 1582 4516 eo
1601 4467 1652 4530 ipso
1665 4469 1728 4516 tem·

117 4557 264 4618 iniisseitoo.
277 4555 423 4618 cstZostm.
432 4561 457 4615 σ,
467 4558 537 4616 tint.
547 4558 692 4614 oronim.
704 4553 851 4604 tornando
862 4559 898 4606 De
944 4568 1003 4618 pore
1013 4552 1191 4603 Nobilissimum
1205 4547 1347 4598 nominavit.

119 4640 389 4697 turonicenses
408 4633 503 4686 Deinde
515 4647 573 4697 pute
582 4636 710 4692 Zosimus,
724 4641 752 4694 6,
763 4637 802 4694 ti,
818 4637 897 4683 nouit·
979 4638 1016 4682 ¹³.
1032 4630 1126 4680 iturus
1141 4629 1225 4677 eontra
1237 4625 1371 4675 ttonorium
1388 4623 1524 4686 imperans,
1541 4620 1571 4671 ed
1589 4624 1727 4671 Ravennam

120 4717 176 4762 κσ1σ
194 4712 376 4776 olympiodoro
388 4712 482 4773 dubet,
493 4710 552 4762 vide
567 4710 604 4760 ud
614 4711 711 4760 enicem
723 4715 788 4762 Exn.
801 4711 896 4760 Pboiii.
944 4704 1324 4764 castrametetusest‚missusque
1334 4701 1364 4751 sd
1373 4701 1564 4762 illumianquum
1576 4697 1607 4747 nb
1622 4696 1728 4747 tiouorio

149 4795 184 4841 111.
205 4791 316 4840 Audebo
337 4789 418 4840 morbi
436 4789 460 4837 ni
476 4789 612 4850 exstineto,
631 4801 792 4838 suscessorem
813 4787 898 4837 dutum
944 4790 1088 4852 imperatore
1109 4785 1140 4836 nd
1160 4785 1331 4846 imperatorem
1354 4781 1487 4840 Joviunus,
1506 4778 1634 4841 praeieetus
1655 4779 1728 4836 etque

123 4866 280 4931 tthutpbum,
292 4869 378 4918 uxoris
388 4868 487 4940 intrem
499 4867 574 4928 (1111).
944 4868 1072 4930 petricius,
1085 4869 1110 4916 et
1125 4865 1228 4926 Veiens,
1241 4863 1366 4922 utriusque
1381 4857 1473 4908 mititte.
1485 4857 1551 4916 dux,
1567 4859 1592 4906 et
1607 4851 1728 4904 notantes

151 4952 184 4994 11.
197 4949 282 4997 Panem
293 4949 387 4997 siecum
395 4943 805 5007 scriptortiiebueeettetumvoeeri
815 4943 897 5004 trudit,
944 4949 1057 5009 qnoestor,
1071 4946 1096 4993 et
1113 4942 1238 5002 Julianus,
1256 4939 1405 4988 notariorum
1421 4933 1578 4998 primicerius.
1598 4929 1726 5017 {littteio

126 5023 237 5089 ttuditque
248 5027 353 5078 miiitum
365 5023 518 5088 medemini,
531 5027 559 5075 ut
571 5025 681 5088 quinino
693 5022 834 5074 ttueeellurii
849 5023 899 5074 sint
944 5022 1092 5086 significent,
1107 5020 1138 5068 ab
1149 5017 1255 5069 Honorio
1265 5029 1315 5065 sese
1324 5015 1423 5074 missos,
1434 5015 1461 5061 ut
1471 5023 1526 5060 eum
1538 5009 1579 5058 iiio
1590 5007 1621 5056 de
1634 5006 1727 5069 imperii

127 5105 228 5166 rppettsu,
945 5100 1060 5152 societate
1075 5099 1195 5159 tractent,
1209 5093 1294 5144 obnuit
1311 5104 1367 5142 vero
1379 5090 1419 5140 iile
1430 5107 1437 5139 ι
1447 5085 1577 5139 concedere
1587 5087 1667 5135 tumen
1683 5095 1725 5145 se,
