3830 5720
183 349 239 404 uta
735 339 937 404 MENANDRI
958 338 1221 404 suouectouts

182 470 313 538 όατούντες
332 465 473 549 Ῥωμαίων
493 464 539 548 μέν
556 469 654 549 Πέτρος
669 473 682 530 ὁ
696 472 746 528 τῶν
766 469 827 550 περί
845 468 955 550 βασιλέα
1003 469 1050 538 τθις
1060 471 1179 552 πορείας,
1192 473 1293 550 μᾶλλον
1305 469 1353 547 μὲν
1364 463 1408 532 ούν
1422 471 1464 531 δεδι
1479 473 1524 545 τῆς
1536 470 1651 544 Νιοίύεως
1661 476 1700 537 καί
1710 485 1750 541 τοῦ

180 557 334 636 καταλόγων
347 556 453 636 ήγεμῶν
468 558 513 616 καί
530 557 654 624 Εὐαέόιος
668 555 714 615 καί
727 555 826 638 ἕτεροι,
843 560 954 636 Περσῶν
1004 559 1105 637 Δύρας,
1121 559 1189 636 μήτε
1205 557 1257 636 μήν
1275 557 1337 618 ἄνευ
1351 557 1492 628 κελεύσεως
1508 563 1611 640 ἀρχικῆς
1623 563 1682 623 ἰέναι
1696 566 1754 626 κατθ

181 635 208 695 δέ
219 639 232 693 ὁ
242 635 439 714 Ἰεσδιγουσνάφ
448 635 494 696 καί
505 637 639 716 Σουρήνας
648 636 693 694 καί
703 635 866 716 ίτιροι.’ί’ῶν
879 629 923 695 ούν
931 634 958 704 ἐξ
1004 643 1053 716 τήν
1069 645 1234 717 ἀλλοδαπήν.
1246 647 1281 706 ut
1293 645 1382 721 μίντοι
1395 647 1468 724 παρὰ
1482 647 1512 706 τὸ
1525 650 1610 708 δοκοῦν
1621 651 1752 726 τολμήστισί

181 722 403 803 έκατέρουμίρους
412 725 556 800 ὁμολογιῶν
565 722 957 802 ἐνσυλλσόαῖςάναληφθεισῶν,
1005 731 1755 816 τι,ἤγουςγςὸλςρόμςςος,χλςῃῃςλωςήωυωςγάῃχμω,

181 808 444 888 dt“Uititissffit’t‘ittssit
458 809 586 882 ἐλδίδαῑι
599 813 636 890 τῷ
652 809 802 892 ἶσῠδυιᾶμφ
818 813 871 868 τῶν
882 813 959 870 ίιθιι·
1005 819 1097 896 μένους
1110 819 1161 880 θπδ
1180 823 1232 880 τῶν
1247 824 1274 879 ἐν
1290 825 1344 888 τοῖς
1357 821 1435 901 ὁρίοις
1453 822 1582 902 ἀρχόντων
1605 823 1645 891 ξθν
1660 828 1705 892 τοῖς
1716 827 1757 884 deu

181 897 312 972 δημίων
326 919 356 956 ²⁸
371 898 417 956 καί
434 899 569 977 ῥημάτων·
592 897 664 958 “0⁶²
682 895 840 972 δέἐῦὸμηιὸ
860 895 894 956 ῖίῑ
911 901 960 970 τῆς
1004 905 1185 988 ἐπιφίροντατ,
1205 907 1257 967 είτε
1271 907 1394 988 Ἀσσύρια
1405 910 1498 988 φορτία
1512 901 1561 968 εἶεν
1575 908 1623 969 είτι
1640 909 1759 988 Ῥωμαῖα,

180 983 284 1064 sistens
297 987 484 1064 γραμματεῖα,
497 983 637 1052 λιλαίεται·
651 985 705 1046 Καὶ
715 984 748 1056 δὴ
760 985 845 1063 δόγμα
857 985 959 1066 ἐτρύφα
1004 996 1194 1074 παραδίδοσθαι
1206 995 1313 1062 εὐθύνας
1330 994 1478 1075 ὑφέξοντας.
1500 998 1550 1074 ς’,
1567 1001 1601 1065 ιτς
1612 997 1635 1056 ει
1650 1003 1759 1073 eneti

179 1075 292 1151 πρῶτων
312 1076 347 1139 ὡς
358 1071 401 1130 διὰ
414 1076 460 1144 *ἧς
473 1073 640 1153 στενοπορία(
654 1075 700 1143 τῆς
713 1072 814 1131 εἷσόδῠυ
826 1077 873 1131 τοῦ
884 1074 959 1149 δίγο-
1004 1073 1138 1162 ᾧχρόνιρὸ
1147 1084 1260 1160 πόλεμος
1268 1083 1437 1158 ξυνειστήκει,
1448 1085 1713 1161 ηὖτομὸλησαν,το’ῡτο
1721 1087 1762 1163 μίν
1798 1111 1803 1124 ·

180 1158 259 1235 μέθθυ
273 1159 420 1239 Χθρθίίῖζὸν
435 1159 481 1218 καί
495 1163 547 1218 τῶν
564 1159 691 1220 Κασπίων
705 1161 794 1220 πυλῶν
807 1157 844 1234 μὴ
859 1161 959 1239 δφέἶθαι
1004 1172 1040 1235 ὡς
1059 1169 1165 1246 Πέρσας
1176 1170 1229 1229 ἀπὸ
1250 1169 1402 1246 Ῥωμαίων,
1418 1176 1493 1230 τοῦτο
1513 1169 1540 1229 δή
1561 1169 1612 1230 ἀπὸ
1623 1173 1761 1250 Πρρσῶμὼφ
1832 1212 1834 1224 ,

180 1247 288 1326 Πέρσαι
299 1247 316 1319 ἦ
326 1247 441 1315 θῦιιθιιι
452 1247 598 1319 'mittitis
609 1247 626 1318 i
639 1247 740 1328 ἐτέρους
751 1246 897 1328 βαρὸιίρῦυι
906 1247 958 1306 tid·
1005 1255 1164 1332 Ῥωμαίους,
1171 1256 1223 1336 εἴγε
1230 1255 1362 1336 βούλοιντο
1368 1260 1392 1316 ot
1399 1257 1764 1337 προσκεχωρήκότεςίςτδοίκοι

181 1336 255 1413 ροδσν
266 1339 396 1394 ποιεῖσθαι
405 1333 473 1393 τιατδι
485 1339 530 1407 τῆς
541 1334 682 1412 Ῥωμαίων
694 1333 877 1414 ἐπικρατείας·
891 1333 958 1411 μήτε
1005 1333 1222 1416 ἐπαναστρέφειν,
1235 1337 1272 1411 μή
1286 1334 1404 1412 γίνεσθαί
1415 1357 1503 1415 σφισιν
1518 1337 1635 1412 ἐμποδὼν
1648 1336 1708 1413 μήτε
1719 1337 1764 1411 μήν

180 1420 208 1479 δέ
223 1421 371 1499 Ῥωμαίους
390 1425 416 1480 ἐν
429 1422 501 1501 αὐτῷ
515 1421 601 1494 δήπου
614 1423 652 1502 τῷ
665 1419 759 1500 χώρῳ,
773 1420 841 1498 μήτε
860 1420 913 1497 μήν
932 1423 959 1480 ἐν
1004 1421 1114 1500 ιιωλύμή
1128 1421 1279 1502 χρήσασθαί
1291 1445 1350 1482 τινι.
1365 1421 1435 1490 Τοθς
1445 1422 1535 1500 μέντοι
1547 1427 1574 1482 ιν
1587 1427 1666 1503 καιρῷ
1677 1423 1766 1504 είρήτπς

179 1507 270 1575 ἄλλοις
285 1511 413 1582 Μηδικοῖς
424 1511 503 1590 ὁρίοις
514 1510 666 1588 στρσίτευμα
682 1509 799 1568 στέλλειν
809 1507 878 1568 κατδι
891 1511 960 1589 Περ·
1004 1510 1164 1586 αὐτομόλους
1177 1510 1257 1588 ήγουν
1269 1508 1480 1589 καταφεύγοντας
1492 1509 1518 1578 ἐξ
1531 1509 1624 1592 tripos
1636 1513 1669 1577 είς
1681 1509 1767 1590 ίτίριος

179 1597 242 1656 σῶν.
262 1595 398 1678 Δεύτερον,
407 1601 443 1665 ὡς
450 1596 482 1656 ἀν
491 1599 515 1656 σί
527 1595 663 1677 σύμμαχοι
675 1595 826 1675 Σαρακηνοὶ
834 1594 959 1676 ὁκατέρας
1004 1595 1042 1672 μή
1060 1595 1249 1676 ὑποδέχεσθαι,
1266 1598 1324 1654 ἀλλ’
1339 1599 1369 1655 tx
1382 1599 1478 1664 παντὸς
1497 1597 1594 1677 τρόπου
1610 1597 1655 1656 καί
1671 1595 1767 1661 ιίκοντας

178 1682 311 1750 πολιτείας
323 1685 458 1763 ἐμμίνοιεν
471 1684 516 1743 καί
533 1684 558 1742 σί
568 1685 620 1749 τοῖς
634 1682 817 1760 βεδαιωθεῖσι,
832 1681 877 1741 καί
891 1681 958 1760 μήτε
1004 1683 1192 1762 ἐγχειρίζεσθαι
1205 1693 1258 1751 τοῖς
1270 1685 1296 1752 ἐξ
1314 1677 1351 1744 ὧν
1362 1685 1408 1743 καὶ
1420 1685 1585 1766 ἀπέδρασαν.
1598 1687 1627 1746 Ζ’
1640 1685 1712 1766 μίρος
1720 1688 1765 1744 τῶν

178 1770 238 1838 τοίτς
247 1774 357 1853 Περσῶν
364 1772 433 1831 ιιατδι
441 1771 592 1849 Ῥωμαίων,
600 1770 666 1848 μήτε
674 1769 733 1838 τοὺς
741 1770 958 1847 Ῥωμαίωνδπλί·
1004 1772 1133 1844 σπονδῶν,
1154 1771 1223 1830 ὥστε
1239 1772 1297 1837 τοίτς
1317 1772 1525 1848 ίπεγτιαλυῶντας
1537 1771 1597 1850 περί
1614 1777 1658 1831 τοῦ
1669 1770 1771 1831 σίνεσθαί

180 1860 269 1925 ζεσθαι
289 1857 359 1918 κατδι
378 1861 499 1938 Περσῶν.
516 1859 595 1920 Ksed
615 1859 705 1938 τρίτην
719 1856 801 1928 τοίξιν,
815 1855 883 1916 ὥστε
900 1856 960 1924 τοὺς
1003 1877 1030 1914 τι
1046 1865 1114 1937 σφᾶς
1135 1857 1195 1924 τοὺς
1218 1857 1490 1934 ἀντιπολιτευομένους
1513 1857 1575 1936 δίιιῃ
1595 1857 1726 1933 τέμνεσθαι
1744 1856 1770 1914 τδ

177 1944 310 2025 ἐμπόρους
321 1945 463 2023 Ῥωμαίων
473 1969 501 2004 τε
512 1945 557 2004 καί
566 1948 676 2025 Περσῶν
684 1948 736 2005 τῶν
745 1948 886 2003 ὁποιωνοῦν
896 1967 958 2024 φορ·
1004 1944 1239 2028 φιλοτιμούμενον,
1250 1941 1268 2014 ἢ
1281 1945 1314 2002 δι’
1324 1948 1425 2004 ἑαυτῶν
1437 1948 1489 2003 τῶν
1500 1944 1551 2017 τήν
1569 1945 1668 2024 βλσίάην
1685 1967 1774 2002 πεπον-

178 2029 258 2110 τίων,
272 2031 376 2099 τούτους
387 2033 414 2091 δέ
430 2031 476 2092 καί
490 2032 548 2100 τούς
561 2031 679 2091 τοιούσδε
696 2030 822 2112 πορτστδις
839 2032 909 2091 κατὰ
928 2031 959 2090 τὸ
1004 2031 1110 2103 θίτωνή
1120 2033 1261 2092 διὀίκείων
1269 2032 1411 2110 ἀνθρώπων
1419 2034 1446 2091 ἐν
1454 2036 1506 2097 τοῖς
1517 2033 1645 2110 μεθορίοις
1652 2031 1723 2111 παρά
1729 2037 1775 2096 τοῖς

176 2115 206 2184 ἐξ
214 2121 436 2198 ἀρχῆςκρατῆσαν
447 2119 501 2185 ίθος
508 2118 697 2198 ἐμπορεύεσθαι
705 2117 748 2176 διὰ
754 2120 806 2176 τῶν
816 2118 958 2196 εέρημίνων
1004 2117 1128 2198 ἄρχωσιν
1137 2120 1261 2199 ἐκατίρας
1272 2119 1403 2186 πολιτείας
1413 2118 1560 2187 ξυνιόντων·
1571 2119 1639 2178 ούτω
1651 2119 1725 2178 driu
1735 2122 1775 2186 ζη-

177 2204 395 2284 δεκατευτήρίων.
405 2204 445 2278 A‘,
455 2207 489 2271 ὡς
500 2203 531 2262 ἀν
540 2207 564 2263 οί
571 2204 694 2286 πρέσδεις
702 2204 749 2263 καί
758 2205 782 2262 σί
788 2207 822 2284 τῇ
831 2210 959 2284 ταχυτῆτι
1004 2207 1140 2282 μιώσαντα
1149 2207 1293 2265 ἀκέσασθαι
1302 2206 1332 2266 τὸ
1340 2207 1446 2275 σκάζον.
1458 2206 1504 2285 ίί’,
1516 2207 1587 2268 ὥστε
1596 2211 1642 2267 τοῦ
1650 2203 1776 2280 λοιπούμὴ

179 2289 313 2370 χρεόμενοι
327 2294 380 2349 τῶν
393 2291 524 2367 δημοσίων
539 2289 628 2350 ίππων
642 2292 707 2372 πρὸς
723 2290 770 2358 τάς
782 2292 958 2370 ἀπαγγελίας,
1004 2294 1124 2370 ἐγκαλεῖν
1135 2294 1242 2374 Πέρσας
1255 2293 1398 2370 Ῥωμαίοις
1412 2292 1488 2352 ἕνεκα
1502 2300 1552 2353 τοῦ
1568 2292 1738 2361 ἐπισιτίζεσθαι
1753 2289 1779 2348 τθ

178 2382 193 2435 ὁ
208 2377 255 2456 μέν
268 2380 293 2446 ἐς
304 2378 338 2437 τά
349 2377 592 2456 ‘Parapamisadis
605 2378 639 2438 τά
650 2383 760 2460 Περσῶν
771 2379 823 2452 ήθη
836 2383 960 2460 ἀφικνού·
1003 2380 1103 2461 Δοίρας,
1113 2380 1182 2450 ἔδοξε
1191 2381 1236 2440 καί
1242 2381 1392 2462 ἀμφοτέραν
1399 2381 1539 2440 πολιτείαν
1547 2385 1595 2440 τοῦ
1603 2382 1696 2439 λοιποῦ
1702 2379 1780 2455 μηάα·

180 2489 270 2542 μενοι,
284 2465 353 2525 κατδ
362 2467 460 2538 ταύτην
472 2466 520 2539 τήν
531 2465 605 2535 ἀξίαν
614 2466 699 2526 καὶτὸ
711 2473 842 2548 προσῆκον
853 2467 959 2529 ίκαστοι
1004 2471 1059 2543 μῶς
1071 2469 1243 2548 ἐπιτειχίζειν,
1253 2468 1332 2546 ήγυυν
1346 2471 1459 2549 περιοχῇ
1473 2491 1527 2527 τινι
1540 2466 1743 2548 κατασφαλίζειν
1755 2487 1779 2522 τι

177 2555 319 2628 τιμηθεῖεν,
332 2553 377 2613 καί
387 2557 433 2624 τῆς
443 2553 688 2625 δεούσηςτεύξονται
699 2555 861 2632 ἐπιμελείας·
871 2557 958 2615 ἀπαλ·
1003 2558 1055 2614 τῶν
1065 2557 1092 2614 ἐν
1100 2565 1152 2624 τοῖς
1158 2554 1296 2635 ὁροθεσίοις
1305 2556 1419 2635 χωρίων,
1429 2555 1471 2614 ίνα
1480 2555 1522 2632 μή
1534 2555 1665 2636 πρόφασις
1676 2555 1781 2612 ίντεδθεν

124 2701 131 2715 Ι
179 2640 317 2701 λσίττεσθοιί
330 2664 358 2699 τε
368 2650 435 2722 σφᾶς
447 2641 484 2718 μή
503 2641 748 2721 χρονοτριόοδντας·
764 2639 832 2700 etti:
846 2643 897 2722 γὰρ
911 2643 958 2702 καί
1004 2641 1088 2703 ἔσοιτο
1098 2648 1232 2725 ταραχῆς,
1245 2643 1291 2702 καί
1301 2646 1330 2701 ἐκ
1343 2641 1436 2702 τούτου
1449 2643 1661 2714 διαλυθήσονται
1674 2642 1701 2699 αἱ
1712 2661 1785 2700 σπον-

178 2727 225 2795 τθς
245 2727 388 2810 ἐμπορίας,
404 2727 435 2796 ἀς
453 2731 631 2810 ἐπιφέρονται,
652 2730 803 2804 ἀμοιδοίζειν
818 2729 959 2796 ἀκωλύτως
1005 2730 1058 2791 δαί.
1075 2729 1121 2802 ξδ’,
1139 2731 1177 2808 μή
1193 2728 1322 2800 ίπιίναιή
1338 2729 1462 2806 πολεμεῖν
1476 2729 1593 2810 ὁπηκότρ
1605 2728 1673 2788 ἔθνει
1686 2725 1703 2797 ή
1717 2725 1785 2804 χύτρα

177 2839 206 2873 τε
219 2815 263 2874 καί
278 2817 339 2875 ἄνευ
350 2815 495 2884 συντελείας
505 2817 583 2885 τινός.
597 2817 628 2878 E'
641 2817 804 2893 διετυπιίιθη,
817 2815 886 2876 ὥστε
899 2816 958 2886 τοὺς
1003 2817 1056 2877 τινί
1072 2818 1140 2898 ἄλλῃ
1156 2815 1216 2882 τοθς
1227 2818 1316 2898 ἑτέρας
1327 2816 1472 2884 πολιτείας·
1485 2820 1594 2894 μᾶλλον
1610 2815 1659 2893 μέν
1674 2806 1718 2874 σύν
1730 2813 1786 2872 ἀνευ

179 2904 348 2984 Σαρακηνοθς
363 2905 408 2963 καί
424 2904 483 2972 τοθς
496 2909 649 2964 ὁποιουσοῶν
664 2904 811 2985 βαρύσίρους
828 2905 958 2984 ἐμπόρους
1005 2903 1106 2984 βλιίύης
1125 2907 1171 2965 καί
1192 2907 1252 2964 κατ’
1274 2903 1347 2964 otiis
1369 2908 1453 2965 ὁτιοῦν
1470 2904 1693 2984 πημαινομένους
1709 2903 1735 2960 ἐν
1752 2903 1785 2976 τῷ

179 2989 302 3068 ἑκατέρας
321 2990 452 3058 πολιτείας
473 2991 511 3066 μή
530 2992 574 3049 διδ
588 2990 665 3059 ξένων
681 2993 807 3070 ἀτραπῶν
828 2995 957 3050 ποιεῖσθαι
1007 2993 1079 3072 αύτῷ
1096 2993 1193 3068 μένειν,
1206 2996 1242 3059 ὡς
1253 2991 1285 3052 ἀν
1300 2991 1346 3051 καί
1362 2991 1415 3050 οἵδε
1430 2993 1596 3053 ἀπολαύοιεν
1613 2997 1662 3064 τῆς
1682 2988 1788 3068 είρήντις.

178 3158 312 3216 mentorem
326 3157 475 3218 mittebant,
486 3155 603 3206 Eusebius
614 3157 638 3206 et
646 3156 700 3216 stit,
710 3169 741 3206 es
751 3156 829 3206 Persis
840 3155 960 3217 tesdegus·
1005 3153 1106 3205 minime
1116 3155 1185 3204 tritas
1195 3155 1246 3206 vias
1257 3154 1382 3214 incedunt,
1394 3155 1435 3204 sed
1445 3155 1550 3206 tiisibim
1563 3159 1609 3206 sut
1624 3158 1700 3206 Dara
1707 3150 1792 3215 udoni.

178 3233 370 3294 nuptr,surenas
377 3235 403 3283 et
411 3233 460 3283 atii.
468 3233 631 3296 Quumigitur
640 3233 810 3284 conventiones
817 3233 849 3282 ab
858 3235 960 3294 utraque
1004 3243 1084 3294 neque
1100 3233 1152 3282 sine
1161 3230 1229 3293 jussu
1243 3231 1378 3294 principum
1392 3230 1496 3280 alienam
1514 3234 1645 3295 regionem
1664 3231 1756 3281 adeant
1771 3227 1794 3274 st

178 3315 244 3372 purte
253 3309 467 3362 titterismandetm
481 3315 574 3371 εεεεοι,
586 3313 715 3372 utramque
726 3311 788 3360 inter
798 3320 959 3372 secompara·
1004 3307 1062 3371 qrrid
1072 3309 1248 3372 tsmenprseter
1259 3308 1324 3370 quod
1335 3310 1453 3358 statutum
1465 3311 1504 3359 ast
1520 3309 1644 3370 audant,
1664 3309 1716 3366 aut,
1726 3307 1752 3354 ut
1764 3303 1793 3351 dt·

177 3388 243 3447 τοττι,
255 3387 528 3438 υιτεειτεειεεοιεοιιεε
538 3386 726 3438 irtemvolerent
736 3389 886 3445 Quncautem
896 3385 960 3449 pacis
1003 3384 1075 3447 citur,
1091 3385 1217 3447 vectigalia
1234 3385 1411 3446 insudaverint,
1430 3387 1450 3434 si
1474 3383 1702 3448 deprehendantur
1715 3383 1745 3433 ab
1762 3380 1797 3429 tris

177 3463 250 3514 tihetti
259 3463 543 3523 mutinerent,diceutur.
554 3464 662 3513 Primum
672 3463 795 3513 decretum
805 3463 867 3514 tuit:
878 3475 909 3512 ne
917 3475 960 3524 per
1004 3463 1047 3527 qui
1063 3461 1181 3514 limitibus
1196 3463 1313 3526 presunt,
1328 3475 1377 3514 una
1394 3475 1451 3513 cum
1470 3465 1601 3515 mercibus
1621 3475 1686 3526 qum
1702 3460 1796 3514 νειιυιιι,

177 3540 824 3605 angustiasejusintroitus,quiGtrorutsoutrzurop.
842 3540 959 3604 Procop.)
1003 3540 1054 3590 sive
1071 3539 1119 3590 siut
1130 3551 1221 3590 merces
1231 3539 1333 3602 essene
1348 3539 1543 3602 εἰτεαοτιιττοτε,
1568 3536 1799 3605 pccuasetmutctas

178 3621 323 3683 apponatur,
332 3622 357 3670 et
368 3621 450 3682 portas
460 3621 558 3682 Caspias
578 3621 657 3670 Perse
676 3622 719 3668 out
729 3622 829 3669 Hunnos
846 3620 891 3668 aut
900 3620 958 3670 Ala·
1003 3617 1119 3682 ategibus
1128 3619 1231 3670 ststntes
1242 3617 1324 3679 tuant;
1333 3620 1402 3668 serto
1414 3618 1468 3668 ioco
1477 3617 1615 3670 decretum
1628 3621 1701 3668 estut
1708 3618 1744 3666 his
1752 3613 1800 3678 qni,

178 3712 222 3748 nos
240 3701 283 3748 aut
303 3698 363 3748 atios
370 3698 484 3748 borberos
494 3698 520 3747 in
529 3700 693 3748 Romanorum
709 3698 768 3748 ιιοεε
780 3697 881 3748 transire
897 3697 958 3748 sine·
1003 3695 1061 3746 dum
1073 3697 1162 3748 betium
1179 3699 1246 3757 erat,
1258 3697 1332 3747 sicea
1345 3697 1458 3748 Romanis
1468 3697 1500 3746 ad
1517 3701 1625 3758 Persas,
1636 3698 1690 3748 sire
1704 3692 1800 3746 euersis

178 3779 247 3838 rent,
259 3789 321 3826 nero
336 3775 437 3826 Romani
458 3774 483 3824 in
496 3787 524 3825 ea
540 3775 593 3824 ioco
610 3777 653 3825 aut
671 3775 695 3825 in
708 3775 778 3824 aliam
789 3787 959 3838 quamcunque
1003 3774 1034 3824 ad
1043 3777 1163 3826 Romanos
1169 3775 1325 3837 transierunt,
1341 3775 1361 3824 si
1374 3773 1463 3837 regredi
1475 3778 1502 3825 et
1514 3777 1551 3826 ad
1563 3790 1614 3827 sua
1626 3775 1708 3828 redire
1723 3773 1803 3824 sotus·

178 3857 271 3915 partem
281 3851 365 3901 finirem
381 3851 529 3903 Medicorum
541 3852 674 3904 exercitum
686 3853 771 3901 eontra
783 3854 868 3901 Persas
876 3853 958 3902 mitto·
1003 3850 1061 3912 rint,
1077 3851 1171 3902 nuttum
1186 3851 1387 3914 impedimentum
1398 3853 1441 3902 aut
1452 3852 1572 3903 molestia
1582 3853 1646 3912 scats
1657 3851 1700 3904 sed
1714 3851 1756 3914 qui
1764 3860 1804 3911 per

178 3930 247 3987 rent;
263 3927 367 3978 secundo
376 3927 429 3976 toco
440 3926 564 3978 decretum
573 3929 610 3976 εει
619 3926 777 3988 utssraorni,
789 3928 915 3991 utriusque
925 3929 958 3978 ci·
1003 3940 1086 3990 pacem
1096 3927 1207 3990 deinceps
1221 3928 1347 3988 aufugient
1357 3929 1383 3976 et
1396 3927 1540 3990 migrabunt
1549 3941 1585 3980 ex
1598 3929 1704 3979 alterius
1713 3921 1805 3976 ditionis

177 4006 333 4066 sitatissocii,
345 4005 429 4056 cedem
442 4008 512 4069 pocta
527 4008 665 4064 servarent,
678 4018 757 4069 neque
773 4006 797 4056 tri
814 4006 856 4070 qui
868 4009 958 4056 ttoura·
1003 4005 1089 4066 terris,
1105 4005 1130 4054 in
1141 4003 1240 4054 atterius
1249 4005 1369 4065 regionem
1379 4001 1478 4052 minime
1492 4003 1680 4066 admittantur,
1691 4000 1806 4055 sedomni

178 4094 265 4132 norum
286 4082 390 4144 partium
412 4085 507 4144 εεεοττι,
526 4085 611 4133 contra
634 4086 825 4146 {teneamusque
839 4084 882 4144 qui
900 4086 958 4132 Per·
1003 4081 1158 4132 modoetiam
1171 4081 1239 4130 inriti
1252 4079 1428 4130 reddanturbis
1441 4092 1582 4142 equorum
1596 4081 1732 4131 dominatu
1749 4078 1806 4128 eitu-

177 4171 271 4219 sarum,
288 4160 372 4208 contra
391 4161 510 4210 Romanos
524 4172 591 4209 arma
613 4160 715 4218 terrenis
732 4160 804 4209 tertio
821 4160 900 4222 capite
916 4173 958 4212 ca·
1003 4159 1105 4222 gerunt3
1122 4159 1287 4220 septimapars
1298 4155 1415 4206 teucrum
1426 4156 1488 4216 tuit,
1499 4159 1542 4218 ut,
1553 4158 1576 4208 si
1592 4160 1638 4222 qui
1649 4159 1809 4222 quererentur

178 4237 283 4284 seturut
296 4235 397 4284 Romani
410 4237 437 4285 et
451 4237 529 4286 Perse
545 4249 745 4298 quarumcunque
763 4237 880 4286 mercium
896 4249 958 4288 τιτετ·
1003 4237 1050 4286 sihi
1058 4234 1117 4298 quid
1129 4235 1211 4284 damni
1221 4233 1315 4284 ittatum
1324 4233 1540 4284 essesrontnrtre
1553 4235 1638 4297 partis
1649 4231 1808 4292 civibus,ju·

178 4315 271 4362 catores
281 4315 307 4362 et
325 4313 484 4374 negotiatores
505 4313 637 4363 secundum
654 4314 759 4364 veterem
774 4327 866 4364 morem
879 4327 958 4378 neque
1002 4311 1433 4364 diciodirimaturcontroversiasive
1446 4311 1811 4378 pereosipsosqutiniuriam

177 4389 202 4437 in
224 4389 276 4438 attis
291 4386 364 4448 locis,
388 4401 462 4450 quum
485 4388 510 4438 tu
543 4389 632 4451 quibus
651 4389 799 4440 decimarum
817 4391 905 4441 sotutio
921 4397 958 4442 est
1003 4393 1065 4454 pessi
1076 4393 1138 4454 sint,
1154 4391 1205 4442 ειτε
1216 4404 1259 4455 per
1275 4393 1355 4441 certos
1373 4388 1495 4450 tromiues,
1508 4391 1560 4454 qui
1575 4393 1605 4442 in
1620 4393 1739 4443 confiniis
1750 4389 1811 4452 apud

179 4465 282 4525 indicta,
297 4466 445 4515 mercaturos
468 4465 569 4529 iacisn13
590 4467 678 4529 qrrarto
696 4467 749 4516 ioco
768 4465 909 4529 decretum,
928 4470 957 4518 ut
1003 4469 1211 4532 utriusquepartis
1227 4467 1354 4530 prefectos
1367 4466 1532 4528 conveniant,
1552 4469 1581 4518 et
1601 4469 1713 4532 ita‚qnt
1731 4477 1812 4531 pecea-

178 4537 250 4600 trgati
263 4543 288 4590 et
305 4540 404 4602 retinui,
422 4541 478 4603 qui,
489 4555 566 4603 quum
579 4543 636 4604 quid
653 4544 731 4592 nuntii
746 4543 881 4606 perierant,
891 4545 959 4608 equis
1003 4546 1079 4608 serit,
1098 4545 1188 4596 domno
1207 4543 1345 4605 medentum
1367 4545 1453 4593 σοιοτο
1472 4543 1564 4607 οορίιε
1581 4548 1638 4606 ,ττι
1652 4546 1679 4596 in
1691 4549 1814 4609 posterum

178 4618 282 4680 publicis
305 4620 416 4678 utuntur,
436 4620 489 4670 tum
507 4622 549 4683 qui
572 4633 614 4682 per
632 4623 813 4682 Romanorum,
838 4624 892 4674 tum
916 4625 958 4686 qui
1004 4625 1083 4674 Persrc
1100 4623 1215 4674 Romanis
1230 4634 1278 4672 nou
1296 4621 1467 4682 succenseant,
1484 4622 1561 4684 quod
1582 4626 1669 4674 Dares
1687 4623 1813 4679 muniant,

178 4708 221 4757 per
232 4700 358 4746 Persarum
374 4697 482 4759 regiones
499 4699 545 4747 iter
563 4699 680 4758 ιιειτεττιιι,
698 4713 742 4762 pro
753 4701 870 4764 cujusque
881 4703 956 4764 gradu
1005 4701 1096 4765 pteron
1113 4699 1254 4762 'utramque
1281 4711 1333 4756 rem
1362 4698 1483 4761 publicam
1512 4711 1531 4748 τι
1569 4700 1726 4752 muniendis
1758 4697 1817 4751 toris

178 4775 203 4822 et
213 4772 327 4836 dignitate
346 4773 435 4823 honore
443 4774 591 4836 atticisntur,
607 4779 632 4824 et
642 4774 722 4826 debita
730 4789 788 4826 eura
799 4779 957 4841 excipiantur,
1003 4791 1077 4842 prope
1100 4777 1160 4827 ιτιιεε
1183 4777 1235 4826 sitis
1257 4788 1329 4838 porro
1352 4775 1488 4835 obstinere,
1512 4789 1608 4839 neque
1632 4791 1665 4830 ea
1686 4779 1767 4828 muris
1793 4777 1817 4826 et
1894 4773 1895 4776 ’

178 4860 257 4911 neque
265 4851 419 4911 crismentur,
429 4853 454 4901 ei
469 4852 591 4901 mercensi
607 4865 668 4914 quas
686 4854 802 4914 efferent,
821 4857 960 4918 permutent
1003 4853 1186 4919 propugnaculis
1202 4851 1364 4910 circumdare,
1381 4863 1412 4901 ne
1427 4850 1483 4900 inite
1494 4852 1645 4904 turbarum
1658 4854 1761 4905 occasio
1773 4865 1816 4903 ua·

178 4927 229 4976 sine
241 4927 291 4977 utto
309 4927 479 4992 impedimento
497 4931 539 4980 aut
551 4929 634 4980 tributi
652 4933 790 4994 exectione3
808 4934 894 4996 quinto
905 4933 959 4983 toco
1001 4935 1091 4991 scotor,
1104 4932 1129 4982 et
1140 4929 1228 4980 tortere
1239 4928 1413 4988 dissolventem
1426 4939 1490 4993 nono
1499 4927 1566 4978 ioco
1578 4932 1684 4993 piacuit
1694 4933 1819 4982 neminem

178 5003 297 5053 sancitum
309 5009 359 5066 est,
370 5019 401 5055 ne
415 5008 559 5056 mercatores
575 5008 688 5056 Saraceni
703 5011 746 5058 ant
761 5009 959 5072 sitiquicuruque
1002 5009 1115 5060 invadere
1132 5011 1177 5058 sut
1195 5007 1259 5058 betto
1277 5007 1393 5056 iacessere
1412 5005 1510 5066 gentem
1527 5011 1580 5056 aut
1601 5011 1751 5072 regionem,
1764 5021 1820 5070 qum

179 5079 273 5130 barbari
290 5080 315 5130 in
333 5081 460 5132 amborum
476 5095 558 5145 regum
577 5084 712 5146 regionibus
730 5097 773 5148 per
790 5086 920 5148 incognitos
934 5088 959 5137 et
1002 5087 1047 5136 surb
1062 5086 1200 5137 alterutrius
1210 5083 1309 5148 imperio
1318 5081 1412 5146 sit,sed
1428 5083 1511 5145 potius
1525 5095 1629 5137 omnes
1647 5086 1724 5140 uuita
1735 5086 1823 5150 iniuria
