3842 5726
313 323 334 397 rr
866 313 1085 376 sanatam.

315 445 590 519 subsistendum
624 446 661 516 in
697 459 798 518 aetate
829 444 1058 516 Constantini
1090 443 1229 537 Magni,
1267 439 1330 512 sed
1370 439 1414 511 ad
1457 463 1497 510 ea
1536 462 1650 535 usque

316 594 479 676 tempora
494 578 719 676 pergendum
737 600 814 649 esse
830 574 1011 666 decrevit,
1030 573 1167 672 quibus
1189 571 1450 646 Constantinus
1468 580 1484 641 ὁ
1504 584 1559 654 τῆς
1578 599 1652 664 arcp*

315 707 411 800 φύρας
429 705 581 800 ἀπόγονος
603 701 798 797 scriptores
809 714 959 790 veteres,
979 699 1105 770 nescio
1121 693 1353 769 laudandone
1365 720 1411 768 an
1429 693 1650 766 exsecrando

316 823 488 913 consilio,
508 823 712 923 discerpere
730 823 895 896 instituit.
922 827 1050 920 ltaque
1073 844 1211 893 novum
1230 817 1412 891 historicis
1428 817 1498 890 illis
1515 816 1649 889 librum

315 947 584 1039 dedicavimus,
606 951 670 1047 qui
690 972 904 1046 quanquam
922 970 1090 1019 sermone
1110 944 1295 1018 labentem
1311 943 1525 1040 graecitatem
1544 964 1652 1012 coar-

314 1087 453 1166 guunt,
482 1071 553 1143 lide
584 1088 704 1144 tamen
729 1086 765 1144 et
789 1071 1002 1143 auctoritate
1024 1071 1060 1141 in
1086 1094 1159 1142 suoe
1183 1068 1341 1167 quisque
1365 1067 1476 1140 aetatis
1500 1064 1651 1137 historia

315 1195 517 1293 principem
535 1195 637 1268 facile
656 1195 779 1266 locum
805 1210 999 1266 merentur.
1032 1195 1200 1291 Denique
1220 1190 1431 1290 appendicis
1454 1191 1565 1261 instar
1583 1187 1652 1260 ad-

314 1320 409 1414 jecta
435 1335 522 1392 sunt
545 1319 726 1392 Chronica
747 1320 897 1392 loannis
925 1317 1165 1406 Antiocheni,
1194 1313 1257 1414 q'ui
1289 1341 1403 1414 quum
1433 1316 1470 1386 in
1500 1312 1652 1384 historia

317 1445 577 1541 imperatorum
622 1448 871 1515 Romanorum
906 1458 1074 1514 auctores
1120 1443 1282 1539 optimos
1317 1438 1363 1511 ad
1393 1437 1546 1510 verbum
1581 1435 1653 1507 lere

318 1567 598 1664 transcripserit,
623 1563 801 1664 permulta
819 1563 956 1663 praebet
970 1564 1076 1636 bonae
1092 1563 1203 1660 frugis
1220 1561 1442 1661 plenissima.
1473 1558 1654 1654 Reliquias

318 1687 451 1758 horum
474 1685 743 1762 Chronicorum
765 1700 821 1758 sat
847 1685 1003 1784 anaplas,
1035 1710 1191 1784 quarum
1216 1698 1353 1782 partem
1374 1682 1534 1755 Valesius
1552 1682 1653 1768 olim,

318 1822 458 1904 partem
478 1809 651 1905 majorem
682 1833 800 1906 nuper
826 1811 862 1880 iu
881 1808 1082 1882 -Anecdotis
1113 1809 1281 1880 Parisinis
1307 1810 1498 1880 Cramerus
1529 1805 1655 1892 edidit,

201 1973 207 1984 ·
261 1975 266 1982 ·
318 1947 396 2002 tum
435 1956 589 2004 numero
625 1934 792 2004 auximus
819 1957 838 2004 e
866 1932 993 2005 codice
1023 1933 1242 2024 Parisiense,
1285 1947 1363 2003 tum
1395 1955 1504 2028 opera
1532 1930 1654 2004 critica

319 2054 408 2126 locis
430 2078 540 2152 quam
562 2056 730 2152 plurimis
749 2057 984 2128 correximus.

366 2183 451 2250 llaec
469 2178 543 2251 lere
562 2179 744 2277 praelanda
758 2178 847 2250 mihi
863 2179 1113 2278 praelationum
1134 2180 1232 2252 osori
1257 2179 1331 2250 visa
1353 2192 1448 2249 sunt.
1465 2181 1515 2248 Ne
1533 2191 1652 2248 tamen

320 2302 421 2400 quod
448 2318 611 2400 superest
632 2305 669 2375 in
702 2303 773 2376 hac
801 2305 930 2402 pagina
951 2304 1108 2402 spatium
1140 2303 1346 2375 illiteratum
1375 2300 1490 2372 livore
1512 2315 1654 2398 pereat,

318 2427 442 2498 locum
462 2451 646 2524 apponere
666 2428 770 2501 liceat
794 2430 1084 2517 memorabilem,
1104 2431 1169 2527 qui
1193 2429 1266 2501 rol.
1290 2431 1360 2514 lll,
1377 2451 1459 2524 pag.
1485 2423 1568 2512 343,
1591 2424 1654 2496 ubi

318 2549 364 2621 de
382 2550 451 2622 vita
474 2551 609 2623 Nicolai
626 2556 839 2624 Damasceni
854 2555 993 2648 agitur,
1010 2539 1224 2625 inserendus
1242 2567 1306 2624 est.
1324 2555 1520 2648 Acceptum
1540 2550 1655 2622 refero

320 2672 561 2745 illustrissimo
591 2673 771 2747 Cardinali
802 2679 948 2748 Arcano
973 2679 1069 2765 Mat,
1098 2679 1162 2774 qui
1191 2677 1344 2770 benigne
1370 2699 1455 2745 eum
1483 2699 1655 2746 commu-

320 2797 439 2868 nicare
467 2821 609 2868 mecum
631 2797 763 2884 voluit,
785 2823 900 2896 quum
926 2802 1049 2871 Romae
1071 2798 1256 2887 versabar,
1287 2812 1324 2868 ut
1347 2821 1429 2893 quae
1447 2797 1493 2868 ad
1510 2819 1656 2892 geogra-

320 2920 445 3019 phiam
469 2923 712 3019 pertinerent,
742 2922 794 2994 ibi
820 2923 1038 3020 colligerem.
1067 2929 1145 2995 lam
1173 2923 1236 2996 diu
1264 2922 1403 2994 scilicet
1429 2923 1466 2992 in
1491 2920 1655 3020 parando

320 3042 543 3115 desudamus
589 3069 743 3142 corpore
777 3025 1089 3143 geographorum,
1122 3071 1198 3144 quo
1242 3044 1375 3142 scripta
1419 3042 1657 3141 geographica

320 3191 401 3265 quae
434 3165 488 3237 vel
521 3167 657 3263 integra
684 3167 948 3266 perdurarunt,
977 3169 1096 3242 velex
1135 3185 1236 3269 parte
1258 3168 1383 3240 saltem
1410 3170 1444 3240 in
1467 3165 1657 3239 codicibus
1713 3235 1714 3238 ,

325 3305 545 3387 supersunt,
577 3290 632 3362 vel
665 3315 823 3389 quorum
858 3293 1054 3388 fragmenta
1092 3285 1303 3392 perrarios
1339 3306 1505 3363 auctores
1539 3314 1657 3387 sparsa

321 3429 541 3500 occurrunt,
571 3416 644 3486 sire
673 3439 785 3510 graece
812 3417 886 3487 sire
915 3415 1026 3488 latine
1053 3418 1127 3487 sive
1152 3416 1294 3488 arabice
1324 3417 1456 3510 scripta
1478 3415 1572 3501 sint,
1611 3415 1656 3483 arl

321 3561 437 3607 unum
458 3539 583 3608 omnia
600 3537 961 3634 comprehendantur
977 3563 1021 3611 ex
1039 3539 1169 3611 ordine
1188 3538 1370 3636 disposita,
1389 3537 1659 3608 commentariis

322 3659 529 3757 explanata,
565 3657 697 3730 tabulis
725 3659 885 3757 denique
912 3663 972 3734 aeri
998 3662 1122 3734 incisis
1150 3660 1340 3734 illustrata.
1381 3663 1601 3758 Quanquam
1627 3661 1656 3730 si

322 3797 456 3854 sortem
480 3781 685 3880 perpendas
716 3808 798 3881 quae
826 3785 956 3857 similia
979 3785 1136 3859 aliorum
1155 3801 1274 3883 coepta
1297 3785 1490 3882 hucusque
1519 3808 1658 3855 manse·

323 3905 391 3992 rit,
426 3903 625 3976 verendum
658 3930 743 3978 sane
773 3931 820 3977 ne
847 3923 968 3980 nostra
994 3933 1144 4006 quoque
1165 3909 1316 3981 consilia
1343 3911 1484 4004 ὁφθόνος
1508 3917 1569 3977 τῶν
1584 3909 1658 3978 θεῶν

323 4027 512 4114 discutiat,
542 4026 597 4098 vel
615 4028 899 4103 elllorescentem
921 4032 978 4104 rix
1000 4048 1157 4128 segetem
1182 4033 1288 4104 flatus
1308 4030 1458 4130 quidam
1475 4030 1659 4129 Typlronii

324 4167 485 4224 exurant.
497 4150 606 4240 Quod
618 4157 719 4243 Deus
732 4171 878 4228 avertat.
895 4156 967 4227 Sed
983 4156 1070 4229 illuc
1084 4156 1205 4229 redeo.
1224 4158 1366 4252 Etenim
1378 4154 1609 4253 Sophronius
1621 4155 1657 4224 in

323 4275 508 4346 llliraculis
526 4278 585 4348 SS.
597 4278 679 4373 Cyri
693 4293 728 4349 et
741 4279 862 4376 Cyrilli
876 4281 1059 4378 (spicileg.
1078 4284 1200 4367 Rom,
1224 4295 1311 4352 tom.
1338 4283 1399 4368 ΙΙΙ,
1419 4305 1454 4377 p.
1472 4279 1568 4372 548),
1585 4303 1660 4374 quo

324 4398 409 4470 loco
423 4400 571 4496 exponit
589 4401 779 4497 quomodo
795 4403 973 4492 lsidorus,
988 4406 1153 4502 Dionysii
1169 4407 1387 4475 Damasceni
1403 4403 1513 4490 filius,
1530 4401 1660 4474 morbo

325 4521 517 4619 epileptico
535 4521 704 4594 laborans
723 4541 870 4598 sanatus
883 4529 940 4620 sit,
956 4529 1114 4625 primum
1130 4526 1310 4599 nonnulla
1325 4524 1509 4624 praemittit
1530 4523 1576 4595 de
1589 4528 1661 4595 Da-

326 4646 436 4716 masei
468 4646 567 4718 urbis
592 4647 776 4735 claritate,
819 4676 860 4722 ex
892 4653 1028 4748 quibus
1053 4677 1167 4750 pauca
1199 4651 1279 4723 baec
1303 4648 1507 4722 exscribere
1535 4648 1660 4745 juvat:

326 4785 414 4855 Αὕτη
432 4776 505 4875 γὰρ,
525 4781 588 4870 eil,
609 4795 664 4864 τῆς
685 4785 802 4866 Koila<
819 4788 927 4878 Συρίας
947 4789 1151 4883 μητρόπολις,
1169 4798 1223 4867 τῆς
1244 4791 1317 4866 ὅλης
1334 4773 1423 4873 lidae
1441 4786 1576 4880 ἀρχηγὸς
1595 4777 1663 4852 tea-

326 4915 434 4999 σίιευε,
460 4913 553 4984 Νίνον
576 4922 670 5010 ἑαυτῇ
691 4921 892 5004 βασιλεύοντα
912 4921 964 4989 καί
981 4920 1145 5014 Σεμίραμιν
1164 4925 1220 4998 τὴν
1240 4921 1406 5014 περίφημοι
1426 4919 1548 5010 ἔχουσα·
1570 4912 1662 5008 ἄμφω

326 5043 385 5139 γὰρ
409 5048 470 5113 ἐκεῖ
497 5048 732 5132 βασιλεύσαντες
753 5050 803 5117 καί
823 5048 936 5143 τείχεσι
961 5054 1015 5126 τίν
1038 5051 1127 5120 πόλιν
1150 5054 1383 5136 austerque,
1409 5049 1464 5116 ἀπ’
1484 5049 1578 5124 αὐτῆς
1605 5043 1661 5122 τὰς
