3916 5728
628 364 771 425 ISlGONl
794 365 1005 426 NICAEENSlS
1027 367 1271 428 FRAGMENTA.

153 497 252 575 quibas
259 519 344 575 porra
355 499 522 564 ciuitatibus,
537 499 572 553 ob
583 503 706 571 inopiam
716 500 927 562 domiciliorum,

153 592 304 663 compluris
312 583 452 662 profectos
467 591 496 641 in
509 598 621 641 exteras
633 591 769 658 regiones,
787 588 934 642 delatoria

153 679 285 743 Italiam,
313 693 414 749 eosque
427 677 513 730 multo
527 691 618 729 enare
628 678 785 729 nominatos
801 671 934 746 Aborigi-

154 783 209 831 nes,
226 758 854 838 quoramsubjectiquifuerintCaeaimparum
864 767 928 827 uiri,

154 857 350 924 unicarumque
361 855 463 906 viriam
478 854 593 924 imperio
607 860 725 904 montem
736 849 891 914 Palatium,
907 855 935 902 in

154 958 206 1012 quo
212 935 434 1012 frequentissimi
443 939 621 1004 comederint,
639 937 824 1010 appellavisse
836 955 855 989 a
866 940 935 990 uiri-

154 1026 203 1080 bus
227 1031 350 1097 regentis
382 1025 570 1079 Valentiam:
600 1024 674 1097 quod
692 1040 791 1077 nomen
817 1023 935 1076 adventa

154 1114 280 1167 Euandri
286 1115 472 1185 AEneoeqaein
479 1113 595 1166 Italiam
603 1129 664 1165 cam
677 1119 782 1182 magna
790 1111 934 1166 Groecelo·

154 1204 294 1272 quentiam
300 1203 598 1272 copiainterpretatam‚
612 1198 668 1252 dici
674 1209 792 1270 eoeptam
799 1197 933 1255 lihamen.

192 1283 360 1361 Sicyonem]
379 1309 392 1336 ιι
407 1287 451 1340 De
463 1287 601 1358 Sicyone,
615 1284 767 1339 Erechthei
785 1284 830 1339 vel
843 1285 935 1339 Mara·

155 1373 250 1428 thenis
260 1374 305 1428 vei
314 1373 444 1427 Metionis
455 1372 667 1428 Atheniensium
676 1369 735 1424 lilio
745 1410 754 1437 ‚
765 1370 801 1428 cl.
815 1373 932 1426 Pausan.

155 1461 252 1532 11,1,
276 1477 307 1526 ι,
331 1457 414 1528 6,a‚
435 1457 451 1512 3
475 1477 482 1512 t
505 1459 541 1514 de
561 1458 701 1531 Thespio,
724 1455 873 1511 Erechthei
896 1455 934 1524 f.,

154 1545 277 1602 Diodor.
294 1547 343 1614 lv,
368 1563 422 1618 293
437 1546 554 1600 Pausan.
571 1544 630 1611 IX,
646 1543 703 1610 ab,
728 1549 754 1606 4.
771 1567 782 1591 ν
801 1534 932 1600 Milton.

154 1635 260 1688 Verum
289 1632 325 1688 de
353 1633 472 1705 Sicyone
499 1631 615 1686 Boeotiae
643 1629 752 1704 oppido
781 1647 810 1685 ν.
843 1629 933 1686 schol.

156 1721 238 1778 Pind.
254 1720 301 1777 01.
316 1721 407 1788 xm,
427 1718 481 1782 ι48
494 1729 522 1773 et
535 1718 651 1772 Polemo
666 1716 702 1774 fr.
720 1733 757 1786 7²
771 1714 857 1789 (tom.
872 1716 931 1784 111,

156 1826 187 1881 p.
212 1803 293 1883 135).
316 1806 359 1862 Cl.
379 1808 486 1880 Unger.
504 1803 646 1862 Paradox.
669 1803 794 1860 Theben.
816 1821 846 1876 p.
869 1801 935 1858 363.

156 1925 197 1934 -
206 1889 386 1967 Aborigines]
399 1893 577 1964 Aberrigines
590 1899 758 1965 proponunt
766 1890 892 1962 Scaliger
907 1899 935 1943 et

160 1980 302 2034 Miilierus.
321 1979 424 2034 Paulus
438 1979 559 2038 Diacon.
575 1979 643 2034 Exc.
659 1978 755 2032 Festi:
772 1977 936 2047 Aborigines

157 2068 382 2139 appellassent,
395 2067 467 2140 qaod
475 2077 597 2120 errantes
605 2069 778 2120 convenerint
786 2067 816 2117 in
825 2081 930 2136 agrum,

157 2159 205 2225 qai
219 2172 291 2208 trano
304 2165 346 2208 est
358 2155 459 2227 populi
472 2155 601 2209 Romani.
619 2154 682 2206 Fuit
691 2156 764 2206 enim
774 2168 843 2222 gens
857 2154 935 2204 anti-

157 2245 292 2312 quissima
313 2243 421 2296 Italica.
444 2239 486 2296 Cf.
504 2242 589 2296 Dion
611 2240 648 2296 H.
672 2242 707 2297 A.
725 2238 760 2296 11.
781 2239 810 2308 1,
835 2255 878 2294 xo.
896 2267 935 2280 —-

162 2329 381 2402 Coeaimparum
392 2325 467 2402 ete]
483 2351 495 2375 u
510 2326 747 2382 Cacoxenidaram
752 2330 813 2396 jari
823 2329 935 2380 vicina-

156 2433 274 2488 rumque
294 2416 402 2470 arbium
422 2415 467 2469 vel
484 2415 585 2468 similia
600 2412 729 2486 quadam
748 2414 835 2467 inesse
855 2422 937 2486 putat

157 2502 323 2574 Scaligerus.
336 2501 405 2556 Caci
412 2541 421 2566 ,
437 2501 554 2572 improbi
563 2504 619 2553 viri
629 2503 824 2570 unicarumque
834 2502 934 2552 viriam

160 2586 239 2657 conj.
257 2586 396 2644 Niebuhr.
415 2589 451 2642 H.
462 2588 498 2642 R.
519 2596 589 2644 tom.
603 2587 631 2653 1,
648 2603 678 2659 p.
692 2583 764 2653 218,
778 2602 844 2640 aun.
859 2581 934 2650 545,

159 2674 247 2746 idque
270 2675 343 2729 Festi
366 2675 508 2729 sententia
532 2674 823 2728 convenientissimum
851 2681 933 2744 puto.

158 2759 226 2818 Caci
234 2763 399 2816 memoriam
410 2762 494 2815 etiam
504 2761 533 2813 in
542 2761 694 2833 Campania
702 2759 836 2813 exstitisse
845 2797 853 2826 ,
862 2776 935 2812 com·

157 2847 243 2902 mode
263 2859 361 2902 monet
374 2847 553 2913 Ciausenius,
575 2846 672 2901 Solino
683 2845 713 2912 1,
730 2843 747 2898 8
765 2854 834 2900 teste
847 2843 935 2899 advo·

160 2944 237 2988 cato.
257 2935 333 2988 latii
345 2935 496 2988 incolarum
508 2935 715 3003 vicinarumque
726 2931 832 2985 urbiam
848 2939 937 2986 tentat

157 3021 494 3078 Graucrt.·hiiiuuun.-
504 3021 531 3072 V
529 3016 744 3093 alentiam]·Cl.
758 3017 846 3074 Solin.
860 3019 889 3085 1,
904 3036 935 3086 ις

158 3107 271 3162 Servius
284 3107 312 3160 in
324 3107 400 3179 Virg.
415 3107 479 3160 AEn.
497 3107 522 3180 1,
537 3104 593 3174 273
607 3123 642 3160 ex
654 3105 756 3160 Atteio.
775 3129 786 3152 ν
804 3104 933 3158 Minuta.

462 3255 605 3280 -aem—

198 3369 456 3426 aristenetus.
475 3371 507 3424 V.
523 3370 635 3442 Fragm.
649 3370 726 3422 Len
737 3406 745 3433 ,
758 3376 828 3420 extr.

461 3529 622 3552 w

138 3801 143 3810 ⁴
249 3685 503 3774 alsonus
530 3681 841 3771 nicaensis.

200 3885 334 3960 Stephon.
346 3887 429 3956 Byu:
443 3881 554 3952 Ninaia,
563 3881 636 3947 πόλις
645 3879 787 3946 Βιθυνίας..
800 3877 847 3946 Ἐξ
857 3880 937 3949 αὐτῆς

159 3969 286 4046 ’1σ1γονος
299 3969 345 4027 καὶ
357 3969 548 4040 Ἀσκληπιάδης
561 3967 608 4026 καὶ
628 3966 769 4046 Παρθένιος
782 3967 826 4024 nal
841 3966 936 4026 Ἀπολ-

159 4055 274 4134 λόδωρος
300 4056 346 4113 καὶ
381 4055 536 4136 Ἐπιθέρσης
568 4055 760 4134 γραμματικός.
788 4057 937 4112 Nicaeensis

161 4145 298 4218 isogonus
308 4144 465 4217 appellatur
476 4145 560 4199 etiam
569 4162 585 4198 a
595 4144 685 4198 Plinio
695 4143 728 4196 fr.
744 4160 771 4210 1,
784 4149 811 4195 et
821 4158 837 4194 a
846 4140 936 4196 Gellio

161 4231 223 4301 lx,
237 4237 264 4296 4.
282 4229 403 4304 ’1σ1γονος
416 4232 430 4286 b
444 4226 579 4304 Κιττιεύς,
595 4231 695 4304 fragm.
719 4235 746 4296 4,
770 4237 937 4301 corruptum

160 4335 220 4372 esse
233 4317 343 4372 videtur
356 4335 390 4372 ex
402 4313 450 4374 Ἰσ.
464 4317 478 4372 b
492 4313 625 4380 Νικαιεῦς.
642 4316 769 4390 Rhegino
781 4323 809 4368 et
820 4313 936 4372 Sotione

159 4403 306 4477 antiquior
324 4414 376 4461 est.
389 4405 432 4460 De
445 4403 566 4478 Rhegini
578 4413 657 4458 atate
670 4421 730 4456 non
741 4411 865 4468 constat;
884 4403 935 4456 So-

159 4491 224 4544 tion
245 4509 312 4546 vero
335 4487 496 4568 Παραδόξων
519 4493 650 4564 scriptor,
675 4492 696 4544 si
719 4487 794 4543 idem
813 4497 854 4542 est
873 4505 936 4542 cum

157 4576 294 4645 Sotione,
312 4579 361 4650 qui
382 4574 546 4633 Potamonis
558 4577 651 4632 Lesbii
663 4575 777 4649 aequalis
791 4573 845 4628 luit
861 4573 938 4648 (Plu-

157 4662 250 4721 tarch.
269 4665 301 4718 V.
316 4664 396 4721 Alex.
412 4684 437 4722 c.
452 4662 523 4737 61),
534 4664 640 4718 Tiberii
653 4661 827 4734 temporibus
837 4662 938 4716 vixisse

156 4748 255 4806 debet.
269 4750 311 4808 CI.
326 4753 531 4807 Westermann.
546 4750 685 4808 Paradox.
700 4768 728 4822 p.
748 4765 825 4803 xurx.

412 4947 680 5007 luctamenta

536 5062 561 5111 l.

197 5146 303 5208 isigonus
312 5148 383 5198 etiam
396 5149 524 5200 Nicaeensis
535 5151 559 5199 in
571 5149 654 5200 Rhodo
671 5151 855 5200 insulsitatem
869 5149 936 5198 ilium

1289 533 1444 593 ΑΠΙΣΤΑ.

1357 677 1379 713 1.

1020 763 1123 818 Plinius
1145 765 1181 818 H.
1198 765 1234 818 N.
1249 764 1315 828 Vll,
1335 782 1369 830 a,
1388 781 1416 835 p.
1439 770 1454 828 4
1472 763 1559 816 Tchn.
1576 779 1583 817 ε
1599 763 1756 838 Anthropo-

976 849 1097 923 phagos,
1113 868 1180 923 quos
1193 851 1234 904 ad
1245 854 1465 921 septemtrionem
1483 866 1541 903 esse
1551 851 1685 918 dirimas,
1706 854 1756 907 de-

978 955 1037 991 eem
1057 939 1163 992 dieram
1185 941 1284 991 itinere
1305 955 1389 1009 supra
1410 935 1607 1007 borysthenem
1626 955 1754 1008 amnem,

978 1025 1081 1080 ossibus
1092 1025 1272 1079 humanorum
1282 1029 1401 1097 capitum
1410 1020 1513 1088 bibere,
1528 1025 1686 1098 cutibusque
1694 1045 1755 1080 ctum

978 1115 1080 1187 capilio
1091 1131 1144 1188 pro
1163 1112 1328 1166 ntantelibus
1345 1123 1411 1164 ante
1421 1121 1536 1182 pectma
1557 1116 1607 1177 ati,
1626 1115 1757 1184 Isigonus

978 1203 1135 1256 Nictaensis
1157 1199 1306 1275 (locensis.
1327 1197 1462 1252 Siccensis
1480 1214 1541 1256 aar.
1561 1197 1612 1269 1.).
1632 1199 1713 1254 Idem
1727 1205 1756 1254 in

979 1288 1101 1340 Albania
1112 1291 1193 1358 gigni
1213 1287 1346 1358 quosdam
1362 1287 1467 1356 glauca
1486 1286 1625 1339 ocalttrum
1646 1290 1718 1354 acie,
1737 1306 1757 1340 a

976 1379 1099 1446 pueritia
1109 1379 1203 1428 statim
1215 1391 1313 1438 canos,
1331 1377 1378 1445 qai
1389 1384 1468 1425 nocta
1475 1373 1626 1445 plusquam
1638 1375 1757 1428 interdiu

978 1471 1104 1518 cernant.
1121 1461 1201 1514 Idem
1220 1465 1318 1514 itinere
1330 1458 1436 1514 dibrrtm
1456 1460 1550 1513 decem
1562 1479 1647 1532 supra
1663 1461 1756 1530 Bory-

978 1547 1100 1602 sthenem
1107 1547 1755 1624 Sauromatostertiodiecibumcaperesempcr.

1354 1668 1369 1704 2

1018 1744 1098 1800 ldem
1115 1746 1152 1802 11.
1173 1746 1207 1802 N.
1222 1744 1290 1811 vll,
1307 1761 1341 1811 a,
1364 1762 1394 1817 p.
1416 1741 1432 1798 5
1454 1745 1542 1798 Tehn.
1569 1760 1576 1800 ε
1600 1746 1638 1798 Ιπ
1657 1748 1756 1802 euclem

980 1830 1081 1902 Africa
1083 1831 1217 1903 familias
1225 1833 1359 1906 quasdam
1371 1828 1614 1901 effascinantium,
1629 1835 1757 1905 Isigonus

980 1933 1007 1974 et
1032 1920 1246 1994 Nymphodorus
1267 1939 1281 1972 .·
1304 1937 1417 1992 quorum
1441 1921 1600 1976 mallatione
1622 1926 1760 1978 intereant

977 2009 1098 2082 probata
1122 2004 1256 2086 (πρόόατα
1276 2007 1452 2082 harduin),
1477 2022 1607 2064 arescant
1626 2011 1752 2075 arbores,

980 2101 1150 2150 emoriantur
1162 2093 1295 2166 infantes.
1312 2097 1380 2150 Esse
1392 2096 1514 2166 ejusdcm
1526 2103 1637 2168 generis
1650 2104 1679 2152 in
1697 2101 1757 2154 711-

982 2181 1064 2240 ballis
1074 2195 1103 2237 et
1111 2185 1219 2256 Illyriis
1236 2185 1337 2254 adjicit
1356 2185 1497 2256 Isigonus,
1517 2190 1565 2256 qai
1576 2191 1637 2240 aisa
1652 2206 1758 2260 qaoque

980 2268 1166 2342 effascinent,
1177 2275 1390 2343 interimuntque
1397 2289 1464 2342 qaas
1473 2272 1576 2326 diutius
1584 2278 1754 2344 intueantur,

980 2363 1060 2414 iratis
1078 2363 1222 2432 principue
1234 2360 1321 2414 oculis
1337 2378 1344 2412 :
1368 2361 1442 2430 quotl
1456 2377 1548 2414 eorum
1563 2363 1667 2416 molum
1674 2361 1756 2431 faci-

981 2447 1033 2500 lius
1043 2451 1143 2500 senate
1153 2445 1279 2519 puberes.
1293 2445 1451 2499 Notabilias
1461 2464 1534 2514 esse,
1548 2449 1756 2521 qaodptspillns

981 2533 1058 2586 binas
1073 2537 1102 2586 in
1113 2534 1199 2586 oculis
1212 2533 1329 2605 singulis
1339 2531 1473 2587 habeant.

1355 2647 1381 2702 3.

1020 2747 1099 2803 Idem
1115 2749 1152 2806 H.
1172 2749 1205 2804 N.
1223 2749 1342 2820 v11,2,
1360 2766 1390 2822 p.
1411 2748 1428 2803 8
1444 2749 1532 2805 Tchn.
1550 2767 1556 2804 ε
1575 2749 1681 2822 Cyrnos
1705 2755 1755 2806 In·

980 2835 1075 2889 doram
1089 2852 1179 2907 genus
1191 2839 1322 2906 Isigonus
1335 2839 1420 2888 annis
1434 2841 1557 2890 centenis
1570 2837 1757 2910 quadragenis

981 2926 1081 2981 uitare.
1103 2926 1175 2977 Item
1190 2921 1337 2996 Ethiopas
1352 2923 1505 2977 macrobios
1520 2936 1548 2977 et
1559 2924 1644 2978 Seras
1661 2929 1757 2984 eristi-

982 3021 1053 3074 mat,
1071 3013 1157 3082 etqui
1168 3009 1261 3064 Athon
1272 3021 1391 3063 montem
1407 3011 1529 3064 incolant
1543 3029 1552 3062 .·
1567 3009 1618 3065 hos
1628 3011 1754 3084 quidem,

981 3101 1045 3168 qaia
1055 3101 1190 3168 viperinis
1199 3097 1327 3150 carnibus
1338 3099 1470 3150 alantur:
1487 3103 1580 3170 itaque
1590 3116 1640 3150 nee
1653 3103 1751 3171 capiti,

982 3201 1032 3236 nec
1047 3185 1163 3237 uestibus
1174 3201 1265 3237 eorum
1281 3189 1367 3238 noxio
1380 3188 1489 3255 corpori
1503 3189 1591 3238 inesse
1609 3189 1755 3241 animalia.

983 3271 1091 3325 Nomen
1101 3271 1204 3343 Isigoni
1214 3281 1304 3324 exstat
1314 3272 1400 3324 etiam
1412 3273 1442 3323 in
1453 3271 1511 3326 ind.
1525 3281 1611 3328 aucit.
1625 3273 1690 3327 libri
1700 3275 1757 3332 xll

983 3368 1010 3411 et
1023 3359 1105 3412 xm.

1021 3447 1063 3498 De
1081 3445 1158 3499 hisce
1179 3445 1266 3500 indiae
1284 3446 1424 3501 miraculis
1446 3446 1756 3518 isigonum,unucu1n

879 3543 882 3549 '
983 3529 1087 3600 Ctesia‚
1099 3531 1244 3599 israhele,
1262 3533 1432 3601 Onesicrito,
1447 3532 1656 3605 Polystephano
1672 3535 1758 3592 citant

982 3617 1085 3672 Gellius
1095 3619 1150 3687 tx,
1160 3625 1188 3690 4,
1200 3629 1228 3673 et
1237 3621 1327 3674 Tzetz.
1337 3619 1407 3676 Hist.
1416 3621 1472 3686 Vi,
1485 3618 1551 3684 544,
1566 3619 1651 3692 (Vide
1661 3619 1757 3677 Ctesias

983 3703 1082 3778 fragm.
1099 3703 1163 3778 86.)
1185 3706 1269 3779 Apud
1289 3709 1378 3761 Tzetz.
1396 3725 1450 3780 pro
1464 3705 1539 3780 ’1σιγ.
1556 3707 1641 3780 vulgo
1655 3709 1758 3782 legitur

981 3785 1127 3950 Ξριῗρρρς.
1146 3794 1230 3866 Apud
1247 3793 1366 3849 Gellium
1382 3792 1516 3868 isogonus
1536 3794 1691 3848 Nieoeensis
1703 3813 1757 3870 ap-

1355 3973 1370 4030 4
1378 4009 1383 4018 .

1021 4070 1139 4142 Cyrillus
1151 4071 1181 4124 C.
1196 4071 1300 4125 Julian.
1315 4071 1373 4137 111,
1388 4087 1418 4142 p.
1442 4068 1492 4138 88,
1508 4069 1529 4128 C
1546 4089 1552 4124 :
1578 4070 1631 4128 Καὶ
1646 4070 1697 4145 μὴν
1712 4071 1758 4130 κα1

983 4153 1130 4230 Ἰσίγονσςὸ
1146 4151 1264 4219 Kerateis<
1277 4155 1307 4230 (i)
1321 4156 1347 4212 lu
1361 4151 1446 4231 Ῥόδῳ
1460 4156 1491 4230 τῇ
1505 4153 1577 4234 νήσῳ
1592 4155 1634 4214 τὸν
1643 4162 1688 4215 τοῦ
1697 4159 1757 4226 Διὸς

981 4239 1073 4318 ταῦρόν
1089 4263 1165 4320 φησιν
1180 4243 1226 4300 οὐκ
1237 4243 1379 4319 ἄμοιρῆσαι
1393 4238 1469 4316 λόγου
1481 4245 1527 4298 τοῦ
1541 4241 1598 4300 καθ’
1612 4247 1690 4319 ἡμᾶς.

1356 4354 1383 4413 5.

1024 4464 1142 4516 Tuetzes.
1157 4463 1224 4516 ilist.
1244 4463 1274 4527 1,
1298 4459 1354 4525 468
1372 4459 1552 4532 (narraverat
1565 4461 1711 4518 historiam
1724 4464 1758 4519 de

983 4551 1068 4604 ariete
1083 4545 1261 4620 Atridarum)
1278 4566 1284 4598 :

1044 4689 1154 4753 Πρόὸατα
1165 4689 1189 4738 ll
1201 4689 1343 4752 χρυσόχροὸν
1353 4705 1398 4737 που
1408 4689 1482 4753 alpem
1491 4691 1531 4748 τὴν
1541 4692 1618 4754 ipius,

1043 4761 1147 4821 Ῥηγῖνος
1158 4760 1197 4808 τὸν
1209 4759 1320 4820 'luituros
1333 4759 1390 4820 (lib.
1400 4759 1495 4820 ’11σίγ.)
1511 4761 1608 4824 elostat
1618 4762 1755 4824 γεγραφότα.

984 4909 1052 4959 iotis
1070 4908 1168 4958 minime
1185 4908 1256 4958 luisse
1277 4910 1365 4958 mentis
1385 4909 1496 4980 humente
1518 4909 1655 4972 participem
1676 4913 1755 4962 refert.

1356 4993 1372 5042 5

1013 5076 1076 5123 ores
1096 5073 1251 5123 auncoiorem
1265 5073 1353 5123 alicubi
1367 5030 1457 5136 gaiam
1475 5073 1554 5124 lanam
1565 5075 1683 5138 Rheginos
1701 5087 1757 5124 nar-

984 5151 1075 5198 rantem
1087 5149 1205 5212 isigonum
1217 5149 1352 5200 introducit.

1619 5234 1652 5274 ae.
