3868 5728
803 377 1049 439 FRAGMENTA.
1682 391 1718 440 ub

125 501 253 573 ’λττήλας
269 501 405 580 βούλεται.
420 501 456 563 Ἦ
469 503 565 563 οἴεσθαι
580 503 628 584 έρη
643 502 803 580 Ῥωμαίους,
817 512 907 566 τοσοῦ·
953 509 1100 578 ποίκιλλον,
1119 505 1360 583 ἑπιόληθηαομένας
1376 507 1439 586 πρὸς
1452 507 1549 583 κόσμον
1570 509 1723 585 ἐσθημάτων

125 613 168 646 τον
180 591 414 670 έκλιπαρταειν
385 613 462 648 αυτον
471 591 553 663 ωστι
562 593 772 671 καταπροδουναι
782 593 908 664 δεοποττν
955 595 1130 674 βαρόαρικῶν.
1147 597 1238 705 Πρρσ
1231 594 1307 652 λθων
1319 617 1401 652 τοινυν
1415 618 1460 652 και
1449 563 1556 654 τ’δίῑῶ
1536 620 1590 675 ωρα
1604 599 1703 673 μετὰ
1681 622 1723 656 τον

126 701 170 734 και
191 681 399 758 όνατρορῆς
367 703 414 748 της
427 679 500 758 παρὰ
524 681 637 747 Σκύθαις
656 682 701 739 καί
722 686 842 760 γαμετῶν
864 683 908 740 καὶ
954 683 1132 756 cinnamum*
1118 681 1175 746 οοθς
1195 681 1328 758 θπεξῄειν,
1350 681 1419 739 καλέ
1407 681 1449 739 ael
1467 681 1568 762 τδέτερ
1571 707 1586 739 α
1608 685 1723 754 scutato

127 765 229 822 παίδοιν
246 765 487 843 κατολιγωρησειν,
505 765 541 842 μὴ
557 766 662 842 μείζονα
684 765 742 837 δέή
725 771 844 845 ἡγεῖσθαι
861 769 908 840 τὴν
953 768 1098 844 οἰκήματα,
1120 759 1195 834 ένοῖς
1209 768 1388 847 διατρίόιιν
1365 791 1408 826 τον
1424 707 1581 839 Ἀττηλανῆ
1570 771 1724 850 ετόγγανεν,

126 855 189 930 παρ’
205 851 324 930 Ἀττηλα
339 851 512 911 δουλείαντου
496 855 616 964 ”παρδι
620 855 763 930 Ῥωμαίοις
778 855 906 934 πλοότου;
954 855 1250 932 όπεκδεχόμενοςὸπότε
1273 855 1376 922 ebsiba
1363 861 1401 914 θοι
1416 857 1586 932 Ὀνηγήσιος·
1603 859 1653 931 ἤδη
1674 859 1724 939 γόιρ

128 938 264 998 δυνοισειν
277 937 307 996 δέ
325 938 531 1046 ἐπιμένοντα”
500 964 531 1020 τη
553 943 605 999 οἶκε
609 941 635 998 ια
647 963 689 998 τον
705 943 769 1020 (γὰρ
778 943 907 1017 )τοῦδ.-
954 941 1006 998 ἀπὸ
1027 946 1078 998 τῶν
1100 944 1178 999 αὐτοῦ
1199 941 1348 1046 οἰκημάτων
1370 942 1514 1013 ἐξεληλύθει
1532 967 1577 1002 και
1567 941 1698 1004 ἔνδον’
1681 971 1722 1018 ην.

126 1025 225 1082 οπότου
236 1027 434 1104 καταπραΰνειν
449 1025 570 1101 θυμὸν,’
559 1051 589 1106 ep
592 1001 648 1093 ὀἱς
665 1028 742 1085 αὐτον
763 1029 908 1106 ὀργίζεσθαι
954 1025 1108 1094 Maestus}
1128 1033 1172 1084 τοῦ
1192 1028 1285 1093 παντὸς
1301 1029 1359 1086 ἱστ
1328 1051 1436 1104 αμενος
1455 1029 1565 1098 πλήθους
1583 1031 1666 1111 (γνόνρ
1653 1034 1726 1111 ριμός

126 1110 216 1168 κατὰ
219 1112 355 1186 Ρωμαίων
368 1111 494 1186 συμόαίνε
484 1136 518 1184 1ι,
529 1112 545 1182 ἢ
556 1113 629 1191 παρὰ
640 1123 705 1193 αρδις
718 1115 821 1173 ἐλθόντα
837 1115 908 1173 αἰτία
954 1135 981 1170 τε
994 1112 1071 1192 γὰρ
1055 1137 1090 1170 ων
1102 1114 1154 1179 τοῖς
1167 1113 1325 1191 Ἀττηλαρ
1292 1137 1325 1194 pp
1328 1123 1410 1194 ουροῑς
1421 1115 1466 1172 καί
1477 1124 1528 1182 τοῖς
1539 1117 1725 1260 παρεδπομένοις

128 1197 293 1274 θποίγεσθαι,
309 1196 366 1276 ἔτερ
369 1222 385 1254 α
353 1198 476 1318 ρόπερ
497 1201 622 1280 ἐκείνῳ
607 1221 675 1259 οοκει
665 1202 768 1280 διαπρ
771 1203 905 1277 αξοίμενον.
954 1203 1070 1279 αὐτῶβα
1055 1200 1235 1279 αρίῗόροιςῡπ’
1247 1194 1614 1280 οὗδενὸςδιεκωλυόμην),ε’ίδ
1577 1227 1642 1261 εον
1657 1207 1724 1274 πλῆ-

127 1287 221 1344 Ταῦτα
238 1283 412 1360 εἶρηκῶς,’
379 1284 448 1359 καμέ
468 1261 640 1344 ποιεῖσθαι
614 1311 659 1357 την
676 1287 740 1366 πρὸς
755 1290 831 1346 αὐτον
843 1295 908 1364 ἡγη·
953 1291 995 1352 θος
1008 1287 1179 1364 πορευόμενον
1190 1310 1234 1344 και
1249 1293 1323 1366 θροῦν
1337 1311 1382 1345 και
1372 1288 1501 1366 θόρυόον
1517 1289 1613 1368 περὶ
1590 1313 1633 1348 τον
1647 1291 1724 1348 τόπον

128 1369 242 1445 σοίμενος
263 1369 375 1436 ἔντευξιν
387 1393 420 1428 πε
424 1363 487 1448 pt
467 1397 502 1428 ων
521 1372 694 1430 πυνθάνεσθαι
717 1376 765 1431 αθ·
756 1380 795 1432 οῦ
817 1375 907 1452 βουλό·
953 1373 1102 1449 γινόμενον,
1117 1397 1151 1438 ως
1165 1397 1209 1430 του
1223 1374 1334 1443 Αττηλα
1347 1373 1499 1442 θπεξιοντος
1502 1376 1616 1486 Προῄει
1634 1376 1661 1433 δέ
1678 1399 1724 1434 του

129 1463 195 1532 μεθα
214 1461 263 1535 (οὗ
281 1457 571 1538 γδιρτῷΜαξιμίνω,“
558 1483 592 1525 ως
604 1463 630 1518 έν
643 1460 700 1528 α’ξία
691 1463 838 1540 τελουντι,
850 1485 907 1519 συν-
954 1459 1115 1537 οἰκηματος
1111 1461 1219 1526 θσδίζων
1241 1463 1373 1570 σρόαρῶς,
1393 1465 1455 1541 τῃδε
1478 1466 1551 1520 κόκει
1541 1464 1724 1542 περιόλεπό-

128 1543 192 1623 εχὴς
207 1536 384 1624 πρόσοδοςῆν
407 1547 566 1622 εὐπρεπής),
584 1547 683 1626 ἀνεγώρ
686 1571 718 1604 ει.
737 1548 807 1624 Ἐγὼ
826 1547 909 1606 δέ
875 1573 908 1628 τη
954 1567 1035 1620 μενος.
1050 1545 1095 1611 Ως
1107 1545 1134 1602 οδ
1147 1545 1267 1612 unslet
1241 1553 1290 1603 ων
1302 1546 1347 1604 συν
1370 1550 1408 1626 τῶ
1430 1549 1580 1628 Ὀνηγησίῳ
1600 1550 1726 1622 έστηο
1675 1552 1726 1656 πρὸ

128 1631 363 1709 θατεραίαιίςτον
376 1631 637 1776 Ἀττόλαπερίκόολον
653 1637 826 1713 ἀφικνοῦμαι,
839 1637 908 1716 δῶρα
953 1637 998 1688 τοῦ
1015 1631 1169 1706 οἰκήματος,
1189 1631 1278 1688 πολλοὶ
1295 1633 1419 1708 (δὲ)τῶν
1435 1635 1682 1713 ιἰμρισόητήσειςπ
1662 1638 1725 1716 πρὸς

131 1721 161 1793 τῇ
176 1739 260 1775 αυτου
241 1717 392 1791 ’κομίζων
412 1721 573 1795 γαμετῇ·Κ
578 1717 640 1796 κα
652 1717 709 1776 δέ
694 1742 775 1794 ονομα
789 1743 868 1798 αντη
884 1720 909 1787 ἐξ
955 1717 1726 1799 αλλτλουςέχοντωνπροστεσανκαιτθναυτουκρισινέοε

129 1795 160 1914 {e
177 1805 251 1883 αὐτῶ
270 1805 362 1870 παῖδας
383 1805 532 1881 έγιγόνεσαν
554 1742 634 1882 τρεῖς,
649 1797 712 1863 ῶνὸ
730 1806 909 1886 πρεσθύτερος
954 1826 1041 1881 χοντο
1058 1785 1125 1863 Εἶτα
1138 1804 1325 1874 έπαννιιως
1303 1827 1331 1862 το
1346 1804 1458 1880 οἴκημα,
1473 1807 1518 1864 καί
1530 1807 1650 1886 πρεσόεις
1662 1814 1725 1889 παρ

130 1883 195 1998 ηρχε
207 1894 261 1948 τῶν
280 1890 424 1967 Ακατίρων
439 1891 533 1947 καλ
498 1915 550 1948 των
563 1892 659 1948 λοιπῶν
675 1896 752 1950 ἐθνῶν
763 1898 909 1968 νεμομένων
957 1890 1033 1948 αὐτὸν
1046 1890 1156 1960 ἥκοντας
1169 1891 1314 1969 βαρόαρους
1327 1892 1368 1948 3
1356 1915 1367 1948 ε
1369 1914 1440 1969 pero

98 2041 103 2050 Ι
129 2001 177 2047 την
191 1999 259 2056 προς
280 1999 326 2034 τον
341 1977 441 2035 Πόντον
454 1980 532 2035 Σκυθ
512 1977 595 2047 θικην.
618 1975 757 2037 ’ὲΕνδονθ
778 2003 821 2037 του
836 2003 909 2058 περι·
993 1977 1099 2051 Εμοὶδ
1086 1975 1210 2035 δέόπεκδ
1197 1981 1319 2056 δεχομε
1279 1977 1327 2034 ένω
1352 2002 1395 2035 τον
1417 1979 1573 2056 Ὀνηγήσιον
1592 1982 1726 2059 Ρωμόλος

132 2065 210 2122 Εολου
221 2065 337 2122 πλεῖστα
352 2063 524 2141 έτόγχανεν’
502 2064 648 2140 οικήματα,
658 2061 731 2121 τό
702 2089 749 2141 μεν
758 2066 909 2124 έκσανίδων
954 2063 999 2120 καί
1015 2067 1164 2144 Προμοῦτος
1183 2066 1227 2122 καὶ
1241 2065 1376 2140 Ῥωμανος
1394 2069 1417 2123 οἱ
1431 2065 1456 2133 ἐξ
1480 2067 1592 2135 Ἰταλίας
1614 2071 1727 2136 ἐλθόντες

131 2150 269 2230 ε’γγλιίρων
285 2149 333 2208 καί
352 2150 525 2229 ἡρμοσμένων
539 2153 574 2217 εἰς
595 2151 764 2230 εὐπρέπειαν,
785 2151 819 2209 τότ
833 2153 859 2209 δὲ
879 2156 909 2211 tx
955 2151 1032 2228 παρδ,
1048 2152 1092 2208 τὸν
1112 2151 1237 2222 Ἀττήλαν
1259 2152 1380 2228 πρέσόεις
1405 2157 1455 2210 τῶν
1470 2156 1568 2232 ιριολῶν
1587 2154 1660 2214 ἕνεκα
1675 2163 1726 2215 τῶν

133 2240 214 2295 δοκῶν
228 2239 435 2316 κεκαθαρμένων
450 2236 495 2294 καὶ
508 2236 571 2314 πρὸς
583 2236 708 2308 εὐθύτητα
719 2237 909 2313 ἐπεξεσμένων,
953 2241 1066 2315 χρυσῶν,
1080 2238 1256 2345 συμπαρόντος
1270 2240 1355 2303 αὐτοῖς
1370 2239 1414 2296 καί
1428 2238 1591 2298 Ῥουστικίου
1603 2247 1647 2299 τοῦ
1659 2243 1727 2300 κατδι

133 2323 341 2400 ίμόεόλημένων
357 2323 385 2381 δέ
402 2321 639 2428 ἱόλοις[κυ’κλους]
628 2325 832 2401 ]οἰποτελοῦαιν·
826 2328 868 2381 ·οἱ
882 2325 908 2382 δέ
957 2325 1146 2397 Κιινσταίντιον,
1171 2347 1215 2381 και
1246 2325 1473 2397 Κωνσταντιόλου,
1499 2328 1589 2404 ἀνδρὸς
1622 2332 1651 2386 ἐκ
1681 2334 1728 2398 τῆς

131 2411 221 2468 κύκλοι
244 2411 276 2466 ἐκ
296 2415 341 2467 τοῦ
361 2410 504 2489 ίδόρους
491 2409 630 2487 αρχόμενοι
647 2410 710 2475 343t
706 2415 753 2490 ρος
778 2409 910 2469 όνέόαινον
957 2410 1123 2468 Παιονων
1087 2433 1230 2488 γωοαςτης
1241 2411 1290 2468 ὑπὸ
1300 2412 1411 2491 Ars-Aba
1420 2435 1591 2487 ταττουενης,
1604 2417 1627 2480 ἐς
1639 2415 1728 2492 λογους

132 2495 256 2572 μετρίως.
279 2495 458 2555 Ἐνταυθα”
426 2519 472 2565 της
494 2495 605 2566 Ἀττήλα
619 2495 909 2602 ένδιαιτωμένηςγαμε
955 2488 1041 2567 ἦλθον,
1056 2520 1100 2554 και
1091 2495 1250 2576 όνηρωτων
1263 2520 1370 2577 ποτερον
1381 2498 1559 2578 διτρείθτμεν
1570 2499 1728 2608 ’ἲγέπιμέγειν

132 2589 191 2654 τῆς,
206 2580 299 2640 διδ
264 2605 317 2640 των
330 2605 437 2661 προςτη
421 2581 563 2660 θόραβα
546 2583 669 2661 ρόοιρων
681 2582 774 2660 έτυγυν
793 2583 908 2655 εἰσόδου,
956 2583 1162 2659 ἀναγκαζόμεθα.
1182 2584 1235 2642 Καί
1250 2585 1313 2658 έμου
1334 2607 1477 2664 ρησαντος,
1493 2589 1526 2650 ῶς
1546 2585 1637 2644 τούτου
1650 2589 1728 2668 χάριν

132 2693 176 2728 και
194 2669 335 2738 αὐτ-ι’·,νέπι
353 2668 506 2746 στρώματος
519 2671 636 2743 μαλακου
658 2670 779 2744 κειμένην
798 2669 911 2729 κατέλα-
955 2670 1110 2744 πευσόμενος
1125 2693 1170 2727 του
1185 2669 1342 2746 Ὀνηγησίου
1356 2679 1407 2737 τοῖς
1428 2671 1573 2750 πιριόόλοις
1594 2696 1727 2752 προσκαρ-
1757 2697 1759 2700 ·

133 2755 191 2826 eos,
210 2763 267 2819 τοῖς
283 2756 314 2812 ix
333 2759 379 2824 τῆς
394 2753 467 2832 ἐρέας
490 2757 614 2822 πιλωτοῖς
627 2761 672 2815 τοῦ
687 2757 795 2836 έδόρους
815 2779 912 2816 σκεπο-
955 2759 1037 2833 τερῶ,
1052 2757 1097 2814 καί
1107 2757 1331 2834 ἀντερωτήσαντος
1344 2761 1365 2816 εί
1378 2760 1462 2823 αὐτοῖς
1474 2761 1487 2815 θ
1498 2758 1621 2829 Ἀττήλας
1628 2761 1727 2838 ἥμερόν

133 2843 226 2918 μένου,
244 2839 314 2898 ὥστε
333 2845 374 2899 ἐπ’
396 2845 480 2899 αὐτῶν
502 2842 623 2919 βαδίζειν.
647 2846 770 2921 Περιεῐπε
788 2842 815 2900 33
830 2842 910 2912 αὐτὴν
956 2864 980 2898 τι
992 2841 1036 2899 καί
1052 2851 1133 2919 πρᾶον
1148 2847 1206 2921 περὶ
1222 2843 1361 2922 πρεσόείας
1382 2845 1554 2920 ἀπεκρίνατο,
1567 2847 1654 2923 έλεγον
1677 2871 1727 2922 μη-

133 2929 298 3006 θεραπόντων
313 2930 411 2996 πλῆθος
432 2925 534 3006 κύκλῳ·
556 2929 601 2986 καί
624 2931 779 3005 θεράπαιναι
801 2929 845 2986 ἐπί
866 2935 910 2986 τοῦ
956 2929 1044 3004 δαμῶς
1057 2929 1261 3008 μετατρέπεσθαι
1276 2936 1321 3000 τῆς
1336 2931 1455 3008 γνόιμης,
1469 2932 1536 2989 α’λλδι
1551 2934 1664 3008 πολεμον
1678 2958 1727 2992 κα·

132 3015 242 3094 έόόρους
258 3013 366 3088 ἀντικρὺ
379 3015 459 3082 αὐτῆς
471 3013 616 3088 καθήμεναι
626 3014 713 3080 όθόνας
725 3013 849 3093 χρώμασι
861 3015 907 3070 διεΙ
955 3015 1115 3092 ταγγέλλειν,
1130 3019 1152 3074 εἰ
1168 3017 1204 3092 μή
1220 3041 1249 3094 γε
1265 3020 1335 3095 αὐτῷ
1350 3017 1477 3084 Σιλὸανὸς
1492 3019 1509 3089 ἢ
1530 3019 1562 3076 ri
1584 3020 1727 3095 ἐκπώματα
1741 3064 1743 3070 ‚

131 3179 175 3226 sibi
187 3177 341 3240 preciperet.
353 3196 365 3219 ν
383 3183 420 3226 An
436 3179 536 3226 Romani
547 3177 693 3236 existimant,
708 3177 802 3238 inquit,
819 3191 844 3226 se
858 3179 913 3227 ullis
955 3193 1024 3228 verso
1034 3181 1100 3229 Ιιιιιιιί
1113 3182 1221 3230 sedentes
1234 3182 1292 3230 telas
1308 3183 1429 3230 coloribus
1445 3183 1604 3244 variegabant,
1616 3198 1671 3246 ηοω
1686 3197 1726 3232 re·

132 3256 245 3314 Pffflibtss
255 3253 351 3302 ‘witti
364 3265 442 3313 3⁰⁵&
456 3255 483 3300 ”A
496 3251 580 3313 prodat
588 3252 711 3314 d⁰¹¹¹i⁰¹lfl¹
721 3265 801 3312 suum,
811 3257 836 3301 θλ
846 3252 912 3301 ”Atili
955 3260 1032 3308 stibus
1040 3261 1195 3308 barbaromm
1205 3261 1234 3308 ari
1245 3265 1355 3309 ornatum
1371 3260 1589 3321 superinjiciuutur.
1603 3265 1677 3310 cerm
1688 3274 1726 3310 sa·

134 3334 206 3382 satiat
219 3332 390 3382 educationem
405 3331 468 3392 apud
480 3331 593 3392 Selium,
608 3343 694 3379 utores
707 3333 731 3379 τί
747 3331 833 3379 liberos
845 3344 910 3390 suos,
956 3336 1071 3396 lutala,et
1081 3337 1218 3384 urtrneribus
1226 3336 1325 3396 traditis,
1334 3349 1449 3397 egressus,
1458 3336 1660 3396 exspectansdum
1670 3341 1728 3386 Ono

134 3426 211 3473 neque
221 3411 340 3473 potiorem
350 3411 423 3458 ducat
431 3409 494 3470 apud
508 3411 604 3458 Attilam
612 3410 758 3478 servitutem,
768 3423 840 3471 quiam
848 3409 911 3471 apud
956 3415 1033 3474 gestus
1041 3415 1103 3477 regia
1113 3415 1188 3463 exiret
1200 3415 1262 3474 (iam
1272 3414 1334 3462 enim
1345 3413 1439 3463 edomo
1446 3427 1490 3462 sua
1501 3414 1558 3463 illuc
1566 3416 1687 3474 venerat),
1698 3415 1727 3462 ad

134 3491 255 3537 itmnanos
273 3488 466 3549 ingentesopes?
479 3507 490 3529 ν
501 3489 613 3535 ceterum
630 3499 655 3536 sc
670 3485 735 3534 domi
750 3489 912 3536 remanentem
957 3490 1047 3552 reliqua
1061 3491 1175 3549 aedilicia,
1190 3491 1231 3538 ubi
1244 3491 1328 3540 Allitas
1339 3489 1540 3550 commorabatur,
1559 3493 1669 3552 processi.
1683 3493 1728 3539 llic

136 3567 222 3628 majori
235 3579 321 3614 eorum
330 3565 401 3614 rebus
409 3565 548 3626 adjumento
558 3566 674 3625 loturum,
682 3566 816 3628 quippequi
824 3566 913 3615 dommi
957 3569 1015 3618 dum
1032 3584 1074 3631 ego
1091 3573 1178 3618 starem
1192 3583 1246 3618 curn
1260 3569 1350 3630 reliqua
1368 3569 1521 3618 multitudine
1537 3571 1593 3628 (nec
1613 3571 1676 3618 enim
1688 3583 1728 3617 ac·

134 3643 194 3690 iram
203 3643 320 3704 plaearet,
327 3642 347 3690 si
355 3643 474 3703 quibusin
484 3642 555 3692 rebus
562 3643 674 3692 Romanis
683 3644 832 3702 irasceretur,
840 3656 913 3704 quam
956 3659 1022 3694 cessu
1037 3647 1108 3694 rullius
1122 3647 1165 3694 loci
1180 3646 1330 3707 prohibebar,
1346 3647 1434 3707 quippe
1446 3646 1487 3706 qui
1499 3647 1578 3694 Attilae
1591 3645 1730 3694 custodibus

134 3721 154 3768 si
165 3721 196 3768 ad
206 3735 249 3769 eos
263 3720 380 3768 accedens
393 3720 553 3768 criminationi
567 3733 592 3769 se
604 3719 732 3780 objiceret,
745 3723 765 3768 si
782 3721 842 3768 torte
855 3720 913 3781 quiid
957 3726 981 3771 et
991 3723 1104 3780 barbaris,
1114 3723 1154 3784 qui
1163 3736 1218 3772 eum
1232 3723 1417 3782 assectabantur,
1428 3734 1492 3770 eram
1507 3725 1578 3770 notus
1587 3723 1606 3782 ),
1618 3722 1665 3770 vidi
1678 3736 1728 3769 ma·

136 3799 310 3858 contraquam
327 3797 407 3846 Attilae
425 3796 555 3845 rationibus
568 3797 719 3844 commodum
740 3796 861 3844 rideretur
877 3798 913 3845 la·
957 3811 1027 3858 guum
1046 3799 1141 3848 turbam
1158 3801 1337 3856 accurrentem,
1351 3813 1406 3859 ηιιω
1419 3799 1551 3846 tumultum
1566 3801 1589 3846 et
1604 3799 1729 3860 strepitum

135 3877 209 3922 cerei.
222 3877 284 3928 Qnae
294 3885 371 3934 quum
382 3873 480 3922 dixisset
491 3873 584 3921 etmihi
597 3873 690 3920 veniam
700 3871 802 3920 dedisset
814 3884 870 3920 eum
884 3871 914 3920 de
959 3874 1031 3923 celeus
1049 3876 1141 3923 exitum
1160 3875 1238 3924 Attilae
1251 3875 1439 3936 prestolabatur.
1452 3873 1557 3922 ‘landem
1568 3875 1650 3924 Attilae
1659 3875 1730 3923 eloneo

137 3951 186 4008 bis,
197 3962 256 4010 quse
274 3963 305 3997 es
322 3950 373 4010 ipso
388 3949 517 4009 inlelligere
533 3961 687 4010 cuperemus,
703 3947 805 3996 adcundi
819 3948 914 4007 (blaxb
957 3965 1076 4012 egressus,
1088 3953 1151 4011 gravi
1163 3951 1459 4009 vttltu,lrucillucoculos
1472 3951 1730 4012 torquens,eun10uc-

137 4029 202 4076 mino
213 4027 279 4075 enirn
290 4024 440 4088 indignitate
451 4027 581 4076 constituto
592 4040 676 4090 partlm
689 4026 913 4075 decoruseratcon·
957 4029 1019 4088 gesto
1035 4042 1077 4089 pro
1088 4027 1179 4075 aedibus
1193 4027 1305 4076 substitit.
1323 4029 1367 4075 illc
1382 4039 1438 4074 eum
1453 4026 1536 4085 mulii,
1555 4026 1642 4087 quibus
1660 4031 1729 4076 eraut

138 4103 223 4152 uonna
233 4104 386 4166 congressio)
393 4137 401 4162 ,
415 4103 482 4153 abiit.
497 4103 611 4152 Postridie
622 4103 652 4151 ad
663 4102 750 4151 domus
761 4103 840 4151 Attilae
852 4103 914 4151 inte-
958 4105 1025 4166 lites,
1041 4105 1165 4164 adierunt,
1183 4108 1208 4152 et
1218 4104 1269 4164 ejus
1281 4103 1397 4162 iudicium
1409 4106 1561 4164 exceperunt.
1579 4103 1671 4152 Deinde
1683 4104 1726 4152 do·

138 4181 201 4227 riora
214 4183 284 4239 septu
299 4192 338 4227 me
349 4179 440 4228 contuli
455 4179 517 4228 dona
534 4181 610 4228 tereos
619 4180 670 4239 ejus
680 4179 763 4238 uxori,
776 4192 831 4240 ηιιω
841 4181 915 4228 ceres
957 4194 1024 4229 minu
1041 4182 1145 4242 repetiit,
1161 4183 1185 4228 ct
1198 4181 1352 4228 barbarorum
1370 4181 1475 4240 gentium
1493 4180 1596 4241 togatos,
1610 4180 1651 4241 qui
1662 4179 1692 4228 ad
1704 4195 1729 4230 so

137 4256 278 4304 uocabatur.
292 4259 327 4304 Ex
339 4267 368 4303 oa
385 4258 434 4303 tres
452 4255 485 4304 illi
502 4255 582 4314 liberi,
600 4268 702 4316 quorum
721 4255 841 4302 maximus
856 4259 913 4303 natu
958 4260 1081 4312 venerant,
1093 4257 1196 4304 admisit.

135 4336 184 4396 jam
200 4338 255 4382 turn
272 4333 424 4382 Acatirorum
436 4335 461 4382 et
472 4335 615 4394 reliquarum
625 4334 745 4394 gentium,
760 4345 808 4394 qua
819 4333 915 4393 Scytltia
988 4337 1026 4382 lte
1037 4347 1102 4392 vero,
1115 4333 1173 4382 dum
1192 4333 1332 4394 Onegesium
1345 4333 1521 4394 exspectabam,
1535 4333 1657 4396 Romulus,
1670 4337 1728 4383 uro-

137 4415 166 4462 ad
181 4416 286 4461 Pontum
300 4414 382 4472 patet,
396 4424 495 4472 regnum
510 4412 615 4460 tenebat.
637 4413 702 4459 lutra
714 4411 754 4458 illa
766 4411 832 4472 septa
848 4413 916 4459 erant
958 4415 1040 4462 mutus
1051 4417 1075 4461 et
1087 4415 1213 4472 Romanus,
1227 4412 1296 4473 legati
1306 4411 1335 4460 de
1345 4411 1407 4460 rasis
1418 4411 1496 4460 aureis
1506 4425 1537 4459 ex
1550 4411 1617 4460 ltalia
1628 4413 1657 4460 ad
1668 4413 1729 4462 Atti-

138 4491 214 4538 multa
225 4488 335 4548 edificia,
346 4489 433 4549 partim
443 4479 471 4534 e’s
482 4487 570 4536 tabulis
580 4487 679 4548 sculptis
690 4492 714 4536 et
722 4487 841 4548 eleganter
850 4500 914 4536 conr·
958 4489 1005 4539 iam
1022 4490 1100 4549 intimi,
1114 4501 1161 4536 urna
1173 4501 1228 4535 cum
1248 4488 1362 4545 ilusticio,
1376 4487 1417 4548 qui
1433 4487 1457 4535 in
1469 4487 1584 4536 comitatu
1599 4488 1729 4537 Constantii

139 4567 226 4628 pactis,
240 4567 328 4628 partim
343 4578 373 4613 es
388 4565 495 4613 trabibus
504 4578 575 4626 opere
587 4577 648 4626 puro
664 4567 689 4613 et
704 4565 728 4612 io
747 4565 914 4614 rectitudinem
957 4570 1017 4628 erat,
1028 4570 1052 4615 ct
1062 4565 1262 4615 Constantioloex
1275 4569 1389 4614 Pnonum
1399 4565 1502 4626 regione,
1513 4579 1567 4627 quiae
1576 4565 1655 4615 Attilae
1664 4578 1730 4626 pare·

138 4645 228 4692 attabre
244 4643 343 4700 dolatis,
361 4655 416 4702 ηυαι
434 4641 551 4702 impositae
563 4644 630 4690 erant
639 4641 708 4702 lignis
719 4641 742 4689 in
754 4641 855 4690 circulos
863 4653 915 4690 eur·
958 4645 1008 4705 bnt,
1022 4657 1059 4692 me
1068 4648 1123 4692 sunt
1134 4656 1242 4692 sermono
1251 4642 1337 4702 adorti,
1348 4645 1372 4692 et
1381 4643 1593 4703 interrogaverunt,
1604 4645 1684 4691 utrum
1694 4641 1727 4689 di·

139 4723 221 4770 ratis:
243 4719 328 4768 circuti
351 4722 433 4766 autem
453 4719 532 4767 asoto
553 4719 577 4766 in
599 4718 743 4766 mediocrem
763 4718 914 4768 altitudinem
958 4721 1074 4780 missi,nn
1087 4733 1182 4768 manere
1194 4720 1390 4769 coactimsemus.
1407 4739 1419 4764 ι
1437 4719 1563 4781 idipsum,
1575 4719 1686 4779 inquam,
1700 4721 1726 4766 ut

140 4797 302 4858 assurgebant.
335 4794 516 4844 llicltabitabat
532 4795 736 4856 attttaeuxor,ad
751 4795 913 4857 quamabar·
958 4798 1031 4846 sciam
1046 4811 1075 4844 ex
1094 4797 1297 4858 onegesio,intra
1311 4796 1356 4844 ista
1372 4797 1437 4856 septa
1453 4795 1569 4858 opperior.
1586 4797 1667 4842 »Τιιια
1683 4807 1726 4854 ogo

140 4875 209 4932 baris,
221 4873 264 4934 qni
275 4873 340 4920 circa
349 4871 435 4931 ianuas
444 4874 519 4930 erant,
530 4873 613 4920 unctus
625 4872 728 4930 adituro,
740 4871 816 4933 ipsam
831 4869 915 4933 deprc·
958 4874 1011 4922 illos
1031 4873 1131 4922 uicissim
1144 4872 1308 4934 percunctari,
1320 4884 1350 4919 an
1364 4869 1460 4933 aliquod
1477 4871 1534 4919 mito
1548 4873 1684 4931 responsum
1696 4871 1725 4918 ad

140 4949 240 4998 tundiio
255 4949 324 4996 molli
340 4948 447 5008 stragula
459 4948 585 5007 jacentem.
597 4951 654 4996 Erat
663 4952 742 4996 autem
752 4948 914 5010 pauimentum
959 4964 996 5010 ea,
1007 4949 1037 4998 de
1049 4949 1136 5012 quibus
1144 4949 1213 5010 legati
1225 4950 1347 5006 venerant,
1359 4948 1389 4996 ab
1399 4946 1471 4996 Attila
1485 4948 1601 4995 tullissent.
1634 4949 1727 5006 lleqrrn·

140 5027 211 5076 laneis
222 5025 346 5088 tapetibus
354 5027 468 5082 stratum,
479 5025 595 5086 inertibus
604 5026 760 5075 constitimus.
771 5030 830 5074 Eum
839 5027 915 5073 tamu-
958 5039 1030 5088 quam
1040 5027 1107 5074 aiunt
1117 5025 1184 5073 illum
1198 5024 1282 5074 deduci
1295 5024 1446 5080 asenlcniin,
1458 5022 1498 5071 sed
1511 5022 1598 5069 bellurn
1611 5020 1694 5068 nrirrari
1704 5025 1728 5069 ct

140 5104 216 5154 lorum
228 5101 364 5152 multitudo
374 5101 399 5150 in
411 5101 494 5150 orbern
507 5102 684 5164 circumstabat,
697 5107 720 5152 ct
730 5102 820 5152 ancillas
831 5115 862 5150 ex
871 5101 913 5152 ad·
959 5103 1136 5164 denuntiarc,ni
1144 5102 1260 5164 sylvanus
1268 5103 1310 5150 aut
1318 5099 1530 5163 poculadcdunlur.
1539 5100 1727 5160 llosveroquruu
