3842 5726
789 362 1037 425 FRAGMENTA.
1678 387 1712 434 'll

118 492 169 570 Ρίθθ
180 491 207 550 δὲ
220 481 295 558 οθῐῠς
309 489 401 569 Mlti?
414 489 502 561 mittit
514 490 615 556 ἒλπίδθς
625 490 759 570 κρείττων,
771 493 891 569 titillat&
936 494 962 554 δὲ
976 496 1129 574 ἀρχομένων
1152 501 1177 566 ἐς
1198 498 1226 558 τὸ
1245 499 1324 559 καλὸν
1344 502 1588 578 μεταπλασθέντων,
1608 505 1653 562 καὶ
1667 510 1713 574 τῆς

118 585 200 660 ἀρετῆς
213 579 352 638 ἀποδέων·
375 578 478 644 οὐδενὸς
491 577 542 657 γάρ
558 577 595 653 μὴ
616 577 720 637 ὅτιτῶν
736 582 794 638 καθ’
814 580 891 638 αὑτὸν
935 584 1040 660 ἀγωγῆς
1050 586 1285 664 ἐπιτυγχανούσης,
1301 587 1331 646 τό
1344 595 1374 668 γε
1386 588 1460 666 (τότε
1471 592 1521 667 Β.)
1537 590 1606 649 neri
1621 594 1712 674 μικρὸν

116 669 249 746 ἀνθρώπων
265 665 407 745 [ἐλείπετο
416 666 439 744 ],
455 665 524 723 ἀλλά
534 667 579 724 καὶ
593 667 646 733 τοῖς
661 667 780 735 παλαιοῖς
796 667 891 736 δίκαιος
935 671 1088 748 προσιόντος
1104 676 1165 752 ῥᾷον
1180 673 1222 732 ἐπὶ
1236 676 1266 733 τὸ
1280 677 1393 756 κρεῖττον
1406 679 1601 746 ἐνταθήσεσθαι.

115 748 446 833 ἦνπαραάάλλεσθαι,καὶ
458 752 557 812 τούτων
569 761 623 821 τοῖς
634 752 701 830 ἄγαν
712 756 889 832 εὐδοκιμοῦσιν
975 763 1069 818 Suidae
1089 763 1184 818 locum
1205 767 1335 840 Eunnpio
1354 768 1510 824 vindicavit
1532 771 1654 826 Valesius
1678 771 1715 825 nd

114 847 144 910 εἷς
159 843 291 908 ἅπαντας·
304 839 332 908 ἀς
347 863 376 916 γι
392 841 565 920 φιλοπόλεμος
579 840 627 917 μὲν
641 839 687 914 ὢν,
708 840 804 912 ἥκιστα
819 845 890 923 φιλο·
935 851 1077 921 Ammiun.
1089 852 1202 923 XXXI,
1215 871 1258 908 ιι.
1268 855 1412 910 Nonnulla
1424 874 1458 910 ex
1471 875 1505 911 eo
1518 858 1619 912 iterum
1633 858 1715 912 asfert

113 933 220 995 nivium:
233 922 267 1000 ἦν
279 953 287 966 ·
301 931 330 988 οὗ
348 931 381 986 δι’
394 927 494 1000 ἑαυτὸν,
511 932 561 987 τῶν
576 928 728 1010 ἀρχομένων
745 929 772 988 δὲ
787 929 889 991 ἕνεκεν·
935 937 1035 994 Suidns
1049 958 1077 992 v.
1096 935 1226 1003 Κολοσσός
1245 951 1273 995 et
1294 940 1523 1020 Προσκεκρουκύις.
1544 944 1587 1000 Cf.
1604 947 1710 1001 Zosim.

112 1019 251 1098 χρημάτων
265 1017 294 1076 δέ
308 1020 380 1096 αύτῷ
394 1015 507 1088 πλήθους
526 1016 627 1094 ἔμελεν,
648 1017 697 1076 όσα
712 1017 740 1076 τὸ
756 1022 833 1096 σῶμα
847 1019 890 1078 διὰ
935 1029 993 1099 111,
1006 1025 1054 1082 αθ.

112 1113 156 1164 τῶν
179 1109 271 1164 ὅπλων
294 1105 436 1180 κοσμήσειν
459 1105 570 1180 ἔμελλε·
592 1103 689 1186 τροφὴν
708 1103 734 1164 δὲ
756 1106 890 1186 προῄρητο
1350 1171 1357 1184 ‚

112 1195 224 1274 σκληρὰν
237 1194 287 1254 καὶ
301 1198 436 1272 τραχεῖαν,
450 1194 494 1251 καί
507 1193 555 1264 ὅση
567 1191 677 1270 καμόντι
688 1194 776 1269 ἤρκει,
791 1196 836 1252 καὶ
846 1199 889 1276 dp·
1205 1169 1435 1230 ΘΕΟΔΟΣῙΟΣ·

111 1283 218 1362 μωμέιῳ
226 1281 293 1362 πρὸς
300 1281 419 1356 κάματον
428 1283 475 1339 οὐκ
484 1273 516 1352 ἦν
525 1281 645 1360 κώλυμα.
658 1280 891 1362 Φιλοστρατιώτης
1299 1319 1336 1386 ,8

109 1370 132 1428 δὲ
150 1367 187 1427 ὧν
202 1368 394 1449 διαφερόντως,
408 1369 579 1447 στρατιώταις
594 1374 640 1429 οῦκ
653 1371 803 1451 ἐχαρίζετο,
821 1368 889 1428 ἀλλὰ
1340 1361 1347 1374 ’

108 1459 190 1516 πᾶσάν
205 1481 235 1516 τε
251 1455 348 1536 άρῇρει
363 1455 512 1524 πλεονεξίαν
526 1457 572 1526 τὴν
586 1457 638 1516 ἀπὸ
652 1463 703 1516 τῶν
718 1457 830 1528 οἰκείων,
844 1457 889 1514 καί
974 1460 1042 1513 Exc.
1059 1461 1101 1514 De
1116 1471 1187 1515 sent.
1202 1481 1234 1535 p.
1248 1461 1303 1530 273
1320 1481 1326 1514 τ
1347 1460 1380 1518 Ὁ
1392 1458 1419 1517 δὲ
1433 1459 1554 1538 βασιλεὺς
1565 1461 1713 1533 Θεοδόσιος,

108 1547 134 1604 τό
145 1546 310 1625 ἁρπακτικὸν
327 1543 371 1602 ἐπὶ
383 1543 442 1611 τοὺς
454 1544 591 1621 πολεμίους
607 1545 729 1626 ἔτρεπεν·
742 1547 849 1613 ἐκόλαζε
862 1543 888 1603 δὲ
934 1543 1096 1622 παραλαίὼν
1111 1545 1240 1616 τοσαύτην
1257 1544 1341 1624 ἀρχὴν
1357 1546 1402 1604 καὶ
1417 1548 1561 1626 βασιλείαν,
1575 1573 1713 1630 συνεμαρ-

108 1637 217 1713 ίαχυρῶς
231 1633 295 1698 τοὺς
308 1632 520 1712 παραὸαίνοντας
532 1638 629 1705 ταῦτα,
643 1635 751 1700 καὶτοῖς
767 1632 889 1708 πειθομέ-
933 1630 1029 1708 τύρησε
1044 1640 1096 1697 τοῖς
1114 1634 1236 1700 παλαιοῖς
1257 1634 1347 1704 ἡλίκον
1362 1635 1417 1692 ἐστὶ
1438 1635 1517 1693 κακὸν
1537 1636 1653 1710 ἐξουσία,
1667 1639 1712 1697 καὶ

108 1747 154 1788 νοις
168 1725 204 1788 εἷς
220 1722 252 1779 τὸ
275 1711 345 1779 εἶναι
361 1723 392 1798 (i)
417 1721 616 1798 συνηγωνίζετο·
641 1723 731 1788 ἁπλῶς
746 1720 773 1778 δέ
797 1723 888 1793 εἰπεῖν,
934 1716 973 1775 ὅτι
983 1717 1046 1796 πρὸς
1060 1717 1093 1776 τά
1104 1720 1191 1777 πάντα
1204 1720 1328 1797 στεγανόν
1340 1744 1365 1779 τι
1376 1721 1422 1780 καὶ
1436 1721 1545 1798 μόνιμον
1558 1725 1627 1794 πλὴν
1639 1729 1714 1785 εὐτυ-

106 1812 250 1886 ὑπόδειγμα
265 1808 313 1867 καί
322 1813 480 1888 χαρακτῆρα
495 1812 618 1888 παρεῖχεν
628 1809 718 1867 ἑαυτὸν
729 1811 832 1889 ἀρετῆς·
845 1834 887 1886 γε·
933 1805 993 1884 χίας
1005 1806 1148 1885 ἄνθρωπος.
1163 1808 1203 1866 Οὐ
1222 1806 1271 1885 γάρ
1281 1806 1376 1888 ἔφθασε
1390 1809 1526 1888 παρελθὼν
1541 1811 1584 1868 ἐπὶ
1597 1810 1645 1882 τὴν
1664 1818 1711 1891 ἀρ-

106 1897 181 1972 pii<
190 1897 273 1956 attari
282 1897 460 1974 μαγάλαιςκαὶ
468 1899 602 1974 λαμπραῖς
609 1896 786 1978 στρατηγίαις,
797 1897 887 1977 ὥσπερ
933 1891 996 1970 χὴν,
1010 1893 1054 1950 καί
1066 1893 1183 1973 καθάπερ
1198 1895 1331 1974 μειράκιον
1348 1896 1540 1970 μελλόπλουτον
1555 1898 1652 1978 πατρὸς
1668 1901 1711 1958 ἐπὶ

106 1987 243 2046 ιἰῬσάίων
264 1984 405 2060 κολοσσὸς,
422 1983 465 2041 διὰ
480 1982 585 2060 μέγεθος
604 1987 817 2055 καταπληκτικὸς
838 1983 885 2059 ὢν,
932 1980 1018 2060 χρόνῳ
1032 1981 1118 2040 πολλά
1131 1981 1259 2060 χρήματα
1280 1982 1470 2062 σεσωρευκότος
1485 1983 1528 2042 διὰ
1543 1987 1712 2067 σωφροσύνην

109 2076 150 2130 οὐκ
170 2073 243 2130 ἔστιν
263 2072 404 2148 ἐράσμιος,
427 2073 545 2137 κάκεῖνος
565 2071 608 2128 διά
628 2070 657 2129 ri
672 2073 885 2152 ἀριλοχρήματον
932 2069 977 2128 καί
990 2068 1086 2149 φειδὼ,
1102 2069 1199 2148 ἀθρόως
1211 2075 1349 2149 κυριεῦσαν
1360 2075 1411 2130 τῶν
1423 2073 1586 2152 πραγμάτων
1602 2077 1711 2154 σροθρόν

108 2159 253 2236 θαυμαστὸς
268 2157 315 2228 ὢν,
330 2160 377 2216 οὐκ
391 2156 454 2234 ἔσχε
470 2156 563 2236 χάριν·
575 2158 790 2238 προσκεκρουκὼς
803 2157 830 2216 δὲ
843 2161 885 2216 διὰ
932 2181 988 2215 τινα
1003 2157 1048 2216 καλ
1060 2161 1180 2217 παντοῖον
1193 2158 1296 2237 ὄλεθρον
1309 2159 1378 2218 κατὰ
1388 2164 1438 2218 τῶν
1454 2161 1606 2239 εὑρεθέντων
1619 2163 1711 2239 μαίνε-

109 2249 207 2323 γιόιμης
226 2245 358 2326 ὀρθότητα
371 2249 425 2312 τοῖς
448 2251 666 2321 κατακοιμισταῖς
693 2245 821 2324 εὐνούχοις
835 2251 886 2306 τῶν
931 2268 991 2322 ται,
1010 2243 1078 2304 οὕτω
1096 2243 1142 2303 καί
1156 2245 1213 2303 τότε
1236 2239 1266 2318 ἦν
1282 2250 1381 2327 ὁρῶντα
1403 2249 1554 2306 ἐπισκοπεῖν
1575 2249 1664 2330 ὥσπερ
1682 2254 1710 2310 ἐκ

109 2335 244 2412 βασιλέων,
259 2333 366 2399 εὔκολος
380 2330 417 2390 ὧν
431 2331 475 2390 tri
487 2331 579 2389 πενίαν
593 2332 638 2390 καὶ
652 2337 746 2413 κοῦρος
760 2335 794 2398 εἷς
806 2357 886 2410 μετα·
931 2337 1073 2412 περιωπῆς,
1084 2333 1126 2390 τόν
1137 2356 1166 2408 γε
1176 2333 1301 2412 ἔμφρονα,
1315 2332 1415 2410 μηδένα
1425 2335 1520 2414 τρόπον
1531 2337 1709 2414 ἀμελούμενον

108 2425 238 2494 ια’σταστιι,
253 2421 375 2500 θιεδέχθη
390 2425 436 2492 τῆς
449 2421 618 2499 στρατηγίας.
908 2419 911 2439 '
931 2421 1026 2488 κακίας
1049 2421 1094 2479 καὶ
1109 2421 1250 2486 ἀκολασίας
1272 2424 1296 2488 ἐς
1310 2421 1357 2494 τὴν
1380 2422 1467 2494 κοινὴν
1481 2428 1532 2482 τῶν
1547 2427 1709 2504 πραγμάτων

99 2536 105 2548 ·
143 2516 210 2569 Εκο.
229 2516 274 2568 De
293 2523 365 2567 sent.
381 2531 411 2586 p.
433 2530 507 2580 σγα,
525 2512 582 2580 273
609 2507 887 2576 τὈτιΣεόαστιανὸς
931 2511 1082 2589 διαφθοράν.

105 2599 149 2668 τὴν
160 2599 306 2678 ἡγεμονίαν
318 2597 392 2675 παρά
409 2601 455 2654 τοῦ
471 2595 599 2674 βασιλέως
613 2597 759 2663 Οὐάλεντος
775 2597 887 2676 εἰληφὼς
971 2597 1077 2675 ’sinopici
1089 2595 1140 2676 γάρ
1154 2597 1218 2675 πρὸς
1232 2599 1352 2678 εἷσρορθις
1367 2601 1509 2662 ἀκίνδυνον.

105 2688 293 2766 παραστάντων
304 2686 428 2744 ὑπόνοιαν
440 2685 580 2764 δισχιλίους
586 2684 685 2765 ᾔτησεν
694 2685 813 2752 ὁπλίτας.
826 2689 851 2746 Τ
853 2685 885 2757 ἦν
971 2689 1155 2762 «Eunapium
1167 2689 1331 2744 Christianis
1342 2691 1473 2746 omnibus
1483 2693 1565 2748 fuisse
1573 2693 1712 2749 inieusum

103 2777 128 2836 it
142 2777 262 2846 ἐξουσίαν
276 2780 323 2846 τῆς
335 2775 458 2854 αἱρέσεως
475 2774 550 2841 αὐτὸς
565 2775 731 2854 ἐπιτραπεὶς,
744 2780 789 2834 τοῦ
806 2779 885 2850 βασι·
930 2777 1150 2850 imperatoribus
1161 2778 1376 2832 sutisnovimus.
1392 2779 1445 2834 Hic
1457 2791 1550 2834 autem
1560 2782 1713 2854 reprehen-

102 2865 163 2931 λε’ως
185 2865 234 2924 καὶ
256 2865 338 2944 χάριν
358 2862 652 2942 προσομολογήσαντος,
668 2863 709 2921 ὅτι
727 2861 885 2920 κινδυνεύσει
931 2864 973 2920 dit
990 2865 1141 2920 Theodosii
1154 2865 1268 2932 luxun13
1285 2865 1366 2934 cnjus
1380 2867 1598 2941 vituperationis
1617 2869 1710 2923 imito-

102 2955 157 3032 περὶ
167 2941 387 3032 θιαχιλίοαηελτα
401 2949 523 3028 ἐρομένου
533 2949 579 3020 τὴν
592 2950 687 3023 αἰτίαν,
698 2949 774 3020 δι’ἣν
785 2949 885 3026 ὀλίγους
931 2963 1021 3007 torem
1034 2953 1121 3007 habet
1132 2953 1277 3026 Eutropius
1290 2955 1451 3024 Zosimum,
1467 2957 1528 3028 qui,
1542 2958 1591 3026 lv,
1605 2974 1654 3026 ορ,
1672 2959 1713 3012 ait

103 3042 200 3112 αἰτιίη,
214 3040 248 3098 τά
261 3038 369 3098 λοιπθιθ
391 3037 568 3105 Σεθαστιανὸς
582 3039 631 3118 ἔφη
649 3037 693 3096 τὸν
711 3037 825 3112 πόλεμον
840 3041 885 3095 τύ·
930 3039 1119 3094 'liicodosium
1131 3059 1263 3094 exorsum
1275 3059 1333 3100 csse
1345 3043 1495 3116 imperium
1507 3063 1524 3098 a
1534 3045 1655 3111 luxuria,
1667 3063 1712 3098 so·
1774 3035 1785 3056 ¹

104 3129 189 3200 Ιιτζαειν
203 3154 210 3165 ·
225 3132 280 3194 τοῖς
293 3127 345 3206 γάρ
360 3117 390 3184 ed
403 3126 546 3204 πράττουσι
560 3125 669 3192 πολλοὺς
680 3123 884 3202 προσθήσεσθαι·
931 3127 1283 3202 eordiactprodigalitate.
1294 3131 1388 3202 Pergit
1396 3149 1485 3204 porro
1497 3132 1571 3186 idem
1583 3133 1711 3186 Zosimus

103 3219 196 3286 πλῆθος
211 3217 239 3274 δέ
255 3215 415 3292 μετακαλεῖν
431 3211 458 3279 ἐξ
473 3212 621 3289 ἀναγωγίας
633 3212 776 3270 δύσκολον·
792 3209 885 3288 ὀλίγων
930 3215 1083 3270 Theodosii
1097 3216 1195 3270 luxum
1216 3216 1377 3271 describere
1392 3219 1439 3284 IV,
1454 3217 1503 3274 αθ.
1526 3217 1574 3273 33.
1593 3215 1641 3273 50.
1658 3220 1713 3280 Sed

105 3395 144 3441 spe
160 3383 300 3430 meliorest
316 3381 443 3438 inventus,
464 3377 553 3426 uirilius
572 3377 669 3426 virtutis
687 3390 780 3438 expers.
803 3379 888 3426 illilus
931 3377 1089 3434 consecutus,
1109 3380 1195 3439 praeter
1215 3379 1324 3427 omnium
1346 3379 1548 3440 exspectationem
1565 3379 1614 3428 duo
1637 3381 1711 3429 mittin

107 3459 165 3508 min
174 3463 225 3506 erat
235 3471 286 3506 non
294 3457 373 3504 solum
385 3455 449 3504 illius
460 3456 538 3503 aetatis
548 3455 686 3514 bominum,
703 3453 744 3503 sert
755 3467 784 3502 no
796 3456 884 3516 prisco-
931 3453 1099 3502 tantummodo
1112 3454 1215 3504 militum
1225 3449 1363 3518 postularit.
1377 3460 1506 3518 Quumque
1520 3456 1542 3505 ei
1556 3456 1711 3506 delectnsnr·

109 3535 264 3597 nmqrridem
274 3537 299 3582 el
308 3547 394 3582 eornm
417 3533 458 3594 qui
472 3532 535 3594 apud
546 3545 630 3580 onmes
642 3531 711 3580 valde
720 3531 884 3592 celebrantur,
931 3531 1029 3580 bitriurn
1042 3533 1183 3594 permissum
1199 3534 1295 3595 tulisset,
1306 3533 1534 3596 eidemqucnratnm
1548 3537 1655 3584 animum
1664 3537 1709 3584 irn-

109 3625 160 3660 tum
176 3627 226 3674 qino
244 3626 294 3661 non
313 3613 392 3673 posset
408 3611 462 3672 jure
482 3611 624 3672 cnmparari.
644 3611 708 3670 Qui,
729 3623 806 3672 quum
824 3610 887 3660 belin
932 3611 1027 3671 perator
1040 3611 1252 3672 interemerunt
1265 3611 1464 3662 duobustantum
1483 3613 1585 3674 stipatus
1606 3613 1712 3663 millibus

108 3697 208 3752 maret,
232 3690 333 3738 minime
356 3691 438 3738 tamen
460 3688 622 3750 periculorum
649 3699 732 3736 amans
752 3693 816 3749 erat,
838 3702 887 3738 non
932 3687 1427 3754 proeliumexpeririauderet,insuperque
1442 3705 1540 3742 oausam
1555 3696 1650 3756 rogaret
1660 3696 1709 3741 tarn

108 3775 198 3832 popter
215 3783 256 3830 se,
275 3768 317 3817 sod
338 3771 436 3829 propter
453 3781 495 3816 eos
508 3767 596 3830 qrribns
611 3767 753 3828 imperabat.
775 3769 886 3818 Pecuniae
932 3777 1020 3826 paucos
1030 3766 1154 3827 poscendi,
1169 3787 1180 3809 «ι
1196 3771 1257 3826 Qum
1273 3767 1369 3828 desunt,
1386 3769 1470 3831 inquit
1484 3770 1646 3831 Sebastianus,
1660 3770 1711 3820 bel·

107 3849 196 3908 εορίααι
217 3845 334 3904 curabat,
349 3847 444 3893 lantum
457 3847 484 3894 ut
501 3857 589 3906 corpus
601 3845 675 3893 armis
692 3847 797 3908 ornaret.
813 3845 886 3894 t'ictu
931 3841 982 3892 lum
997 3841 1115 3904 inveniet;
1125 3857 1180 3892 narn
1194 3845 1301 3894 felicibus
1312 3845 1382 3894 multi
1393 3845 1551 3907 adjungentur
1563 3867 1568 3896 ι
1580 3860 1711 3898 ιιυινονοιο

106 3939 160 3974 rere
172 3926 290 3976 utebatur
299 3924 361 3974 doro
370 3927 395 3973 et
401 3937 494 3986 nepem,
504 3925 545 3987 qui
558 3924 602 3986 ipsi
611 3923 739 3986 defatigato
751 3925 886 3986 sufficeret,
931 3922 1109 3972 multitudinem
1119 3923 1257 3986 corruptam
1267 3937 1281 3971 a
1290 3923 1388 3986 perditis
1400 3925 1507 3975 moribus
1523 3939 1637 3976 revocare
1653 3941 1709 3989 per-

103 4008 127 4051 et
138 4005 168 4052 al
182 4003 294 4052 laborem
305 4001 373 4050 eunti
390 4013 437 4050 uon
447 4003 509 4050 esset
519 4000 699 4063 inpedimento.
714 4004 794 4058 Quum
804 4003 885 4051 autem
930 3998 1034 4048 arduum
1050 4003 1095 4049 est.
1110 4000 1230 4049 contrusi
1244 4001 1312 4062 {ranei
1322 4000 1353 4049 ad
1362 4002 1477 4052 virtutem
1485 4001 1600 4065 incipiant
1611 4005 1709 4064 retrahi,

103 4081 226 4142 inspice
232 4079 340 4128 militnm
349 4091 432 4128 amans
439 4082 509 4140 essct,
517 4077 756 4128 ritiistameneorum
764 4081 886 4140 nonginti·
931 4080 989 4126 lunc
1000 4077 1124 4141 disciplina
1135 4079 1242 4129 adbibita
1256 4079 1291 4128 illi
1302 4081 1390 4140 etiam,
1401 4079 1443 4142 qui
1457 4081 1709 4143 paulaltmaceelent,

101 4158 383 4218 finbatnnsedomnem
392 4157 486 4207 illorum
495 4157 886 4219 avaritiametrapncitalemesuis
931 4155 1024 4205 lucilius
1035 4157 1110 4205 vitam
1126 4156 1323 4206 emendabunt..

100 4235 495 4286 arertensinlxosteseonvertebat
505 4235 631 4296 lllosrero,
641 4234 740 4296 quilleno
748 4234 885 4296 violassent,
1295 4277 1330 4326 4⁸

100 4315 208 4372 natine
225 4312 359 4375 puniebat:
375 4313 596 4374 obtemperantibus
606 4325 662 4361 vero
677 4324 720 4373 pro
735 4311 826 4360 viribus
835 4317 886 4362 erat
1333 4315 1338 4326 ”

101 4391 254 4449 alienato.
272 4389 395 4450 Denique,
408 4393 437 4438 ut
451 4389 534 4452 paucis
547 4402 598 4438 rem
610 4389 749 4451 expediam,
763 4401 790 4438 se
807 4389 885 4450 ipsum
960 4387 1107 4436 Theodosios
1113 4387 1239 4448 Augustus,
1245 4387 1295 4434 tam
1304 4383 1603 4448 latadilioneimperioque
1611 4387 1710 4448 potitus,

101 4469 200 4516 sinclis
209 4466 347 4528 exemplum
357 4469 382 4514 et
391 4465 492 4527 elligiem
507 4466 643 4528 praestabat.
657 4467 684 4515 ln
701 4465 794 4527 magnis
804 4469 885 4516 autem
930 4465 1017 4514 veteris
1028 4464 1092 4513 citati
1103 4465 1228 4512 veritatem
1236 4462 1423 4521 demonstrarit,
1432 4463 1522 4514 malum
1532 4464 1621 4512 scilicet
1629 4465 1711 4526 ingens

102 4547 127 4592 et
145 4542 280 4606 splendidis
298 4542 408 4606 praeturis
428 4545 550 4603 versatus,
566 4549 593 4592 ut
609 4542 757 4592 ltbodlorum
773 4544 886 4594 Colossns
929 4557 980 4594 esse
990 4545 1140 4606 potestatem,
1148 4545 1221 4604 atque
1231 4542 1352 4590 hominem
1362 4543 1473 4604 quanvis
1481 4541 1512 4590 od
1523 4545 1602 4592 cetera
1610 4543 1707 4596 lirinum

103 4621 336 4684 ob'magnitudinem
351 4619 507 4670 lonnidabitis
515 4623 551 4670 en
560 4656 567 4676 .
575 4633 622 4668 non
632 4623 713 4670 antem
724 4620 840 4680 amabilis,
850 4621 885 4670 sic
930 4625 1002 4684 atque
1015 4623 1160 4672 obduratum
1171 4620 1277 4670 felicitati
1289 4623 1426 4670 tamennon
1442 4634 1510 4684 posse
1522 4623 1637 4672 resistere.
1649 4625 1708 4672 llam

105 4704 128 4746 et
139 4699 284 4762 illepropter
294 4697 407 4746 virtutem
417 4697 448 4745 ab
458 4697 559 4746 avaritia
570 4710 666 4759 prorsus
677 4697 779 4746 alienam
789 4734 795 4757 ,
806 4698 884 4748 adrni-
930 4703 1005 4751 veluti
1023 4701 1213 4750 adolescentulus
1223 4699 1370 4749 luculentam
1390 4701 1463 4762 patris
1479 4699 1635 4749 hereditatem
1654 4703 1707 4748 ‹llu-

107 4775 187 4824 rabilis
195 4775 293 4838 quidem
302 4775 367 4833 erat,
377 4773 417 4824 sed
428 4774 517 4822 nullam
530 4773 632 4824 babebat
644 4777 753 4836 gratiam.
767 4777 797 4824 nt
808 4789 884 4838 quum
930 4781 1000 4828 turno
1015 4777 1148 4840 trogalitalo
1164 4777 1356 4840 parsimoniaque
1372 4781 1464 4840 partam
1477 4779 1574 4839 repenle
1594 4777 1708 4838 adeptus,

109 4857 205 4914 propter
221 4855 306 4903 mentis
316 4853 484 4902 rectitudinem
492 4853 630 4902 ostendisset
644 4854 780 4912 eunuchos,
794 4856 884 4916 Regum
930 4855 1064 4906 vehementi
1074 4856 1178 4918 quodam
1192 4857 1329 4920 furiosoque
1338 4857 1428 4918 impetn
1439 4856 1469 4906 ad
1479 4855 1647 4918 prodigendam
1658 4870 1708 4905 rem

111 4932 247 4986 (Gratiani
267 4935 293 4982 et
318 4931 497 4982 Valentiniani
517 4933 552 4990 ll)
570 4930 739 4989 cubicularios,
762 4930 820 4992 ipsi,
842 4933 884 4994 qui
929 4933 1051 4982 inventam
1059 4933 1149 4994 rapitur
1160 4952 1166 4980 :
1177 4932 1211 4981 sic
1220 4936 1271 4982 lum
1282 4934 1368 4983 licebat
1380 4933 1479 4982 cordato
1491 4933 1580 4980 bomini
1592 4934 1707 4992 tanquam

111 5013 204 5070 propter
215 5011 378 5072 pnupertatem
391 5009 517 5070 expeditus
528 5011 552 5058 et
565 5008 596 5058 ad
607 5009 685 5058 locum
695 5009 839 5058 mutandum
852 5011 884 5060 la·
929 5009 1047 5072 especuta
1058 5011 1186 5060 observare
1192 5009 1354 5060 Theodosium
1365 5011 1395 5060 ad
1412 5023 1542 5059 commune
1558 5010 1591 5059 rei
1605 5009 1708 5070 publicm

112 5084 161 5133 cili
174 5091 239 5148 ent,
248 5087 339 5150 imperii
348 5099 473 5136 ευοεοεεοτ
483 5085 554 5136 datus
564 5088 607 5135 cst.
929 5089 1027 5139 exitium
1040 5089 1105 5137 omni
1114 5087 1265 5150 improbitate
1275 5088 1504 5150 intemperantiaque
1513 5089 1629 5136 ruentem.

145 5165 305 5228 ᾶιθεειίτιιυε,
316 5164 444 5228 imperium
455 5165 577 5227 copiarum
587 5164 618 5214 ab
632 5163 774 5227 imperatore
785 5165 885 5215 valente
965 5169 1061 5229 Egestas
1074 5165 1189 5216 adversus
1201 5164 1343 5227 imperatum
1355 5165 1473 5214 tribulum
1486 5165 1538 5214 tota
1554 5167 1598 5214 est.

1596 5254 1616 5291 u
