3766 5726
739 336 987 400 FRAGMENTA.

438 501 456 555 6

114 607 186 663 Idem
198 624 206 665 :
218 603 349 675 Μύκατα,
360 601 479 668 Βιθυνίας
490 599 579 672 πόλις,
591 601 624 666 ὡς
637 599 757 675 Δομίτιος
770 601 843 660 Καλ-

82 693 200 770 λίστρατος
208 692 233 748 ἐν
243 689 282 767 τῷ
293 689 360 769 Περί
372 677 530 766 Ἡρακλείας
540 687 667 766 τετάρτῳ.
679 689 751 744 cod.
767 689 844 742 uhe-

83 783 131 854 rlig.
145 801 152 836 ε
168 777 294 858 Πόκαρτα
308 801 338 837 π.
354 779 430 848 Bit„
449 780 483 842 ιίις
499 777 637 852 Δομάτιος.
650 777 773 856 ΙΑίῖιιιιιίε
787 796 845 831 non

82 881 139 924 nota
149 869 228 935 urbs,
240 869 294 922 nisi
306 866 381 922 forte
394 877 435 921 est
446 884 480 921 eu
494 885 556 939 quae
569 861 602 920 τδι
614 861 708 942 Πάδρα
720 865 843 940 appella·

82 967 120 1010 tur
128 973 172 1030 ap.
186 955 320 1010 Strabon.
333 973 364 1028 p.
380 951 447 1020 543.

364 1116 473 1171 LIBER
493 1117 542 1173 vl.

112 1243 212 1298 ldem:
235 1237 415 1310 Ὁδιοόπολις,
428 1237 523 1317 χωρίον
538 1236 697 1316 Ἡρακλείας
716 1241 762 1306 τῆς
783 1237 846 1316 πρὸς

79 1328 111 1403 τῷ
132 1327 234 1405 Πύνπρ.
258 1325 380 1404 Δομίτιος
402 1325 600 1405 Καλλίστρατος
620 1325 688 1406 ἕκτῳ
702 1329 754 1384 τῶν
779 1323 845 1404 Περὶ

78 1411 234 1492 Ἡρακλείας.
444 1492 461 1548 8

112 1607 186 1664 Idem
196 1628 226 1662 v.
242 1603 349 1670 Ὕπιος.
364 1605 436 1662 virle
449 1605 618 1680 Nymphidis
631 1605 667 1660 sr.
682 1613 709 1674 4,
724 1616 792 1660 tom.
806 1606 845 1674 11,

83 1711 108 1767 p.
123 1693 165 1752 13.

284 1827 308 1879 E
327 1824 441 1880 niuno
462 1822 629 1878 SEPTIMO.

443 1972 473 2027 9.

111 2085 185 2141 Idem
194 2103 202 2142 :
212 2079 352 2158 Ὀλύμπη,
361 2079 436 2145 πόλις
445 2077 584 2157 Ἰλλυρίοις,
594 2081 629 2146 ὣς
640 2079 760 2154 Δομίτιος
771 2082 847 2141 Καλ-

81 2168 203 2249 λίστρατος
217 2168 323 2248 ἐθδόμῳ
339 2167 406 2248 Περί
418 2165 587 2246 Ἡρακλιίας.

378 2325 541 2350 w-”O—-t

386 2375 388 2377 ’
426 2423 496 2504 ιω.

113 2559 255 2612 Athenaeus
268 2557 325 2625 v1,
336 2575 368 2630 p.
387 2554 456 2626 263,
468 2556 490 2610 E
504 2574 511 2608 :
525 2551 595 2631 ’,λάχ’
605 2543 648 2612 σύν
660 2550 703 2610 διδι
716 2558 792 2612 τοῦτο
804 2555 847 2613 καί

81 2641 230 2720 Εύρορίωνδ
247 2639 371 2706 θποποιθς
389 2637 449 2704 τοὺς
470 2639 668 2719 Μαριανδυνοὺς
689 2641 850 2722 δωροφόρους

81 2728 202 2800 ebdacos·
861 2735 864 2744 '

119 2863 244 2928 Δαραρόροι
253 2862 371 2912 καλεοίαθ’
381 2861 561 2926 ὑποφρίσσοντες
570 2861 679 2919 ἄνακτας.

80 2972 184 3050 ,θίγειδὲ
196 2975 242 3034 καί
256 2973 455 3053 Καλλίστρατος
472 2977 487 3031 θ
507 2971 724 3052 Ἄριστοράνειος,
739 2972 779 3032 δτι
792 2975 850 3042 τούς

81 3062 267 3141 Μαριανδυνοὺς
280 3061 415 3138 ὠνόμαζον
429 3059 477 3138 μὲν
492 3061 667 3142 δωρορύρους,
682 3066 850 3142 ἀφαιροῦντος

79 3149 105 3204 τὸ
117 3151 203 3226 πικρὸν
215 3153 262 3220 τῆς
277 3148 330 3206 rial
341 3151 394 3207 τῶν
407 3151 514 3206 οἰκετῶν
530 3147 719 3228 προσηγορίας,
731 3150 849 3230 καθάπερ

80 3237 235 3314 Σπαρτιᾶται
250 3233 299 3313 μὲν
313 3235 439 3307 ἐποίησαν
449 3235 492 3292 ἐπὶ
504 3239 555 3293 τῶν
571 3234 705 3309 Εἱλώτων,
720 3239 850 3296 Θετταλοὶ

80 3323 99 3378 δ’
119 3325 221 3383 ἐπὶτῶν
241 3326 385 3400 πενεστῶν,
408 3325 511 3402 Κρῆτες
530 3325 554 3380 δ’
569 3322 677 3380 ἐπὶτῶν
694 3325 846 3401 κλαρωτῶν.

79 3411 190 3469 λαλοῦσι
200 3409 227 3470 δὲ
237 3414 261 3470 οί
276 3413 377 3491 Κρῆτες
386 3410 444 3476 τούς
456 3409 504 3485 μὲν
514 3407 582 3467 κατδι
592 3409 667 3467 πόλιν
678 3410 778 3477 οἰκέτας
787 3433 849 3490 χρυ-

79 3497 217 3576 tanim,
229 3497 409 3576 ἀμφαμιώτας
423 3495 450 3554 δὲ
464 3495 523 3562 τοὺς
536 3496 596 3554 κατ’
611 3497 698 3575 ἀγρὸν,
711 3487 850 3578 ἐγχωρίους

76 3585 119 3654 μὲν
130 3585 217 3662 ὄντας,
231 3585 408 3650 δουλωθίντας
419 3583 448 3644 δί
465 3583 533 3642 κατὰ
548 3581 673 3660 πόλεμον·
686 3583 729 3642 διὶι
741 3585 771 3643 τθ
785 3587 849 3658 κλη·

100 3835 207 3895 ltceats,
220 3833 277 3883 arus
289 3834 425 3896 sturnis,
439 3755 520 3883 offuit
532 3835 603 3884 Dour.
620 3832 771 3884 callistratus
787 3833 849 3882 libro

72 3909 322 3975 deflendaqnsrto.
445 3979 461 4026 7

96 4058 253 4121 ilodiupclis,
272 4057 397 4108 castellum
415 4013 537 4108 Heracleus
557 4057 626 4119 juxta
646 4059 763 4119 Pontum,
781 4059 850 4122 cujus

69 4135 176 4185 maii
186 4135 307 4186 conium
317 4135 467 4185 callistratus
476 4135 537 4185 libro
546 4136 614 4184 sexto
624 4133 654 4184 do
664 4135 786 4185 tlaacleo.

95 4307 232 4372 clynpas,
243 4309 303 4358 urbs
310 4307 413 4371 lllyrisa,
424 4227 534 4358 utoltom.
545 4307 696 4360 calistratus
707 4307 750 4358 lib.
762 4311 816 4358 vll.

284 4434 338 4494 DE
358 4432 628 4496 SAMOTHRACE.

92 4563 151 4610 liae
161 4559 237 4623 &aar
245 4559 329 4608 ridere
339 4557 431 4620 raet,
444 4559 479 4608 las
488 4559 562 4608 etiam
575 4559 612 4608 ost
620 4557 704 4608 audire
712 4559 736 4607 ei
747 4557 851 4608 scribere

63 4637 90 4684 de
103 4637 167 4696 dlis,
181 4649 239 4700 φτ
249 4635 350 4686 tradldit
358 4635 509 4685 Callistratus
521 4635 625 4694 historico
640 4634 670 4684 de
679 4636 850 4686 Samothracia}

47 4715 131 4795 ,rcus
140 4719 245 4775 auram,
256 4717 282 4763 et
290 4715 390 4776 satyrus
404 4714 535 4776 pdscarunr
549 4712 685 4762 tabularum
695 4714 817 4776 collector,
827 4716 852 4764 et

62 4806 133 4852 quun
141 4793 185 4841 ald
193 4789 265 4840 nolti
272 4790 443 4839 tumareunus
450 4791 528 4850 ροείε,
535 4789 653 4848 omnium,
663 4803 724 4852 quos
731 4791 850 4852 norimus,

61 4869 254 4932 αιῖῖιγυαιῖιιιιια
272 4867 312 4916 Sic
327 4867 399 4928 igitur
411 4866 445 4914 iili
459 4865 568 4916 canini
585 4867 723 4927 :Chrysen
739 4867 852 4916 Pallantis

62 4947 146 5006 θῆαι,
165 4957 248 5008 quarn
267 4942 380 4992 Dardano
395 4942 530 5004 nupsisset,
545 4955 588 5004 pro
607 4942 663 4991 dote
680 4943 788 4992 attulisse
805 4945 850 4992 lll-

62 5035 139 5071 aerrae
146 5031 264 5079 ιιιαιιετα,
273 5019 376 5068 Palladia
383 5018 508 5068 scilicctet
517 5019 766 5081 magrroruurdeorurn
774 5032 851 5080 sacra,

63 5114 164 5162 ηαοιιιε
182 5097 301 5161 aynau
311 5097 437 5148 didirerat.
450 5095 497 5148 sed
510 5109 588 5160 quum
604 5096 722 5159 Arcades,
735 5098 852 5148 diluvium

1612 352 1667 402 355

829 491 833 499 ·
891 471 1003 546 ρωθῆναι
1023 465 1051 526 δθ
1069 465 1213 545 κλαρώτας.
1227 470 1270 524 De
1290 433 1321 522 re
1336 467 1372 523 cs.
1391 468 1513 524 Meinek.
1537 471 1666 544 Euphor.

889 577 920 632 p.
946 563 1015 626 1413
1038 557 1149 612 Miller.
1168 558 1237 610 Dor.
1257 556 1301 622 11,
1325 553 1377 624 63;
1395 557 1548 610 Hermann.
1570 561 1666 633 Antiq.

890 644 906 718 S
922 663 967 719 19,
981 655 1009 701 et
1020 663 1092 718 quos
1102 645 1207 702 laudat.
1223 644 1353 699 Ceterum
1364 662 1392 699 ν.
1407 642 1568 702 Introduct.

1082 781 1172 839 ΠΕΡΙ
1192 778 1467 870 {lucerinus

929 915 1047 986 Dionys.
1059 913 1124 970 Hal.
1139 917 1173 972 A.
1183 913 1219 968 ll.
1233 913 1261 981 1,
1273 911 1327 980 68,
1340 923 1493 986 postquam
1505 913 1540 970 de
1553 916 1607 971 diis
1617 919 1670 973 Pe-

890 1001 1004 1056 natibus
1019 1001 1145 1068 dixerat,
1161 1019 1284 1073 quorum
1298 1001 1377 1074 signu
1397 1003 1495 1056 Rornae
1513 1004 1543 1056 in
1564 1007 1670 1078 templo

892 1107 949 1143 non
959 1089 1060 1161 procul
1072 1090 1234 1143 aForosita
1243 1089 1382 1157 visuntur,
1395 1091 1489 1164 pergit
1502 1109 1508 1142 :
1525 1086 1607 1166 Ὁράν
1621 1089 1669 1165 μὲν
1748 1155 1754 1166 ¹

893 1171 925 1244 δὴ
943 1179 1025 1231 ταῦτα
1041 1173 1136 1244 ἔξεστι,
1150 1173 1252 1230 ἀκούειν
1267 1171 1294 1230 δὲ
1312 1172 1357 1229 καὶ
1371 1173 1478 1252 γράρειν
1493 1173 1669 1254 θπίρἀὖτῶν,

892 1259 909 1316 ἃ
930 1259 1125 1342 Καλλίστρατός
1139 1283 1167 1317 τε
1181 1264 1195 1317 ὁ
1209 1259 1275 1338 Περί
1291 1258 1466 1340 Σαμοθρᾴκης
1483 1261 1671 1336 συνταξάμενος

892 1346 1017 1425 ἱστορίαιί,
1029 1348 1074 1404 καί
1088 1347 1206 1424 Σάτυρος
1219 1351 1232 1404 θ
1244 1345 1302 1412 τούς
1316 1346 1438 1425 άρχαίους
1452 1349 1546 1422 μύθους
1556 1372 1672 1428 συναγα-

892 1432 946 1510 γὼν
957 1437 1003 1491 καί
1016 1435 1090 1492 ἄλλοι
1103 1436 1201 1512 συχνοί,
1213 1433 1387 1500 παλαιότατος
1400 1431 1435 1505 δὲ,
1448 1426 1484 1493 ὧν
1494 1437 1568 1510 ἡμεῖς
1582 1436 1670 1513 ίσμεν,

892 1519 1003 1590 ποιητὴς
1025 1520 1162 1599 Ἀρκτῖνος.
1184 1519 1296 1598 Αίγουσι
1317 1525 1378 1596 γοῦν
1403 1513 1470 1580 itte·
1494 1522 1601 1602 Χρύσην
1624 1522 1671 1596 τὴν

894 1605 1046 1672 Πάλλαντος
1055 1607 1183 1684 θυγατέρα
1192 1607 1347 1684 γημαμένην
1358 1609 1496 1688 Δαρδάνῳ,
1507 1609 1600 1689 ρερνδις
1610 1613 1671 1669 ἔπε-

893 1691 1031 1771 νίγκασθαι
1044 1693 1142 1772 δωρεθις
1152 1693 1266 1766 Ἀθηνᾶς,
1279 1692 1311 1751 τὰ
1324 1695 1350 1752 δὲ
1362 1694 1502 1754 Παλλάδια
1512 1696 1557 1754 καὶ
1569 1693 1601 1754 τά
1613 1697 1672 1776 ἱερθι

893 1784 944 1838 τῶν
958 1781 1080 1858 μεγάλων
1098 1785 1173 1858 θεῶν,
1198 1781 1364 1860 διδαχθεῖσαν
1383 1783 1468 1839 αὐτῶν
1489 1782 1536 1848 τάς
1555 1784 1670 1850 τελετάς.

894 1867 1002 1939 Ἐπειδὴ
1025 1867 1053 1927 δί
1073 1866 1120 1939 πίγν
1135 1867 1281 1948 ίπομύρίαν
1295 1867 1430 1946 φεύγοντες
1446 1868 1568 1950 Ἀρκάδες
1580 1873 1670 1931 Πελο-

893 1954 1022 2025 πόννησον
1043 1953 1090 2030 μὲν
1113 1953 1240 2032 ἐξέλιπον,
1258 1956 1285 2012 ἐν
1306 1953 1384 2032 δίτῇ
1407 1955 1513 2035 Θρᾳκίῳ
1527 1955 1598 2034 νόσῳ
1614 1957 1672 2024 τοὺς

896 2041 965 2120 βίους
977 2043 1130 2122 ἱδρύσαντο,
1149 2041 1346 2101 κατασκευάσαι
1359 2043 1403 2100 τὸν
1415 2043 1547 2120 Δάρδανον
1562 2045 1672 2103 ἐνταῦθα

893 2132 945 2186 τῶν
959 2133 1023 2187 θεῶν
1036 2129 1133 2188 τούτων
1147 2129 1226 2208 ἱερὸν,
1245 2128 1370 2209 ἀρρήτως
1383 2137 1435 2196 τοῖς
1449 2129 1536 2195 ἄλλοις
1550 2137 1672 2190 ποιοῦντα

893 2216 940 2282 τδις
952 2216 1017 2284 ἰδίας
1032 2219 1117 2274 αὐτῶν
1129 2216 1271 2293 ὀνομασίας
1281 2217 1326 2275 καί
1339 2215 1386 2282 τδς
1398 2217 1504 2284 τελετδις
1516 2219 1613 2294 αὐτοῖς,
1626 2218 1674 2285 τίις

894 2301 939 2360 καί
954 2306 989 2370 είς
1003 2304 1061 2362 τόδε
1080 2303 1173 2383 χρόνου
1188 2302 1324 2382 γινομένας
1342 2304 1393 2361 ὑπὸ
1407 2303 1598 2385 Σαμοθρᾴκων,
1613 2307 1672 2364 ἔπι·

894 2391 987 2448 τελεῖν.
1002 2389 1049 2458 Ὡς
1065 2391 1092 2449 δὲ
1105 2396 1200 2468 μετῆγε
1214 2396 1260 2450 τοῦ
1274 2393 1338 2449 λαοῦ
1352 2389 1398 2462 τὴν
1412 2390 1518 2449 πλείονα
1531 2395 1624 2473 μοῖραν
1639 2397 1673 2460 τίς
1693 2447 1696 2456 ,

893 2475 941 2547 τὴν
953 2475 1053 2554 Ἀσίαν,
1068 2477 1100 2535 πθ
1113 2477 1160 2555 μὲν
1172 2475 1230 2557 ίερθι
1241 2481 1292 2534 τῶν
1303 2480 1367 2536 θεῶν
1383 2476 1428 2536 καὶ
1443 2477 1490 2544 τδις
1503 2479 1607 2546 τελετίις
1620 2489 1673 2546 τοῖς

894 2563 1062 2640 ὑπομείνασιν
1078 2567 1104 2622 ίν
1119 2569 1152 2644 τῇ
1166 2564 1239 2643 νήσῳ
1254 2568 1426 2623 καταλιπεῖν·
1443 2563 1475 2624 πθ
1492 2563 1518 2624 δὲ
1532 2567 1673 2626 Παλλάδια

894 2649 939 2706 καί
949 2651 996 2717 τὰς
1004 2654 1055 2709 τῶν
1069 2655 1133 2711 θεῶν
1143 2649 1242 2717 τίκόνας
1250 2651 1515 2730 κατασκευασάμενον
1527 2655 1536 2732 ί
1546 2655 1673 2712 αἰνασκευ-

895 2737 1025 2812 ασάμενον
1043 2742 1121 2814 Syib.
1135 2740 1144 2815 )
1158 2738 1301 2818 ἀγαγέσθαι
1315 2742 1373 2816 μετ’
1388 2741 1477 2801 αὐτοῦ.
1494 2741 1673 2818 Διαμαντευό-

896 2847 970 2899 μενον
983 2825 1009 2883 δὲ
1020 2825 1080 2904 περὶ
1092 2830 1137 2897 τῆς
1148 2826 1272 2895 οἰκήσεως
1279 2825 1312 2885 τά
1323 2849 1352 2884 τε
1365 2825 1432 2884 άλλα
1445 2828 1545 2903 μαθεῖν,
1560 2827 1673 2910 καὶπερὶ

894 2915 946 2970 τῶν
960 2915 1037 2994 ἱερῶν
1047 2919 1093 2985 τῆς
1107 2916 1224 2996 ρυλακῆς
1235 2914 1307 2972 τόνδε
1321 2914 1440 2994 χρησμὸν
1453 2915 1563 2973 λαθεῖν·
1644 2922 1647 2928 ’

958 3039 998 3093 Εἰς
1012 3038 1089 3098 πόλιν,
1099 3039 1127 3097 ἣν
1136 3039 1245 3100 κτίσητε,
1256 3041 1314 3095 θεοῖς
1324 3039 1393 3095 σίδας
1407 3040 1500 3101 δρθιτον
1510 3043 1555 3090 αἰεί

956 3109 1041 3170 θεῖναι,
1050 3111 1091 3158 καί
1100 3110 1211 3171 φυλακαῖς
1221 3125 1246 3158 τε
1255 3110 1331 3158 σέὸειυ
1343 3109 1431 3165 θυσίαις
1440 3127 1465 3158 τε
1475 3116 1551 3173 χοροῖς
1560 3127 1595 3161 τε.

959 3177 1015 3227 Εθτί
1025 3181 1054 3228 ἀν
1064 3179 1102 3240 (ἱς
1111 3179 1132 3227 τ’
1141 3181 1169 3228 ἂν
1180 3179 1276 3241 Reisll.)
1287 3179 1331 3242 γὰρ
1346 3180 1400 3227 τάδε
1412 3181 1487 3242 σεμνὰ
1502 3182 1554 3229 καθ’
1563 3183 1673 3244 ὑμετέραν

1573 3269 1592 3298 ω

955 3319 1018 3380 δῶρα
1028 3319 1081 3374 Διὸς
1091 3319 1189 3382 κούρης,
1198 3318 1286 3381 ἀλόχου
1296 3319 1369 3378 τίθεν,
1379 3321 1394 3376 ἡ
1405 3319 1430 3367 δὲ
1438 3319 1503 3374 πόλις
1512 3266 1572 3370 σοιχ
1593 3267 1634 3313 ραν
1643 3267 1672 3312 η’

955 3387 1021 3437 θαται
1032 3388 1160 3452 ἀπόρθητος
1170 3391 1209 3439 τὸν
1218 3391 1254 3438 ἀεὶ
1263 3389 1346 3453 χρόνον
1358 3391 1437 3452 ἤματα
1445 3390 1530 3439 πάντα.

895 3499 1029 3580 Δάρδανον
1049 3501 1095 3578 μίν
1110 3493 1153 3561 cdv
1173 3503 1200 3559 ἐν
1213 3506 1245 3581 τῇ
1260 3501 1390 3579 κτισθείσῃ
1411 3523 1439 3559 τε
1463 3503 1505 3582 θρ’
1521 3503 1613 3558 ἑαυτοῦ
1628 3501 1673 3559 καί

895 3588 1036 3663 ὀνομασίας
1051 3590 1141 3666 ὁμοίας
1155 3591 1269 3669 τυχούσῃ
1289 3589 1364 3648 πόλει
1385 3589 1417 3647 τθι
1439 3588 1483 3660 ίδη
1505 3593 1670 3648 καταλιπεῖν.

894 3751 1018 3813 largientes,
1030 3753 1221 3814 Peloponnesum
1233 3753 1395 3815 reliquissent,
1406 3757 1430 3802 et
1441 3753 1465 3802 in
1477 3753 1554 3802 insula
1566 3751 1674 3802 Threciae

892 3829 958 3879 sedes
970 3831 1138 3892 collocassent,
1152 3832 1288 3881 Dardanum
1308 3833 1347 3881 lrlc
1363 3831 1408 3882 diis
1428 3833 1479 3882 istis
1491 3833 1608 3895 templum
1628 3844 1672 3880 εκ-

891 3909 1018 3968 struxisse,
1031 3921 1075 3957 nec
1085 3909 1137 3958 aliis
1146 3908 1269 3971 proprium
1279 3908 1384 3970 ipsorum
1394 3922 1482 3959 nomen
1491 3908 1638 3958 declarasse:
1649 3909 1674 3957 et

893 3982 952 4032 ritus
963 3985 1009 4034 illis
1018 3985 1161 4048 instituisso,
1171 3997 1233 4048 quos
1241 3985 1270 4034 ad
1283 3987 1329 4034 hoc
1339 4000 1415 4048 usque
1426 3989 1520 4048 ternpus
1532 3985 1672 4035 samothra-

892 4071 932 4108 oes
942 4059 1075 4110 observent.
1087 4061 1133 4112 Sed
1144 4075 1219 4124 quarn
1232 4062 1347 4122 maiorem
1359 4062 1441 4125 populi
1453 4064 1545 4123 partem
1556 4062 1580 4110 in
1592 4061 1673 4112 Asiana

892 4135 1051 4198 traduxisset,
1062 4150 1128 4186 sacra
1141 4150 1224 4186 corum
1238 4139 1263 4186 et
1272 4137 1385 4198 mysteria
1396 4138 1441 4187 iliis
1450 4138 1587 4200 reliquisse,
1597 4138 1639 4199 qui
1649 4138 1674 4186 iu

892 4213 1153 4276 insularemenserant3
1169 4213 1209 4262 sed
1224 4213 1330 4262 Palladia
1345 4217 1370 4262 et
1381 4214 1482 4263 deorum
1496 4215 1608 4276 imaginor
1617 4227 1673 4263 curn

893 4289 989 4351 reliquis
1000 4290 1085 4349 rebus,
1097 4304 1157 4353 quas
1174 4292 1332 4349 convasaret,
1342 4303 1423 4340 secum
1438 4295 1578 4352 asportasse.
1591 4295 1673 4349 Quom

892 4368 972 4416 eutem
989 4367 1020 4416 de
1036 4368 1130 4418 sedibus
1145 4369 1269 4418 oraculum
1283 4367 1431 4427 consuleret,
1450 4367 1512 4417 iuter
1531 4368 1610 4417 multa
1627 4368 1674 4416 alia

892 4458 948 4507 quaa
963 4446 1061 4506 didicit,
1072 4447 1118 4496 hoc
1135 4443 1208 4496 etiarn
1226 4447 1352 4495 oraculum
1373 4444 1404 4496 de
1423 4459 1548 4516 sacrorum
1566 4446 1674 4497 custodia

894 4524 951 4574 tuuc
960 4524 1091 4585 accepisse:

946 4645 972 4686 ln
981 4643 1036 4688 urbe
1044 4654 1110 4697 ortam
1120 4644 1219 4689 condetis
1227 4643 1269 4687 diis
1282 4643 1368 4688 cultum
1382 4654 1465 4700 purum
1473 4654 1562 4701 εειιιροι·

945 4714 1039 4763 ιιαῑυει,
1047 4715 1070 4755 et
1078 4712 1217 4756 observanda
1227 4713 1286 4756 coles
1295 4711 1407 4767 ιαεεΙισυε
1415 4712 1540 4767 chorisque.

949 4781 1007 4823 darn
1016 4778 1072 4822 dum
1086 4779 1134 4824 Ιιιεο
1145 4779 1273 4824 reiteranda
1282 4781 1306 4822 ln
1315 4783 1388 4824 vestra
1398 4780 1489 4834 regione
1499 4777 1584 4825 luerint

946 4847 1006 4892 dona
1016 4848 1079 4892 lovis
1088 4847 1193 4902 virginis,
1205 4849 1307 4902 coniugia
1316 4851 1372 4902 tuas,
1382 4849 1426 4892 ista
1432 4847 1486 4892 urbs
1496 4848 1535 4892 diri

946 4915 991 4960 erit
999 4915 1173 4972 inexpugnabilis
1180 4915 1203 4960 iu
1213 4919 1346 4973 perpetuum
1357 4927 1437 4962 ornnes
1444 4916 1498 4960 dies.

897 5017 1035 5068 Dardanum
1047 5019 1119 5082 igitur
1133 5019 1157 5070 in
1174 5017 1233 5068 urbe
1250 5031 1323 5081 quarn
1342 5019 1449 5070 condidit
1460 5023 1484 5070 et
1499 5033 1572 5084 quarn
1586 5021 1616 5071 de
1631 5036 1674 5074 suo

895 5097 992 5148 ιιοιιιῖοο
1002 5097 1149 5160 nominarit,
1160 5097 1213 5148 1ιαιο
1224 5097 1350 5148 simulacra
1360 5099 1491 5162 reliquisse.
1505 5103 1590 5152 Postea
1602 5116 1675 5166 roro,

1513 5285 1546 5323 23.
