3842 5726
197 387 233 435 tt)
329 370 342 390 ⁸
810 371 963 432 ElJNAPll
986 371 1165 432 stauisti!

196 507 247 562 ίδει
264 506 404 582 δυσφορῶν,
418 501 461 560 καῖ
480 501 631 579 δέπραττεν
647 500 785 568 Ἰουλιανὸς
806 503 912 580 ἔλεγχον
927 506 972 572 τῆς
1017 503 1079 562 luit.
1097 506 1132 562 Er
1146 505 1260 578 quidem
1275 506 1304 560 in
1322 503 1369 558 illo
1387 513 1467 558 motu
1485 503 1598 560 militari
1619 505 1695 580 apud
1716 509 1791 564 Pari·

195 592 261 656 ἰδίας
277 590 409 670 βασιλείας
422 587 626 663 θπολαμόάνων,
644 589 689 654 τάς
701 612 728 646 τε
741 589 900 663 δηλουμένας
912 591 970 646 iru-
1017 594 1072 646 sios
1085 594 1201 662 (Zosim.
1215 593 1273 663 lli,
1289 591 1348 665 τι),
1361 609 1418 664 quo
1427 593 1553 646 Julianus
1572 591 1730 648 declaratus
1741 596 1792 649 suit

195 678 287 744 νικίους
299 677 389 755 ἑορτὰς
401 680 436 742 είς
447 675 537 741 πένθος
548 675 593 732 καί
608 675 743 756 συμφορὰν
759 675 917 751 μετέόαλλε,
927 675 971 732 καλ
1018 681 1168 752 Augustus,
1183 679 1318 734 credibile
1325 691 1366 734 est
1375 690 1481 752 septem
1488 683 1647 753 praecipuos
1658 685 1699 736 rei
1711 695 1793 738 tantae

196 764 403 842 διοιστρούμενος
413 763 462 820 irai
473 761 566 842 φθόνου
576 761 621 820 καὶ
630 760 714 834 λύπης
723 762 785 842 πρὸς
793 763 836 820 τὸν
847 761 970 842 ἐμφύλιον
1017 767 1151 821 exstitisse
1163 778 1300 820 auctores.
1314 769 1385 820 Nam
1400 779 1477 822 certe
1490 768 1615 824 Zonaras
1631 771 1718 840 lilii,
1738 792 1771 826 ro
1784 814 1791 839 ‚

194 851 328 929 ἐξώγκωτο
340 850 464 926 πολεμον.
1018 855 1057 906 ait
1068 855 1210 909 lulianum
1224 855 1337 908 obeam
1352 873 1411 908 rem
1426 855 1594 928 patrandam
1614 857 1667 912 sibi
1685 863 1795 932 aliquos

232 961 255 998 s.
272 936 364 998 'llatae
381 937 427 1013 μίν
440 926 484 994 silv
498 935 543 994 καί
563 936 648 1003 σίλλοις
662 940 676 994 θ
695 936 785 1016 χρόνος
798 939 824 994 ἐν
839 940 895 1002 ταῖς
918 960 971 1011 μα·
1018 939 1149 994 tribunos
1161 943 1363 999 conciliavisse.
1373 943 1414 995 Ex
1424 945 1634 998 somnioautem
1645 946 1792 1019 imperium

193 1035 268 1104 κραῖς
282 1025 409 1104 περιόδοις
420 1023 465 1083 καί
477 1021 593 1094 κινήσεσι
608 1023 734 1089 πολλάκις
746 1023 790 1082 ἐπί
800 1029 908 1081 τοιαῦτα
921 1046 970 1080 κα·
1017 1027 1070 1082 sibi
1083 1029 1265 1084 ominabatur
1274 1030 1402 1084 Julianus
1415 1030 1465 1103 Ep.
1477 1032 1557 1086 xvu
1569 1031 1606 1085 ad
1619 1034 1791 1104 Oribasium,

192 1111 348 1192 ταφίρεσθαι
362 1110 565 1188 συμπτώματα,
580 1109 697 1188 καθάπερ
712 1112 736 1168 ol
751 1114 788 1190 τῷ
804 1111 908 1188 Δαρείῳ
923 1133 971 1166 συ-
1018 1117 1067 1186 qui
1087 1135 1182 1170 secum
1204 1135 1271 1172 mox
1293 1118 1474 1190 conspirarit.
1499 1120 1596 1176 ultius.
1619 1120 1661 1178 Cl.
1682 1123 1790 1198 Eunap.

193 1201 299 1266 στάντες
320 1199 364 1256 ἐπὶ
378 1199 436 1265 τοὺς
457 1197 554 1275 μάγους
578 1189 644 1268 ἦσαν
664 1197 746 1273 ἑπτά,
760 1197 805 1254 καί
827 1201 851 1256 oi
868 1199 972 1263 πολλοῖς
1018 1204 1073 1258 Vit.
1089 1205 1164 1260 Max.
1178 1223 1207 1278 p,
1226 1203 1261 1258 53
1277 1224 1283 1259 ι
1298 1201 1430 1282 Πεμφθεὶς
1452 1200 1478 1259 δέ
1492 1205 1596 1282 Καῖσαρ
1608 1205 1650 1262 ἐπὶ
1663 1208 1793 1275 Γαλατίας

194 1287 300 1366 ὕστερον
312 1287 414 1365 χρόνοις
428 1285 542 1364 Ἀρσάκῃ
555 1285 623 1342 κατδι
638 1285 797 1344 Μακεδόνων
810 1285 972 1364 συνεγερθέν-
1018 1287 1067 1364 οὐχ
1087 1285 1130 1345 ίνα
1155 1287 1281 1366 βασιλεύῃ
1301 1287 1457 1366 τῶν.ἐκείνη
1474 1290 1560 1363 μόνον,
1582 1290 1640 1346 ἀλλ’
1654 1289 1696 1349 ἵνα
1721 1296 1746 1351 ἐν
1762 1302 1794 1368 τῆ

192 1399 233 1441 τις
246 1375 297 1433 ἶσοι
310 1375 352 1432 τδν
368 1374 476 1452 ἀριθμὸν
488 1373 589 1450 ἔτυχον.
1020 1375 1141 1453 βασιλείᾳ
1167 1375 1312 1454 διαφθαρῇ,
1335 1375 1407 1454 παρδι
1424 1373 1498 1442 δόξαν
1517 1375 1623 1434 ἅπασαν
1642 1379 1671 1435 εἰι
1684 1384 1730 1450 τῆς
1744 1364 1794 1440 rili

232 1483 254 1522 t.
270 1463 402 1540 Eutropium
413 1461 456 1532 δέ,
474 1457 513 1518 ότι
528 1459 685 1539 θερμότητος
700 1459 747 1534 μὲν
765 1458 846 1518 δεῖται
862 1459 908 1516 καί
926 1462 971 1538 tp·
1019 1464 1081 1517 θεῶν
1106 1460 1225 1541 προνοίας
1246 1462 1398 1538 ἀνήνεγκεν,
1420 1463 1520 1529 πάντας
1539 1461 1586 1539 μὲν
1603 1464 1736 1523 λανθάνων
1755 1467 1795 1524 ότι

193 1555 244 1624 μῆς
253 1550 282 1607 τὸ
292 1547 421 1627 ἀσφαλές·
432 1547 462 1605 τὸ
471 1548 522 1628 γὰρ
534 1551 579 1616 τῆς
592 1547 706 1624 ἀνάγκης
715 1544 788 1625 παρὰ
799 1546 880 1612 πόδας
890 1545 972 1616 ἑστὸς,
1019 1548 1154 1626 θεραπεύει
1169 1548 1253 1619 θεοὺς,
1275 1549 1320 1607 καί
1340 1548 1385 1606 τόν
1405 1573 1434 1606 τε
1455 1549 1549 1620 Ῥῆνον
1567 1553 1727 1630 ἐπεραιώθη,
1751 1554 1795 1612 καί

192 1639 287 1715 σκῆψιν
299 1635 394 1706 ήκιστα
409 1633 590 1712 ἐκδεχόμενον,
611 1632 803 1712 προσχρότερον
821 1631 972 1712 (προχειρό-
1019 1636 1105 1694 πάντα
1125 1635 1177 1694 ὅσα
1196 1635 1261 1714 ὑπὲρ
1283 1639 1380 1694 ἐκεῖνον
1394 1635 1453 1707 ἔθνη
1476 1636 1596 1718 βάρύαρα
1617 1639 1729 1698 συνελὼν
1751 1641 1795 1699 καὶ

193 1747 264 1804 τερον
279 1723 355 1796 conj.
370 1725 476 1797 Belli.)
493 1724 600 1778 ἀπαιτεῖ
613 1721 656 1778 τὀν
671 1721 797 1780 κίνδυνον.
1021 1723 1231 1800 δουλωσάμενος,
1247 1724 1350 1782 πολλῶν
1368 1723 1511 1782 ἐπιθουλῶν
1531 1725 1575 1782 καί
1590 1729 1795 1804 μηχαμημάτων

232 1833 254 1872 7.
281 1809 346 1871 'Ort
371 1809 430 1887 περὶ
452 1814 498 1880 τῆς
523 1808 657 1888 στρατείας
680 1811 725 1878 τῆς
747 1807 815 1866 κατά
837 1809 973 1886 Ναρδινῶν
1019 1810 1185 1886 πλεκομένων
1205 1813 1276 1890 αὐτῷ
1290 1811 1337 1886 (ar
1351 1814 1378 1869 ἐν
1395 1815 1448 1878 τοῖς
1465 1811 1524 1890 περί
1539 1814 1634 1871 ἐκεῖνον
1648 1815 1793 1893 ἀναγέγρα·

192 1899 376 1979 (Ἀλεμανιῗινῖ
389 1897 437 1976 ll.)
453 1898 618 1976 πολυτρόπου
633 1893 773 1972 γενομένης
792 1895 907 1966 ἐκτίθησι
926 1895 974 1972 μὲν
1019 1897 1108 1973 πται),
1129 1897 1173 1956 τδν
1187 1899 1342 1978 ἱεροφάντην
1357 1897 1539 1974 μετακαλέσας
1556 1901 1585 1956 ἐκ
1608 1904 1654 1970 τῆς
1667 1900 1796 1968 Ἑλλάδος

192 1985 268 2052 αὐτὸς
282 1984 435 2054 Ἰουλιανὸς,
451 1983 519 2041 άλλα
543 1983 570 2041 δέ
586 1985 705 2062 ἀλλαχοῦ
725 1983 770 2040 καὶ
786 1983 849 2062 πρὸς
863 1981 974 2049 πολλοὺς
1019 1985 1064 2042 καί
1078 1985 1125 2043 σὺν
1135 1987 1224 2066 ἐκείνῳ
1238 1987 1297 2044 τινὰ
1312 1985 1396 2056 μόνοις
1408 1987 1510 2052 ἐκείνοις
1519 1986 1636 2065 γνώριμα
1652 1989 1795 2068 διαπραξά·

192 2073 345 2152 άναφράζων
360 2073 386 2128 έν
407 2073 562 2137 ἐπιστολαῖς.
584 2070 654 2148 Πρός
672 2092 729 2128 τινα
747 2075 808 2145 γοῦν
830 2069 974 2140 Κυλλήνιον
1021 2095 1108 2146 μενος,
1134 2073 1177 2130 ἐπί
1199 2073 1246 2143 τὴν
1268 2071 1417 2152 καθαίρεσιν
1437 2073 1533 2152 ήγέρθη
1554 2079 1599 2144 τῆς
1614 2077 1797 2136 Κωνσταντίου

192 2159 236 2217 καὶ
252 2163 334 2217 ταῦτα
350 2156 522 2234 ἐξηγούμενον
538 2155 570 2215 τδι
582 2158 629 2233 μὲν
642 2159 769 2232 ἐπιτιμῶν
784 2159 819 2222 ὡς
830 2157 987 2236 διαμαρτά-’
1020 2159 1176 2236 τυραννίδος.
1200 2163 1294 2220 Ταῦτα
1318 2159 1345 2218 δέ
1367 2160 1510 2238 συνῄδεσαν
1535 2160 1685 2238 Ὀριθάσιος
1703 2167 1732 2221 ἐκ
1750 2172 1796 2222 τοῦ

191 2271 267 2305 νοντα
282 2250 327 2316 τῆς
349 2245 469 2318 ἀληθείας
491 2245 626 2324 φαίνεται,
643 2243 688 2303 καὶ
708 2243 878 2321 παρεκτίθησί
898 2265 928 2322 γε
942 2241 975 2300 τδι
1022 2245 1164 2324 Περγάμου
1180 2246 1225 2305 καί
1241 2271 1278 2313 τις
1291 2251 1342 2306 τῶν
1363 2249 1393 2306 ἐκ
1411 2247 1529 2324 Λιύύης,
1552 2248 1585 2318 ἢν
1607 2248 1726 2329 Ἀφρικὴν
1747 2275 1798 2309 κα-

191 2333 342 2414 πραχθέντα
357 2333 426 2400 ὅπως
435 2331 538 2410 γε’γονε·
550 2331 658 2412 φάσκων
671 2331 698 2389 δέ
714 2331 751 2407 μὴ
767 2331 866 2390 δεῖσθαί
881 2355 930 2388 που
941 2329 974 2388 τά
1021 2337 1094 2394 λοθσι
1105 2333 1236 2412 Ῥωμαῖοι
1251 2335 1319 2394 nard
1333 2335 1361 2392 τὸ
1370 2335 1477 2414 πάτριον
1488 2340 1534 2405 τῆς
1547 2335 1673 2414 γλώττης,
1690 2339 1798 2412 Εὐήμε-

192 2445 220 2479 τε
229 2421 292 2498 έργα
303 2421 425 2499 λέγοντος
438 2419 510 2496 (οὐδὲ
520 2420 570 2498 γάρ
583 2419 751 2493 Παλαμήδην
764 2418 883 2500 Ὁμήρου
894 2441 974 2498 προο-

192 2507 315 2579 δεηθῆναί
327 2533 404 2588 φησιν
417 2509 451 2573 εἷς
465 2506 539 2574 δόξαν
548 2515 572 2581 J,
587 2505 632 2564 καλ
645 2505 691 2574 τάς
704 2507 841 2586 ἀλλοτρίας
855 2528 971 2586 συγγρα-

191 2597 241 2677 φάς
252 2601 303 2654 τῶν
314 2596 385 2654 ἰδίων
397 2594 479 2674 ἐργων
489 2595 540 2652 ὑπὸ
553 2593 751 2680 μεγαλοψυχίας
761 2595 975 2678 παραιτούμενος,

193 2684 269 2750 αὖτὀς
284 2683 356 2760 ὅμως
368 2682 409 2740 iri
423 2681 529 2760 μέγεθος
543 2685 594 2739 τῶν
608 2679 801 2762 πεπραγμένων
812 2681 876 2760 πρὸς
891 2680 920 2740 τὸ
932 2681 974 2740 λέ-

191 2796 245 2848 γειν
258 2771 326 2829 αὐτὰ
340 2769 556 2846 κατασειόμενος,
572 2768 630 2827 οὐδὲ
645 2767 796 2848 συγγραφήν
809 2769 906 2840 ἁπλῆν,
917 2768 974 2827 ἀλλ’

192 2858 297 2917 ίττοιινον
305 2856 421 2934 κέκρικέν
432 2859 440 2932 (
450 2855 595 2935 ίστορικόνῗ
604 2861 639 2914 Ν.
650 2855 846 2934 αἰκριύῆί)τινα
857 2855 901 2914 καλ
910 2857 976 2933 λαμ·

191 2946 256 3023 πρδν
267 2949 359 3003 ἑαυτοῦ
370 2943 487 3013 διέξεισιν
499 2941 715 3018 αὐτοκέλευστος,
732 2943 777 3002 καί
788 2942 852 3024 πρὸς
863 2942 975 3010 πολλοὺς

193 3034 259 3090 αὐτὰ
272 3031 314 3092 διὰ
330 3036 381 3090 τῶν
396 3033 538 3089 ἐπιστολῶν
554 3035 652 3105 ὑμνῶν.

233 3124 249 3198 §
269 3143 279 3178 ι
301 3148 312 3172 ι
328 3122 461 3197 Legenda
471 3133 513 3176 est
524 3123 539 3176 J
543 3123 628 3176 uliani
639 3123 759 3196 epistola
769 3123 929 3196 Augustalis
939 3123 975 3178 ad

192 3213 385 3280 Athenienses,
394 3211 489 3283 inqua
499 3208 841 3266 Constantiiartificialate
850 3210 975 3283 quidem,

196 3300 245 3354 scd
258 3299 399 3354 nescimus
414 3316 500 3371 quam
519 3317 599 3367 vere,
618 3299 791 3356 scribuntur.
810 3323 823 3348 ν
845 3299 915 3356 Mar.
936 3328 977 3341 -

193 3386 210 3458 §
226 3405 253 3445 a.
270 3411 282 3438 ι
297 3389 357 3442 Hos
366 3387 472 3442 aulicos
482 3387 638 3441 belluarum
649 3387 765 3441 nomine
779 3387 903 3460 appellat
916 3387 976 3459 ipse

194 3475 502 3548 JulianusEp.XXlll.
516 3501 527 3524 ι
540 3474 623 3531 loru.
633 3473 698 3546 -§
710 3481 734 3539 4.
748 3471 897 3551 δυσφορῶν]
911 3497 922 3522 ε
934 3491 973 3529 sc.

193 3563 316 3616 Gallicas
332 3561 571 3635 Germanicasque
589 3562 694 3616 Juliani
710 3561 852 3616 uictorias.
866 3583 877 3610 ν
891 3561 975 3614 lnau.

135 3680 140 3690 ·
193 3650 226 3702 V.
241 3647 368 3701 Zosimus
382 3648 438 3718 ΙΙΙ,
453 3647 480 3715 8,
491 3647 519 3705 6,
530 3667 559 3720 9,
574 3647 700 3719 8ibiqne
711 3645 976 3717 notlteitemeyeri.

193 3765 233 3776 —
248 3733 264 3806 §
278 3731 305 3790 5.
321 3755 334 3782 ο
350 3734 494 3804 Loquitur
505 3745 607 3788 auctor
620 3733 656 3788 de
667 3733 773 3786 iuliani
785 3749 801 3786 a
811 3731 977 3790 Constantio

194 3819 369 3887 desectione,
391 3818 472 3890 cujus
493 3819 709 3874 machinationis
732 3818 804 3873 duos
823 3820 882 3892 ipse
902 3829 977 3873 certe

196 3908 328 3961 conscios
350 3907 453 3961 habuit
472 3907 633 3963 Oribasium
650 3917 680 3961 et
702 3907 883 3974 Euemerum,
909 3917 978 3961 teste

192 3991 324 4068 Eunapio
350 3995 377 4048 in
395 3995 510 4049 Maximi
529 3995 602 4052 Vita.
624 3995 697 4050 Fieri
721 4006 815 4048 tamen
833 4005 927 4068 potest
945 4005 977 4047 ut

194 4081 236 4136 his
249 4081 296 4137 alii
304 4093 402 4156 postea
415 4101 443 4138 se
457 4082 653 4153 adjunxerint,
663 4101 752 4155 quum
761 4100 805 4137 res
815 4080 979 4155 peragenda

196 4248 274 4297 terens
282 4281 290 4306 ,
299 4251 323 4295 et
334 4247 423 4296 iuliani
434 4247 539 4296 facinora
552 4247 617 4308 regni
631 4247 669 4296 sui
680 4246 879 4308 vituperationem
892 4245 974 4294 existi-

196 4337 274 4380 mans,
286 4323 457 4386 triumphales,
470 4323 512 4386 qui
524 4323 607 4372 indicti
615 4326 693 4384 erant,
704 4324 776 4372 tostos
787 4322 837 4372 dies
845 4322 976 4372 adluctum

195 4404 338 4464 tristemque
346 4401 719 4464 casumtranstulit;invidiaque
727 4405 752 4450 et
761 4401 844 4450 dolore
854 4401 935 4450 fureas
943 4399 974 4449 ad

194 4483 265 4530 uirile
277 4479 367 4530 betium
377 4481 496 4544 prorupit.

227 4567 250 4608 a.
261 4562 378 4620 Tempora
387 4571 552 4620 sepenumero
562 4557 677 4606 visasint
686 4556 761 4619 longis
770 4555 873 4619 periodis
886 4569 978 4606 accon·

196 4638 344 4688 versionibus
356 4637 386 4688 ad
396 4637 492 4688 οοοιίειιι
502 4637 578 4686 redire
590 4649 665 4685 rasus.
697 4635 778 4686 Veluti
787 4637 829 4698 qai
838 4649 893 4685 cum
906 4636 978 4686 Dario

195 4717 310 4766 adversus
320 4729 403 4777 magos
415 4715 623 4777 conspiraverunt,
640 4717 732 4776 septem
746 4727 847 4763 numero
858 4717 927 4764 erant
937 4733 943 4764 ε
954 4718 980 4764 et

197 4795 249 4855 post
258 4795 365 4855 tempora
375 4793 452 4841 multa
464 4788 488 4840 hi
499 4827 505 4851 ‚
515 4793 557 4852 qui
567 4805 624 4840 cum
638 4797 725 4841 Amase
737 4795 822 4841 eontra
837 4791 980 4842 uaoedonas

197 4871 383 4932 reheitavemnt,
396 4871 447 4931 pari
457 4881 557 4918 numero
567 4869 672 4919 tuerrmt.

228 4955 251 4996 o.
260 4945 869 5008 intelliguntautemopusesseardoreetimpetujad
877 4945 980 4996 elicien-

204 5024 254 5074 tmn
267 5027 429 5075 securitatem.
441 5027 549 5088 Namque
564 5025 655 5076 instans
666 5027 801 5086 nemssitas,
809 5025 980 5074 consideratio·

216 5115 254 5152 cm
264 5103 362 5152 minime
372 5105 477 5163 ruderis,
490 5102 622 5165 proximius
633 5103 737 5152 vindieat
749 5103 792 5151 sihi
805 5103 947 5164 pericnlum.

229 5183 253 5230 7.
269 5183 304 5229 De
320 5179 405 5229 bellica
420 5179 534 5230 adversus
551 5181 668 5230 Nardinos
687 5180 870 5243 (strumense)
883 5179 979 5242 espui-

1022 2446 1071 2501 ρος.
1090 2425 1182 2481 Ταῦτα
1196 2422 1223 2482 δὲ
1246 2423 1325 2482 πάλιν
1340 2425 1367 2480 ἐν
1381 2424 1433 2490 τοῖς
1447 2423 1515 2481 κατὰ
1537 2423 1676 2502 Ἰουλιανόν
1692 2427 1799 2504 βιδλίοις

1021 2509 1203 2590 σἰκριθέστερον
1228 2508 1340 2584 εἴρηται.
1375 2543 1412 2554 -
1436 2513 1517 2567 ldem
1543 2514 1573 2567 in
1595 2515 1652 2570 vit.
1678 2516 1799 2575 Oribasii

1020 2620 1050 2674 p.
1070 2609 1119 2664 ιυίς
1137 2618 1145 2656 :
1159 2596 1300 2662 Ἰουλιανὸς
1310 2595 1358 2673 μέν
1367 2596 1442 2655 αὐτὸν
1457 2598 1517 2672 (τὸν
1525 2597 1694 2676 Ὀριύοίσιον)
1706 2601 1742 2665 εἷς
1755 2599 1798 2658 τὸν

1023 2685 1147 2762 Καίσαρα
1162 2681 1260 2762 προϊὼν
1275 2682 1440 2761 συνήρπασεν
1454 2685 1496 2760 (in
1508 2687 1626 2743 Galliam
1640 2706 1733 2747 secum
1748 2689 1800 2744 ab·

1021 2774 1118 2848 duxit)
1133 2771 1176 2830 ini
1192 2771 1328 2850 τῇτέχνῃ·
1345 2775 1359 2828 δ
1379 2769 1405 2828 δέ
1425 2777 1544 2829 τοσοῦτον
1567 2774 1725 2830 ἐπλεονέκτει
1744 2775 1801 2842 ταῖς

1022 2859 1112 2926 άλλαις
1127 2865 1248 2936 ἀρεταῖς,
1262 2857 1388 2916 ὥστεκαὶ
1402 2857 1513 2936 βασιλέα
1524 2857 1568 2916 τὸν
1583 2859 1724 2918 Ἰουλιανόν
1735 2861 1800 2920 άπέ·

1022 2945 1099 3014 δειξε·
1114 2945 1160 3004 καί
1172 2946 1256 3003 ταῦτά
1272 2969 1301 3024 γε
1316 2949 1342 3004 ἐν
1357 2949 1410 3011 τοῖς
1430 2945 1488 3004 κατ’
1504 2949 1599 3005 ἐκεῖνον
1616 2947 1800 3027 άκριὸέστερον

1022 3033 1133 3114 εἴρηται.
1148 3069 1187 3080 -
1201 3037 1217 3110 §
1230 3036 1258 3090 6.
1276 3061 1287 3086 ν
1306 3038 1446 3110 Loquitur
1464 3048 1566 3090 auctor
1579 3036 1615 3092 de
1630 3039 1743 3092 militari
1757 3049 1802 3096 tu·

1021 3127 1125 3194 multu,
1140 3144 1199 3198 quo
1212 3126 1341 3180 Julianus
1352 3125 1451 3179 volens
1464 3125 1562 3178 nolens
1576 3126 1612 3195 (si
1633 3126 1748 3186 credere
1761 3127 1803 3181 di·

1021 3232 1108 3287 gnum
1122 3209 1175 3288 est)
1191 3215 1341 3288 imperium
1350 3211 1500 3267 admittere
1511 3212 1619 3266 debuit.
1633 3213 1759 3270 Zosimus
1774 3225 1803 3268 et

1021 3301 1468 3370 Ζοοιιτ.1.1.οιΑτιιττιίατι.ΧΧ,
1485 3300 1702 3373 tr.ulila1.-§
1721 3302 1803 3370 7.De

1022 3391 1157 3444 li‘ardinis
1168 3407 1226 3442 non
1239 3401 1359 3445 constat.
1373 3389 1464 3444 Scrihi
1473 3389 1581 3462 possit:
1596 3383 1664 3443 κατὰ
1678 3389 1729 3443 τῶν
1744 3389 1801 3445 Na·

1023 3477 1131 3551 ρισκῶν;
1152 3495 1316 3549 quanquam
1338 3475 1374 3530 ad
1396 3494 1508 3530 sensum
1532 3477 1624 3548 aptius
1648 3486 1704 3543 est,
1722 3475 1804 3547 quod

1021 3563 1163 3618 lieltherus
1178 3561 1312 3632 conjecit,
1329 3583 1355 3621 κ.
1372 3583 1398 3618 τ.
1415 3560 1574 3636 Ἄλεμανῶν.
1592 3587 1604 3612 α
1621 3562 1805 3617 Desideratur

1021 3651 1125 3704 Juliani
1134 3651 1252 3723 epistola
1261 3651 1298 3704 ad
1307 3651 1474 3723 Cylleninm.
1487 3652 1613 3722 Apparet
1625 3659 1719 3703 autem
1728 3649 1803 3702 hunc

1021 3738 1260 3796 hominemluisse
1276 3739 1451 3796 historicum.
1468 3762 1479 3786 ν
1501 3739 1568 3794 itin.

1020 4245 1099 4304 tione,
1118 4257 1174 4306 quas
1188 4243 1266 4293 varios
1277 4257 1346 4292 casus
1362 4245 1459 4304 experta
1470 4245 1519 4303 est,
1536 4241 1617 4290 scribit
1630 4240 1679 4302 ipse
1695 4240 1808 4289 tertianus

1020 4321 1078 4370 aliisi
1097 4321 1144 4370 alia
1162 4322 1186 4370 in
1205 4321 1310 4383 epistolis
1321 4321 1351 4369 ad
1364 4320 1471 4369 diversos
1488 4331 1608 4368 enarrans.
1627 4317 1808 4378 sequendam

1020 4400 1103 4462 itaque
1118 4400 1225 4450 scribens
1233 4400 1384 4462 Cyllenium,
1402 4399 1444 4461 qui
1459 4401 1626 4460 argumentum
1645 4395 1705 4445 illud
1716 4399 1808 4445 tracta·

1021 4479 1102 4538 verat,
1116 4477 1221 4539 primum
1238 4475 1336 4537 quidem
1356 4489 1411 4526 eum
1427 4475 1553 4536 objurgat,
1569 4477 1695 4536 propterea
1715 4472 1780 4534 quod
1792 4485 1809 4520 a

1021 4559 1123 4608 veritate
1137 4558 1304 4619 aberraverat3
1321 4560 1373 4606 tum
1392 4557 1442 4619 ipse
1456 4569 1507 4604 rem
1521 4559 1594 4617 prout
1605 4568 1631 4604 se
1643 4554 1746 4604 habebat
1761 4567 1808 4602 ex·

1023 4637 1098 4698 ponit.
1131 4637 1172 4686 Ait
1187 4639 1282 4697 auum,
1301 4637 1363 4686 lacta
1373 4637 1413 4684 iiia
1425 4635 1541 4696 scriptore
1553 4647 1601 4684 non
1618 4633 1738 4694 indigere:
1750 4645 1809 4680 nana

1022 4727 1101 4775 neque
1111 4713 1240 4774 Palamedi,
1249 4713 1337 4774 inquit,
1348 4713 1378 4762 ad
1387 4713 1486 4772 gloriam
1496 4724 1555 4773 opus
1566 4714 1669 4761 iiomero
1679 4710 1732 4759 luit.
1745 4711 1810 4770 Ergo

1022 4790 1112 4840 alienas
1121 4791 1239 4840 laetorum
1256 4803 1356 4840 suorum
1366 4790 1477 4838 historias
1488 4789 1582 4838 excelso
1592 4789 1673 4836 animo
1683 4785 1809 4846 abnuens,

1022 4869 1072 4930 ipse
1082 4871 1162 4916 tamen
1174 4867 1337 4929 magrritudine
1348 4879 1428 4916 rerum
1440 4869 1560 4928 gestarum
1570 4865 1600 4912 ad
1615 4861 1745 4918 dicendum
1758 4863 1809 4911 im-

1023 4946 1126 5007 pellitur.
1143 4948 1225 5006 Neque
1239 4944 1370 5006 simplicem
1387 4944 1523 5004 historiam,
1540 4942 1582 4992 sed
1599 4942 1747 4990 luculentam
1769 4941 1809 4988 sui

1024 5023 1185 5072 laudationem
1195 5025 1279 5083 spome
1287 5023 1445 5085 persequitur,
1456 5024 1529 5082 atque
1536 5019 1560 5068 in
1570 5018 1674 5080 epistolis
1681 5017 1710 5068 ad
1719 5017 1811 5066 multos

1024 5101 1150 5162 scripsisse
1158 5101 1234 5162 ipsum
1246 5100 1369 5162 predicat.
