3908 5732
189 359 247 408 titib
779 337 938 398 iunonis
960 335 1200 398 Aoiiociioiti

189 502 252 537 ποτε
273 473 446 556 Χριστιανοὺς
466 470 594 534 ἐκώλυσεν
610 469 768 541 Ἑλληνικῆς
783 469 901 535 παιδείας
922 491 965 546 με·
1012 467 1158 548 ἀκορίστως
1170 466 1253 546 ἔχων,
1269 469 1303 532 ὡς
1315 463 1440 531 πολλάκις
1454 461 1499 520 καί
1515 463 1543 522 τ“ο
1558 463 1652 542 μέτρον
1668 461 1796 540 ὗπερῦαί·

188 563 427 641 ταλαμύάνειν,κα“ι
437 585 456 618 π
474 561 500 627 ὀς
511 561 559 630 τῆν
572 558 710 638 βασιλικὴν
720 556 872 637 δορυφορίαν
886 577 967 636 στρα-
1013 579 1064 614 νειν
1084 565 1141 622 ταῖς
1152 553 1326 633 ἐγχειρῆσεσι.
1347 551 1515 612 Ἰἰύέῦλαπτο
1532 551 1560 609 δέ
1580 551 1656 628 μόνον
1673 549 1736 629 περὶ
1750 551 1798 620 τῆν

188 651 317 712 videlidet·
340 650 386 710 ’Et
401 640 437 716 οἷς
459 585 490 720 ῆν
513 646 638 712 'irrisorie
653 667 681 704 τι
702 644 747 703 καὶ
773 641 969 708 Βαλεντινιανὸε
1013 650 1057 704 τοῦ
1071 648 1186 722 σωτῆρος
1200 645 1316 722 Χριστοῦ
1331 639 1406 708 δόξαν
1418 640 1537 706 ἐναντίως
1552 639 1619 718 ίχων
1633 638 1679 697 καί
1691 637 1799 697 ἐνιστά-

188 739 234 796 καί
257 737 379 808 Οὐάλης,
394 739 418 794 οἱ
442 734 499 812 μετ’
514 735 591 792 αὐτὸν
615 731 824 812 βασιλεύσαντες.
849 730 925 790 Ἐπεί
941 729 969 787 δέ
1014 755 1090 808 μενος
1108 735 1160 798 τοῖς
1176 730 1209 790 τά
1224 732 1389 810 Χριστιανῶν
1406 733 1522 804 μετιοῦσι
1538 726 1676 804 δόγματα,
1698 727 1728 786 οὗ
1744 725 1798 802 μὴν

189 819 243 904 εἶχε
254 830 300 896 τῆς
311 825 354 884 ἐπὶ
368 823 471 902 Πέρσας
481 824 552 894 iiio,
564 820 607 880 διά
616 843 644 879 τε
654 824 700 891 τῆς
709 818 795 884 Ἀσίας
806 818 850 877 ἐπί
870 817 968 897 Συρίαν
1014 819 1082 878 ώστε
1094 818 1166 895 ώμθν
1176 818 1193 889 ῆ
1203 817 1307 895 φονικόν
1317 840 1341 874 τι
1354 815 1515 895 ἐργάσασθαι
1524 813 1642 873 πώποτε.
1657 813 1799 874 Συνελάντι

189 915 234 972 καί
256 911 304 984 τῆν
329 910 463 989 Ἀντιόχου
478 908 585 969 διελθὼν
599 907 674 967 πόλιν
692 907 803 966 πλεῖστα
825 905 897 983 παρά
918 908 968 962 τῶν
1015 909 1041 966 δέ
1058 910 1150 979 εἰπεῖν,
1165 905 1272 986 Μάρκῳ
1288 903 1416 982 Ἀντωνίῳ
1430 901 1587 984 προσόμοιος
1602 893 1650 974 ῆν,
1664 900 1693 959 δν
1707 899 1740 974 δῆ
1754 899 1800 958 καί

190 1002 354 1078 Χριστιανῶν
366 999 508 1076 ἐπορίσατο
518 997 659 1076 χρήματα,
671 993 716 1054 καί
727 998 820 1072 μικροῦ
835 995 887 1052 δεῖν
900 993 969 1052 κατὰ
1015 1000 1107 1068 ζηλοῦν
1121 997 1157 1062 ὡς
1173 993 1269 1053 ἐπίπαν
1282 989 1449 1060 ἐσπούδαζεν.

188 1094 233 1146 τοῦ
247 1087 331 1164 δῆμου
341 1085 493 1166 διεγερθεὶς,
505 1088 539 1152 ὡς
552 1089 587 1150 είς
599 1083 678 1142 αύτθν
688 1079 906 1162 ἀποακώψαντος,
921 1079 970 1138 iai

190 1175 352 1236 Σαλουστίου
367 1178 412 1232 τοῦ
430 1175 482 1230 τῶν
496 1169 663 1250 πραιτωρίων
675 1168 792 1248 ἐπάρχου
805 1166 969 1248 παρεκλήθη.
1309 1149 1498 1210 ῙΟΒῘᾹΝΟΣ·

551 1293 615 1352 ιδο.
1377 1285 1443 1343 ι8ι.

229 1407 302 1463 ibid.
316 1427 347 1482 p.
363 1405 420 1472 iia
441 1399 526 1463 :⁰011
541 1399 621 1482 φησίν
639 1402 655 1458 δ
671 1398 793 1470 Ἰωάννης
806 1399 894 1457 οθτοσλ
912 1397 971 1478 περὶ
1056 1399 1131 1456 ibid.
1146 1418 1177 1474 p.
1195 1397 1252 1464 845
1266 1393 1348 1457 :⁰Orr
1359 1395 1508 1464 ’ίοὸιανθςδ
1521 1394 1643 1475 βασιλεύς
1657 1395 1801 1474 Ῥωμαίων

189 1497 234 1550 τοῦ
250 1490 413 1571 Παραύάτου
432 1490 585 1562 Ἰουλιανοῦ,
605 1490 641 1553 ὡς
665 1485 740 1560 μόνος
765 1485 795 1544 τὸ
819 1485 972 1561 Ῥωμαϊκὸν
1017 1485 1113 1563 iperi
1127 1485 1272 1545 Ἰουλιανόν
1292 1483 1371 1565 ἀρξας
1390 1489 1423 1566 τῇ
1440 1490 1485 1544 τοῦ
1501 1485 1598 1564 πατρὸς
1612 1487 1713 1558 μᾶλλον
1732 1485 1803 1563 ῆπερ

190 1583 276 1645 καλῶς
288 1577 430 1658 διῴκησεν,
445 1574 583 1655 ἀνώρθωσέ
597 1598 625 1634 τε
638 1573 699 1633 αιίτδ
708 1617 716 1646 ,
726 1575 749 1632 εί
764 1571 801 1648 μὴ
812 1574 836 1640 ἐς
850 1571 971 1630 ἐναντίω·
1017 1577 1050 1650 τῆ
1065 1571 1147 1654 οίκείογ
1161 1573 1222 1652 δόξῃ
1236 1573 1361 1652 τοῖςπερὶ
1374 1573 1405 1631 τὸ
1424 1571 1599 1652 στρατόπεδον
1613 1573 1740 1648 ἔγνωστο.
1751 1571 1802 1639 Ὃς

191 1690 231 1724 σιν
241 1666 274 1724 τά
285 1667 314 1724 ἐκ
324 1669 368 1723 τοῦ
379 1661 513 1740 δαιμονίου
523 1661 647 1734 κατέστη·
657 1661 744 1732 πάσης
753 1659 804 1739 γάρ
813 1659 931 1724 παιδείας
939 1657 972 1716 τά
1018 1659 1097 1730 ἡνίκα
1115 1659 1256 1725 Ἰουλιανὸς
1280 1657 1379 1736 αἵρεσιν
1394 1662 1447 1724 τοῖς
1467 1658 1681 1738 στρατευομένοις
1705 1657 1801 1732 ἐτίθει,

190 1778 219 1812 τε
231 1753 389 1830 Ῥωμαίων,
400 1754 450 1830 οὐχ
461 1749 591 1821 ῆκισταδέ
604 1749 649 1808 καλ
660 1747 803 1819 Ἑλληνίδα
817 1749 937 1824 γλῶτταν
947 1748 972 1812 ἐς
1019 1747 1087 1808 θύειν
1109 1747 1126 1819 ῆ
1150 1746 1405 1825 ἀποστρατεύεσθαι,
1424 1748 1524 1824 μᾶλλον
1544 1745 1591 1817 τῆν
1606 1745 1690 1818 ζώνην
1706 1748 1802 1806 ἀποθέ·

192 1841 272 1921 άκρον
287 1839 450 1920 συνειλήφει,
464 1838 520 1906 dii<
539 1837 586 1912 μέν
604 1833 640 1894 ῶν
655 1836 766 1894 συνιδεῖν
779 1833 809 1892 τὸ
827 1831 972 1914 πρακτέον,
1019 1841 1080 1895 σθαι
1089 1834 1222 1894 ἐύούλετο.
1237 1834 1338 1894 Ἐλθὼν
1351 1834 1377 1892 δέ
1390 1835 1424 1900 είς
1438 1833 1540 1896 lilerio
1549 1834 1623 1892 πάλιν
1636 1835 1802 1912 πολυάνθρω-

191 1928 350 2008 {modum
371 1925 398 1986 δέ
419 1931 494 1986 τοῦτο
514 1922 662 2002 ίίαγγῑῖδαί
684 1943 713 1980 τε
733 1920 778 1978 καί
797 1923 970 2000 ἕρμηνεῦσαι,
1019 1947 1067 1983 πον
1090 1923 1136 1983 καί
1154 1921 1311 2000 εὐδαίμονα,
1333 1922 1385 1980 δύω
1400 1925 1486 1999 μονῶν
1509 1925 1614 2002 ἡμερῶν
1639 1923 1805 2004 ἐνδιατρίψας

192 2018 298 2093 μνήμην
310 2039 337 2072 τε
353 2014 475 2073 ἁπάντων
492 2013 600 2092 βεθαίαν
612 2011 690 2090 ἐχων,
700 2009 777 2090 σοφὸς
791 2009 838 2087 μὲν
849 2009 882 2068 τά
894 2009 972 2088 οὖρά·
1019 2014 1102 2092 αὐτῇ,
1115 2011 1214 2090 ὅσαπερ
1229 2001 1284 2089 ε’ίχε
1299 2010 1426 2091 χρήματα
1438 2010 1622 2082 κατηνάλωσε,
1631 2019 1685 2078 τοῖς
1696 2015 1723 2071 έν
1736 2015 1804 2092 αιἰτῆ

191 2129 248 2175 νια,
270 2103 374 2185 ἔμφρων
390 2105 416 2162 ii
431 2102 465 2161 τθι
480 2100 643 2182 ἀνθρώπινα.
661 2098 731 2177 Πρὸς
752 2097 780 2157 ii
805 2098 862 2165 τοθς
886 2099 973 2176 φίλους
1019 2105 1170 2159 κατοικοῦσι
1192 2097 1301 2172 μηδενὸς
1328 2098 1455 2175 μεταδοὺς
1479 2096 1496 2168 ῆ
1520 2098 1598 2176 λύγου
1619 2099 1804 2178 φιλανθρώπου

193 2193 363 2272 μεγαλόφρων
377 2213 405 2249 τε
428 2189 473 2249 καί
488 2189 645 2268 ἐλευθέριος,
658 2185 728 2256 πλὴν
740 2185 799 2246 ὅσον
812 2188 860 2244 οὐκ
878 2185 973 2256 ἐξητα-
1020 2186 1037 2258 ῆ
1051 2185 1169 2266 πράξεως
1181 2188 1288 2262 ἀγαθῆς·
1304 2183 1396 2252 νυκτός
1408 2209 1436 2242 τε
1448 2185 1603 2264 ὑπεχώρησε
1619 2185 1722 2265 χαίρειν
1736 2189 1805 2265 αὐτῇ

192 2279 286 2356 σμένος
300 2279 358 2338 οὐδὲ
381 2277 491 2358 ἀκριόῆς
506 2268 538 2348 ῆν
555 2279 582 2334 ἐν
600 2279 657 2340 ταῖς
678 2272 775 2332 τούτων
797 2273 907 2344 irrideor
929 2273 973 2331 τὸν
1021 2273 1108 2332 πολλά
1122 2273 1241 2354 φράσας,
1255 2271 1345 2352 ῶσπερ
1360 2274 1445 2350 ἐχθρῷ
1457 2271 1503 2329 καί
1520 2277 1602 2352 νεκρῷ
1616 2272 1720 2350 σώματι
1736 2275 1804 2352 μηδὲ

193 2367 339 2446 ἁρμόζοντα
350 2368 441 2446 τοιῷδε
455 2365 559 2443 βασιλεῖ
568 2362 673 2441 τρόπον.
689 2361 825 2438 Ἐγένοντο
839 2365 899 2440 γοῦν
910 2383 975 2427 τινες
1020 2362 1131 2440 δάκρυον
1144 2360 1336 2432 ἐπισταλάξας,
1356 2361 1390 2418 δι’
1402 2361 1434 2430 ῆν
1450 2359 1527 2427 αιἰτός
1545 2383 1573 2418 τε
1586 2359 1670 2431 ἐσώθη
1687 2361 1733 2420 καί
1746 2361 1806 2428 τούς

192 2455 216 2512 οἳ
239 2457 378 2532 μῶμοντῇ
400 2457 445 2508 τοῦ
465 2449 556 2529 ἀνδρὸς
570 2449 631 2528 δόξῃ
652 2459 705 2516 τοῖς
727 2451 826 2506 ἑαυτῶν
850 2447 973 2507 ἀνέθεσαν
1021 2448 1222 2527 ὑπολειφθέντας
1234 2450 1263 2506 ἐκ
1272 2451 1323 2506 τῶν
1338 2451 1384 2505 τοῦ
1399 2447 1515 2523 πολέμου
1528 2447 1652 2506 κινδύνων
1666 2447 1805 2506 διέσωσεν·

194 2540 415 2616 μειονεκτῆμασι,
439 2537 525 2596 πολλὰ
553 2539 605 2594 τῶν
632 2536 775 2616 ἀλλοτρίων
798 2534 975 2612 λαμόάνοντες
1022 2537 1156 2614 ἄνθρωπος
1179 2537 1208 2594 ού
1232 2535 1265 2594 δι’
1288 2534 1383 2614 ἀρετὴν
1403 2535 1517 2608 οἰκείαν,
1539 2535 1608 2593 ἀλλά
1626 2534 1668 2594 iri
1690 2535 1738 2606 τὴν
1759 2542 1805 2595 τοῦ

193 2625 321 2706 προφάσει
336 2629 381 2696 τῆς
396 2624 553 2696 Ἑλληνικῆς
567 2623 710 2696 δοκῆσεως,
720 2625 749 2682 or’r
764 2620 842 2698 μόνον
852 2625 974 2699 ἀγνοοῦν·
1021 2625 1119 2704 πατρὸς
1140 2623 1215 2692 δόξαν
1231 2625 1266 2690 τίς
1281 2629 1402 2682 τοσοῦτον
1421 2622 1502 2701 τύχης
1517 2623 1659 2702 προελθών.
1678 2613 1733 2684 Ἦν
1756 2625 1806 2701 μὲν

193 2737 236 2780 τος
248 2719 293 2773 τοῦ
305 2712 448 2792 βασιλέως,
460 2711 528 2770 ἀλλά
538 2710 583 2770 καί
595 2710 747 2778 κωλύοντος.
755 2713 817 2778 Τοῖς
825 2733 854 2788 γε
864 2709 915 2786 μὴν
923 2714 974 2768 τῶν
1022 2711 1075 2790 γάρ
1089 2710 1149 2770 οὐδὲ
1167 2713 1336 2769 παντάπασιν
1349 2709 1457 2780 ἀσθενὴς
1468 2711 1498 2768 τὸ
1510 2715 1602 2787 σῶμα,
1615 2709 1674 2769 οὔτε
1692 2714 1807 2788 πολεμι-

194 2804 272 2860 έθνῶν
283 2801 393 2866 ἐποίκοις
402 2798 436 2857 τά
446 2802 496 2857 τῶν
510 2800 617 2875 δασμῶν
626 2799 736 2857 καθόσον
744 2797 858 2868 ἠδύνατο
867 2797 975 2876 καθῄρει
1022 2808 1075 2866 κοῖς
1087 2800 1170 2878 ἔργοις
1183 2799 1356 2876 ἀγύμναστος·
1371 2798 1529 2873 ἀμελέτητος
1539 2797 1567 2856 δέ
1579 2795 1615 2856 ὢν
1624 2799 1669 2858 καί
1681 2799 1808 2876 ἀγευστος

195 2887 278 2968 μέτρα
286 2888 332 2946 καί
344 2885 372 2944 τθ
379 2885 517 2962 δημοτικὸν
529 2884 576 2942 καί
582 2885 665 2943 κοινόν
676 2889 721 2944 τοῦ
733 2884 809 2955 ῆθους
819 2883 882 2962 πρὸς
891 2883 975 2942 ἀπαν-
1024 2887 1198 2958 παιδεύσεως,
1213 2886 1257 2944 καί
1272 2886 1304 2957 ῆν
1321 2877 1376 2964 εἶχε
1388 2883 1463 2966 φύσιν
1476 2885 1518 2942 iri
1536 2887 1665 2966 ῥᾳθυμίαν
1684 2887 1807 2966 ἧμαύρου

194 2999 240 3042 τας
252 2975 346 3051 ὁμοίιος
357 2973 414 3040 τοὺς
424 2972 552 3044 ὑπηκόους
562 2971 673 3052 ἐξέφερε·
681 2971 825 3050 χρημάτων
836 2971 883 3048 μέν
892 2966 976 3050 ἀθροί·
1022 2971 1067 3030 καί
1080 2973 1199 3052 ἠφάνιζε.
1217 2973 1313 3052 Διόπερ
1323 2972 1367 3030 καὶ
1378 2971 1425 3044 τῆν
1442 2971 1591 3044 Νισιὸηνῶν
1604 2974 1679 3032 πάλιν
1695 2975 1808 3054 φεύγων,

195 3087 259 3130 οεως
270 3063 345 3140 ὀλίγα
356 3058 545 3142 πεφροντικώς,
561 3059 635 3132 δόξης
651 3059 678 3117 δέ
690 3062 883 3134 ἐπιθυμητικῶς
894 3060 976 3118 τεκαὶ
1022 3061 1058 3126 ὡς
1075 3063 1155 3118 εἰπεῖν
1165 3105 1174 3136 ,
1187 3059 1290 3140 ᾤχετο,
1301 3062 1450 3118 ἀπολαῦσαι
1462 3061 1614 3129 σπουδάζων
1626 3065 1664 3141 τῷ
1674 3062 1809 3138 συμὸάντι

237 3227 430 3290 Χριστιανοὺς
446 3225 595 3274 ε’κώλυσεν
608 3225 777 3282 Ἑλληνικῆς
788 3223 926 3278 παιδείας
939 3224 1200 3287 occoepimus]
1212 3223 1300 3274 «idem
1310 3223 1384 3274 usuri
1394 3227 1686 3284 socrates‚iireortorrius
1696 3233 1810 3279 besozo-

195 3311 290 3352 monus.
299 3297 375 3357 iisque
383 3296 524 3358 posteriores
535 3298 639 3343 Zonaras
649 3308 677 3344 nc
687 3295 817 3345 cedrenus.
826 3296 926 3343 constat
934 3297 1015 3343 temen
1025 3297 1039 3344 i
1043 3295 1149 3343 ulianam
1159 3309 1207 3345 noo
1217 3294 1332 3353 discendi,
1342 3295 1383 3344 sed
1393 3295 1495 3344 docendi
1505 3299 1601 3345 tentum
1610 3311 1638 3346 uc
1645 3298 1741 3360 publice
1751 3313 1811 3362 pro·

195 3367 279 3415 tlteudi
290 3366 427 3414 securitatem
442 3365 584 3414 christianis
593 3363 717 3414 ademisse.
729 3364 767 3412 Sic
779 3363 931 3412 ilnrrellinus
943 3365 961 3412 i.
972 3367 993 3413 V
1004 3380 1010 3412 ι
1021 3368 1094 3414 inter
1104 3377 1161 3427 ques
1172 3367 1231 3413 erat
1243 3365 1314 3415 illud
1325 3365 1465 3414 inclemens
1475 3365 1545 3427 quod
1554 3365 1645 3416 doeens
1658 3371 1741 3417 sciuit
1752 3382 1810 3418 rna·

194 3439 290 3497 pislras
300 3435 469 3484 rlretoricoset
480 3436 663 3496 arammaiicos
676 3434 836 3482 christianos
847 3436 873 3481 nt
884 3436 1038 3482 διακείσεται
1049 3432 1085 3482 ad
1094 3435 1232 3482 numinum
1248 3434 1359 3482 cultum.
1373 3432 1470 3482 Accedit
1483 3435 1606 3496 [iunipiris
1616 3435 1680 3496 (vii.
1691 3439 1809 3486 Proures.

196 3519 219 3566 p.
233 3511 262 3555 νυ
274 3506 312 3551 erl.
328 3505 398 3553 onies.
407 3505 425 3564 i,
437 3504 476 3564 qui
491 3503 648 3552 t‘roreresium
659 3503 800 3564 magistrum
809 3515 879 3551 suum
892 3503 1023 3563 imperante
1034 3502 1132 3550 iuliano
1141 3503 1224 3550 scribit
1234 3514 1247 3550 ε
1258 3502 1359 3551 docendi
1372 3515 1471 3552 nrunere
1483 3505 1608 3552 enclrrsrrrn
1620 3505 1693 3554 luisse
1703 3519 1733 3554 so
1743 3506 1811 3566 quod

196 3575 349 3623 cliristianus
359 3586 410 3622 esse
422 3572 552 3620 rideretur.
566 3575 615 3620 Nec
624 3573 733 3621 dissentit
744 3572 856 3633 orosius,
866 3573 936 3633 cuius
948 3572 999 3619 brec
1008 3574 1065 3620 suni
1076 3571 1149 3618 rerba
1160 3572 1176 3621 l.
1188 3575 1232 3620 vii
1245 3585 1251 3618 :
1263 3575 1355 3632 Aperte
1365 3575 1453 3620 iumen
1465 3575 1587 3634 praecepit
1604 3573 1690 3622 edicio
1706 3587 1738 3623 rie
1751 3579 1812 3638 quis

199 3643 364 3692 Christianus
374 3639 544 3690 docendorum
556 3640 863 3690 liberaliumstudiorum
873 3639 1003 3703 professor
1013 3644 1087 3688 esset.
1100 3643 1223 3690 Postremo
1232 3643 1311 3689 exstat
1321 3640 1428 3689 edictum
1438 3640 1516 3702 ipsum
1526 3641 1617 3691 iuliani
1626 3645 1689 3691 inter
1699 3643 1810 3706 ejusdem

195 3712 308 3774 epistolas
316 3747 323 3770 ,
332 3725 382 3773 quo
391 3711 478 3760 diserte
489 3709 561 3758 edidi
571 3723 624 3758 eom
641 3711 717 3772 legem
727 3710 758 3760 ud
772 3711 835 3760 silos
846 3712 989 3772 proiessrrres
1004 3723 1033 3758 ec
1045 3710 1170 3772 magistros
1188 3712 1315 3772 pertinere.
1330 3713 1384 3765 Τοῖς
1402 3711 1443 3771 μὲν
1452 3712 1597 3774 καθηγεμόσι
1606 3714 1647 3760 καὶ
1657 3713 1811 3770 διδασκάλοις

196 3785 283 3831 οὑτωσὶ
294 3783 370 3837 κοινός
381 3786 454 3829 κεῖται
471 3780 555 3842 νόμος·
568 3781 581 3827 i
593 3781 731 3842 βουλόμενος
740 3782 785 3842 γὰρ
795 3787 842 3830 τῶν
852 3782 909 3830 νίων
918 3784 998 3840 φοιτᾶν
1010 3781 1053 3829 οὐκ
1064 3781 1252 3829 ἀποκέκλεισται.
1266 3780 1311 3829 Sed
1324 3779 1430 3828 odicium
1443 3779 1521 3842 ipsum
1534 3781 1716 3832 obscurioribus
1727 3785 1811 3833 verbis

196 3852 228 3900 de
245 3853 361 3901 industrie
373 3853 516 3912 conceptum
529 3849 601 3898 luisse
618 3850 676 3898 milri
695 3851 800 3909 videtur,
810 3864 839 3899 οο
854 3853 882 3898 ui
894 3849 982 3898 invidio
994 3853 1067 3911 etque
1079 3851 1191 3899 coecitas
1205 3851 1239 3899 rel
1257 3850 1400 3899 molliretur.
1420 3851 1491 3899 Plure
1502 3850 1557 3900 vide
1568 3852 1592 3900 in
1604 3853 1736 3902 Annalibus
1748 3857 1810 3903 cur·

197 3923 286 3972 dinnlis
302 3922 412 3981 lierouii,
430 3921 499 3982 cuius
512 3920 649 3982 opinionem
662 3925 753 3971 temere
767 3921 918 3983 reprehendit
930 3921 991 3970 Rob.
1007 3923 1161 3970 monoculus
1171 3922 1196 3968 in
1210 3919 1277 3970 liniis
1287 3918 1318 3968 ed
1333 3919 1440 3980 Gregorii
1454 3921 1635 3976 {mirreorum
1649 3941 1662 3964 u
1680 3926 1810 3974 θιιεοιιιε,

228 3997 267 4043 Fr.
287 3999 337 4043 tiri.
357 3995 532 4055 sumpturi,
545 3999 576 4044 8:
598 3997 769 4057 Vircarepius
779 3994 967 4056 eirrrrrpticam
977 3995 1116 4054 instantior
1130 3989 1329 4048 moderaturus,
1339 3992 1361 4037 si
1374 3999 1421 4050 per
1430 3987 1496 4048 saia
1506 3987 1630 4039 limisset.
1644 3991 1812 4043 liberalibus

199 4063 348 4124 disciplinis
361 4065 481 4126 apprime
489 4063 629 4112 auditus:
645 4065 724 4111 tir-mci
734 4063 841 4122 doctior,
858 4066 938 4124 atque
954 4060 1020 4110 odeo
1031 4064 1062 4110 ut
1075 4063 1172 4110 butino
1183 4060 1332 4109 marcione
1346 4071 1513 4124 nequaquam
1524 4071 1585 4110 cum
1597 4063 1685 4112 Graec
1696 4066 1812 4114 edentia

197 4135 358 4181 conveniret.
372 4131 512 4181 Facundia
525 4135 625 4194 irruenti
637 4135 663 4182 et
670 4135 807 4194 prompto,
820 4134 949 4181 merlaria
962 4133 1146 4189 tenacissima,
1159 4133 1188 4180 irr
1199 4129 1355 4194 quibusdam
1367 4131 1520 4193 pirissopiro
1533 4137 1648 4194 propior.
1667 4136 1699 4183 iri
1711 4139 1812 4185 arnieos

199 4202 332 4257 liberalis,
345 4201 391 4251 sed
400 4205 485 4250 minus
499 4202 626 4265 ditiores,
638 4217 718 4266 quam
732 4206 837 4252 iunium
845 4205 991 4264 principem
1003 4201 1100 4251 decuit.
1113 4204 1231 4252 Fiecrum
1243 4204 1313 4250 caim
1324 4204 1462 4264 nonnulli,
1473 4207 1519 4266 aui
1529 4205 1640 4254 vulnera
1651 4204 1741 4266 pieria
1754 4207 1812 4267 rius

198 4274 338 4334 inferrent.
350 4275 379 4321 in
389 4274 558 4334 provinciales
568 4275 743 4334 isurusrmus,
758 4278 782 4323 ei
795 4273 964 4333 tributorum,
977 4271 1171 4334 acaunusficri
1177 4275 1271 4333 posset,
1282 4285 1428 4334 repressam·
1444 4277 1530 4324 ciuilis
1544 4279 1570 4324 in
1581 4279 1703 4334 cunctos,-
1718 4277 1811 4327 media-

199 4355 268 4391 erem
281 4341 377 4390 babens
386 4346 478 4390 cerarii
489 4355 580 4392 curam
586 4359 596 4402 ;
606 4343 695 4404 alarice
704 4343 812 4402 auidus,
821 4355 853 4392 ae
864 4355 912 4404 per
921 4355 979 4392 eam
988 4345 1073 4392 animi
1085 4343 1240 4404 pterwuque
1248 4343 1376 4392 immodici
1383 4359 1393 4398 ,·
1402 4347 1498 4394 nimius
1508 4347 1642 4408 redipionis
1652 4347 1812 4398 christianes

198 4413 347 4466 insectator,
359 4411 469 4472 perinde
479 4417 564 4462 taurea
577 4415 607 4462 ui
617 4425 709 4461 cruore
719 4413 874 4471 abstinerei,·
886 4415 973 4463 itaroo
990 4415 1119 4464 Antonino
1136 4425 1186 4462 nori
1202 4413 1344 4473 absimilis,
1357 4427 1432 4478 quem
1447 4419 1528 4465 etiam
1539 4418 1662 4467 aemulari
1675 4417 1811 4470 studebat.

229 4483 262 4530 i'r
288 4486 339 4530 tsi.
357 4481 411 4530 'Ori
423 4481 561 4538 Ὶοὸιανος...
576 4482 696 4545 ἔγνωστο]
714 4486 813 4544 Ευιιομ.
830 4486 866 4542 il,
880 4487 894 4532 9
907 4497 914 4531 :
928 4486 992 4534 Post
1003 4483 1073 4533 leuno
1085 4487 1228 4542 ionicam,
1240 4487 1285 4546 qui
1298 4487 1361 4535 tuac
1372 4487 1526 4536 domesticus
1537 4487 1684 4544 uolitabat,
1700 4488 1737 4537 od
1746 4489 1811 4538 obii-

200 4549 316 4600 neadum
332 4554 470 4612 imperium
480 4565 603 4601 consensu
612 4556 742 4602 exercitus
753 4554 847 4603 electris
857 4556 894 4602 esi
905 4568 914 4601 :
924 4553 1145 4604 commendatione
1151 4555 1252 4615 patris,
1270 4565 1350 4616 quam
1366 4567 1429 4614 sua,
1441 4555 1569 4605 militibus
1587 4559 1681 4606 notior.
1693 4561 1758 4616 Quen
1770 4571 1811 4608 se·

199 4623 309 4681 quuntur
322 4621 418 4669 aliunde
430 4623 504 4682 petitu
519 4625 590 4683 sunt,
605 4621 629 4670 io
641 4621 718 4683 iisque
729 4626 870 4682 recurrunt,
887 4636 942 4684 ιμιεο
953 4623 1026 4672 modo
1045 4637 1074 4674 err
1086 4623 1203 4686 liutmpio
1214 4625 1348 4673 citavimus.
1365 4657 1398 4667 -
1415 4627 1446 4681 ὃς
1458 4628 1493 4683 ην
1501 4625 1508 4673 ί
1517 4643 1555 4674 κα
1566 4627 1634 4690 κτλ]
1646 4627 1706 4677 lude
1721 4629 1754 4676 eb
1774 4629 1812 4678 bis

200 4690 280 4738 verbis
297 4691 380 4739 eadem
398 4691 470 4740 babel
484 4689 569 4740 Suidas
586 4703 610 4738 r.
626 4689 752 4752 Ἰοόιανός,
770 4693 795 4740 iu
805 4693 926 4742 nonnullis
942 4693 1047 4753 brevior,
1058 4693 1083 4742 in
1099 4693 1151 4741 eliis
1163 4693 1263 4754 plenior.
1281 4695 1386 4742 -δύω
1401 4699 1506 4758 μονῶν
1519 4695 1658 4760 ἡμερῶν]
1678 4697 1720 4746 δύο
1739 4699 1811 4760 μόνον

199 4763 292 4820 ἡμερῶν
303 4773 342 4820 ap.
354 4760 453 4808 srridem
463 4772 477 4808 e
488 4765 501 4808 i
511 4759 581 4807 codd.
594 4759 680 4808 Pariis.
693 4764 799 4822 reposuit
810 4761 986 4823 liembmdyus.
998 4763 1091 4812 Priores
1102 4761 1218 4812 editiones
1227 4763 1373 4812 extribebnrri
1389 4765 1431 4814 δύο
1448 4771 1538 4827 pisan
1558 4766 1582 4814 in
1599 4779 1648 4815 uno
1657 4763 1740 4818 suido
1753 4769 1810 4820 eod.

199 4831 286 4891 legitur
307 4849 312 4878 ι
335 4830 376 4878 δύο
387 4831 499 4891 χρόνους,
516 4831 579 4880 duos
595 4844 686 4881 annos.
706 4863 736 4878 -ε
747 4834 850 4888 νυκτός
866 4849 923 4882 τε...
940 4833 1099 4896 διέσωσεν]
1112 4837 1170 4884 llaeo
1189 4847 1238 4882 otu.
1257 4835 1351 4885 soldos.
1371 4839 1486 4885 Celerum
1496 4837 1651 4887 lieroeiiinus
1660 4837 1692 4888 de
1705 4841 1811 4890 Joviano

200 4900 230 4950 ud
252 4900 344 4948 tiisibin
366 4901 450 4948 urbem
473 4913 581 4962 eggresso
605 4901 637 4950 liu
658 4902 730 4951 babet
750 4902 791 4951 lib.
806 4905 872 4952 xxv
889 4919 895 4950 ε
910 4906 971 4952 Posi
993 4917 1050 4967 que
1064 4907 1158 4953 itincre
1175 4905 1308 4964 festinato
1328 4907 1413 4955 li'isr'ii
1428 4905 1522 4967 cupide
1544 4911 1602 4956 sisa
1617 4912 1697 4958 eatra
1716 4910 1810 4959 urbem

200 4975 301 5021 statiua
321 4975 411 5020 rastra
428 4975 515 5033 posuit
533 4976 670 5035 princeps,
691 4979 864 5037 meatusque,
885 4976 961 5024 enixe
979 4979 1103 5038 precante
1120 4975 1265 5036 multiplice
1280 4975 1371 5039 plebe,
1390 4979 1420 5025 ui
1436 4979 1568 5038 inpressos
1583 4977 1721 5039 palatium
1741 4989 1811 5027 more

201 5041 347 5090 succederet
363 5043 529 5102 principum,
546 5045 718 5104 pertinaciter
736 5045 882 5100 reluctatus
899 5047 950 5100 est,
968 5047 1118 5096 erubesoerrs
1136 5051 1229 5106 arente
1238 5059 1266 5095 se
1284 5049 1357 5096 intra
1372 5059 1461 5096 muros
1471 5047 1563 5096 urbem
1576 5049 1808 5111 inexprresadilem

202 5111 280 5158 iratis
297 5109 414 5158 testibus
426 5109 507 5160 tradi.
519 5137 548 5147 -
566 5116 679 5162 τοσοῦτον
689 5113 774 5177 τύχης]
784 5131 807 5162 τ.
826 5115 899 5177 ἀρχῆς
909 5115 976 5166 said.
994 5143 1024 5154 -
1043 5115 1180 5180 ἠφάνιζε]
1200 5121 1260 5174 Qum
1271 5122 1325 5180 rusi
1343 5119 1405 5168 irrruc
1416 5131 1499 5168 rocem
1511 5122 1656 5183 sequuntur,
1668 5121 1703 5170 sic
1713 5133 1761 5170 nou
1776 5122 1810 5172 le-
