3916 5728
611 359 754 418 lilPPlAE
776 351 991 420 auYTflaAEs
1001 360 1250 423 FRAGMENTA.
1698 377 1751 428 431

979 513 1036 558 νους
1052 492 1138 550 αὐτῶν
1153 495 1206 559 τοῖς
1218 477 1356 570 πράγμασι
1372 491 1524 572 διέφθειρον,
1538 493 1583 552 καί
1599 493 1657 564 τοῦς
1670 496 1764 575 νόμους

247 539 453 627 HIPPIAS
481 540 549 624 ER
555 542 838 629 YTHRAEUS·
979 577 1186 652 καταλύσαντες,
1199 579 1271 638 αὐτοὶ
1286 581 1383 638 διεῖπον
1401 577 1434 638 τά
1449 579 1517 640 κατὰ
1532 581 1580 654 τὴν
1599 583 1684 658 πόλις,
1695 585 1765 654 ἐγὼ,

389 723 479 782 ΠΕΡΙ
500 723 693 784 ΕΡΥΘΡΩΝ.
979 665 1081 744 τείχους
1093 663 1185 725 οὐδένα
1207 665 1341 746 δεχόμενοι
1361 670 1413 725 τῶν
1431 669 1560 744 δημοτῶν.
1579 666 1652 740 'Eion
1670 671 1697 730 δὲ
1714 672 1764 754 πρδ

980 756 1033 812 τῶν
1048 755 1137 812 πυλῶν
1149 752 1313 833 δικαστήριον
1333 755 1590 830 κατασκευάσαντες,
1603 756 1649 824 τδις
1667 757 1765 838 κρίσεις

364 853 521 937 arroso
542 880 721 940 secunuo.
769 825 772 831 ⁵
981 843 1128 913 ἐποιοῦντο
1147 841 1263 921 ἃλιιιιθ
1278 840 1518 921 utriusquae
1533 845 1704 922 moruus«,
1719 849 1765 906 aar

669 960 676 976 ⁶
980 931 1093 1010 χιτῶνας
1116 929 1276 996 ἐνδεδυκότες
1301 929 1516 1011 περιπορφύρους.
1540 929 1710 993 Ὗπεδέδεντο
1737 934 1765 994 δέ

190 1015 340 1071 Athenaeus
351 1014 406 1088 VI,
418 1033 446 1088 p.
460 1013 566 1083 25ss
581 1033 588 1070 ε
604 1011 709 1079 Ἱππίας
723 1013 745 1072 δ’
757 1013 771 1071 θ
783 1013 934 1097 Ἐρυθραῖος
982 1013 1026 1072 καί
1047 1019 1194 1096 πολυσχιδῆ
1209 1015 1334 1076 σανδάλια
1348 1023 1395 1075 τοῦ
1410 1017 1509 1096 θέρους,
1531 1025 1578 1078 τοῦ
1590 1020 1617 1078 δὲ
1636 1025 1766 1100 χειμῶνος

153 1103 179 1159 ἐν
192 1104 226 1179 τῇ
242 1098 350 1179 δευτέρη
358 1101 408 1156 τῶν
423 1099 490 1178 Περὶ
503 1104 550 1170 τῆς
561 1100 684 1178 πατρίδος
697 1103 826 1178 ἱστοριῶν,
834 1103 935 1181 διηγοό-
981 1102 1007 1158 έν
1021 1101 1174 1177 γυναικείοις
1187 1101 1337 1179 ὑποδήμασι
1349 1103 1476 1163 διετέλουν
1490 1109 1707 1182 περιπατοῦντας,
1719 1108 1764 1167 κό·

153 1211 228 1262 μενος
242 1191 306 1258 ureb
321 1190 432 1247 Κνωποῦ
447 1186 566 1266 βασιλεία
582 1185 631 1246 θπδ
641 1191 693 1246 τῶν
707 1187 803 1247 ἐκείνου
816 1189 935 1248 κολάκων
982 1209 1033 1261 μᾶς
1042 1209 1071 1244 τε
1085 1186 1190 1268 ἔτρεφον
1204 1187 1249 1246 καί
1262 1190 1427 1267 πλοκαμῖδας
1440 1189 1508 1270 ἔχειν
1521 1191 1630 1268 ἤσκουν,
1643 1193 1765 1271 διειλημ-

151 1273 298 1348 κατελύθη,
321 1273 385 1355 φησί
407 1273 453 1332 καί
470 1281 567 1333 ταῦτα·
591 1301 601 1326 s
628 1277 731 1355 Κνωπῷ
753 1277 935 1358 μαντευομένῳ
983 1271 1114 1346 pisoni<
1131 1274 1246 1354 κεφαλάς
1262 1276 1407 1353 διαδήμασι
1423 1277 1597 1354 μηλίνοιςκαί
1615 1290 1765 1362 πορφυροῖς.

151 1361 211 1440 περὶ
226 1360 356 1442 σωτηρίας
371 1365 384 1420 θ
399 1360 454 1428 θεὸς
469 1360 567 1442 ἔχρησε
583 1360 650 1420 θύειν
669 1361 757 1444 Ἐρμῇ
773 1363 859 1446 δολίῳ.
883 1365 936 1425 Καί
982 1349 1062 1438 Εἶχον
1075 1360 1102 1419 δὲ
1121 1363 1166 1420 καί
1181 1361 1278 1440 κόσμον
1296 1363 1438 1443 ὁλόχρυσον
1459 1365 1555 1443 ὁμοίως
1569 1375 1626 1434 ταῖς
1636 1367 1763 1446 γυναιξίν.
1858 1387 1863 1398 ·

152 1447 219 1524 perir
238 1452 322 1521 ταῦθ’,
347 1448 511 1528 ὁρμήσαντος
532 1450 610 1507 αὐτοῦ
632 1452 667 1517 εἰς
684 1450 818 1530 Δελφοὺς,
842 1453 866 1510 οἱ
888 1451 935 1523 τήν
983 1445 1144 1524 Ἠνάγκαζόν
1156 1471 1184 1508 τε
1199 1453 1249 1508 τῶν
1264 1452 1376 1510 πολιτῶν
1388 1449 1447 1518 τοὺς
1459 1451 1507 1530 μὲν
1521 1453 1694 1534 διφροφορεῖν,
1707 1454 1767 1524 τοὺς

154 1536 289 1614 βασιλείαν
304 1538 382 1596 αὐτοῦ
394 1540 541 1596 καταλῦσαι
557 1537 725 1616 βουλόμενοι,
736 1535 769 1596 ίν’
782 1540 936 1620 ὀλιγαρχίαν
984 1533 1010 1592 δὲ
1032 1534 1195 1616 ῥαὸδννχῑῗνν
1214 1536 1273 1605 ῐνίνῖ
1292 1535 1320 1596 δὲ
1340 1537 1387 1607 τύ(
1406 1537 1480 1608 θδνθς
1496 1541 1688 1622 ἀννναθνίρννν·
1713 1543 1767 1604 Καί

152 1622 370 1694 καταστήσωνται
383 1615 462 1702 (ἦσαν
477 1624 499 1682 δ’
513 1617 585 1684 οὗτοι
597 1625 733 1704 Ὀρτύγης
747 1626 792 1685 καί
804 1615 876 1708 Ἶρος
891 1627 936 1686 καί
981 1625 1032 1680 τῶν
1051 1622 1098 1700 μίν
1112 1621 1169 1690 τοὺς
1183 1624 1244 1691 υἱεῖς
1256 1625 1291 1691 είς
1307 1621 1353 1693 τάς
1371 1623 1459 1692 κοινίις
1479 1628 1614 1694 συνουσίας
1634 1628 1767 1706 μετεπίμ.

152 1709 285 1789 Ἔχαρος,
302 1709 327 1769 οῖ
340 1713 479 1769 ἐκαλοῦντο
492 1710 534 1770 ad
548 1709 578 1769 τδ
587 1711 647 1792 περί
661 1710 707 1778 τὰς
722 1711 859 1792 θεραπείας
870 1703 935 1772 είναι
982 1732 1076 1784 ποντο,
1095 1710 1148 1778 τοῖς
1168 1710 1196 1768 δὲ
1216 1709 1261 1780 τάς
1275 1711 1342 1777 ίδίσε
1356 1713 1481 1790 γυναῖκας
1494 1713 1539 1772 καί
1560 1713 1606 1782 τθε
1626 1715 1767 1796 θυγατέρας

153 1802 204 1858 τῶν
220 1800 351 1878 ἐπιφανῶν
366 1797 508 1877 πρόσκυνες
528 1797 572 1856 καί
594 1799 736 1876 κόλακες),
758 1799 936 1877 συμπλέοντες
982 1796 1054 1874 ἄγειν
1066 1795 1264 1878 παρήγγελλον·
1279 1797 1338 1866 τοῦς
1350 1801 1374 1857 δ’
1386 1802 1555 1870 ἀπειθοῦντας
1568 1810 1627 1869 ταῖς
1640 1803 1766 1883 {quivult

154 1875 197 1943 οῦν
211 1887 248 1962 τῷ
260 1887 383 1964 Κνωπῷ,
393 1887 428 1952 ὡς
441 1885 492 1956 ήδη
505 1882 594 1964 πόρρω
605 1889 652 1957 τῆς
665 1889 712 1963 γῆς
721 1877 799 1959 ήσαν,
812 1887 938 1958 δήσαντες
981 1882 1118 1964 τιμωρίαις
1133 1885 1316 1963 περιέόαλλον.
1337 1889 1371 1947 Ei
1386 1886 1417 1946 δέ
1429 1910 1467 1955 τις
1484 1891 1536 1947 τῶν
1550 1891 1580 1948 ἐκ
1592 1893 1638 1960 τῆς
1652 1890 1767 1969 ίταιρίας

152 1971 196 2030 τὀν
211 1971 323 2032 Κνωπὸν
341 1970 449 2052 ἔρριψαν
463 1973 498 2037 εἷς
512 1971 542 2030 τὸ
559 1971 688 2049 πέλαγος,
705 1971 750 2032 καί
766 1973 938 2054 καταχθέντες
983 1972 1067 2028 αὐτῶν
1081 1971 1221 2046 ἀποθάνοι,
1236 1973 1389 2051 συνάγοντες
1400 1974 1458 2042 τοῦς
1476 1976 1583 2043 πολίτας
1596 1977 1665 2054 μετὰ
1675 2001 1767 2056 γυναι·

154 2061 189 2124 εἰς
200 2059 276 2132 Χίον,
288 2058 333 2118 καί
347 2057 457 2134 δύναμιν
467 2058 539 2138 παρὰ
550 2061 602 2118 τῶν
614 2059 806 2140 ίκεῖτυράννων
815 2061 938 2129 λαθόντες
983 2061 1035 2115 κῶν
1049 2057 1094 2116 καί
1106 2057 1212 2131 τέκνων,
1227 2060 1373 2138 ἠνάγκαζον
1388 2065 1489 2141 θρηνεῖν
1505 2061 1564 2129 τοὺς
1577 2064 1765 2137 ἀποθανόντας,

154 2144 297 2223 Ἀμφίκλου
321 2145 366 2204 καί
389 2145 570 2223 Πολυτέκνου,
591 2146 682 2213 νυκτδς
701 2147 882 2206 κατέπλευσαν
903 2149 938 2217 είς
983 2143 1027 2202 καῖ
1039 2151 1264 2226 στερνοτυπεῖσθαι
1279 2146 1345 2224 μετά
1357 2148 1433 2227 βίας,
1447 2148 1491 2208 καί
1507 2153 1571 2229 βοῦν
1582 2147 1625 2218 όξῦ
1637 2149 1683 2209 καί
1698 2149 1766 2228 μέγα

154 2232 198 2298 τδς
212 2231 346 2314 Ἐρυθράς.
361 2233 478 2293 Κατδιτὸ
491 2231 554 2292 αὐτὸ
569 2233 613 2292 καί
629 2233 659 2292 τδ
672 2239 717 2292 τοῦ
732 2237 842 2294 Κνωποῦ
858 2239 936 2312 σῶμα
983 2234 1039 2300 ταῖς
1062 2235 1177 2314 φωναῖς,
1203 2235 1373 2315 ἐφεστηκότος
1399 2237 1591 2316 μαστιγοφόρου
1618 2243 1663 2296 τοῦ
1683 2243 1766 2297 ταῦτα

154 2320 295 2399 έξεῦράσθη
309 2327 366 2388 ταῖς
383 2319 519 2399 Ἐρυθραῖς
533 2321 600 2380 κατὰ
615 2321 662 2392 τήν
677 2321 768 2395 daris,
780 2322 798 2394 ή
810 2328 856 2380 νῦν
868 2323 937 2385 Λεό-
983 2327 1064 2388 ποιεῖν
1077 2320 1279 2398 ἀναγκάζοντος,
1294 2321 1342 2390 ἕως
1353 2321 1479 2395 Ἱππότης
1493 2327 1507 2381 ὁ
1520 2327 1633 2383 Κνωποῦ
1645 2323 1764 2406 ἀδελφὸς,

152 2409 231 2466 παδον
244 2408 373 2466 καλεῖται.
391 2411 448 2478 Τῆς
462 2407 488 2466 δὲ
503 2407 623 2486 γυναικός
636 2414 680 2467 τοῦ
695 2413 809 2470 Κνωποῦ
827 2410 934 2472 Κλεονί-
984 2407 1050 2482 μετὰ
1063 2408 1196 2482 δυνάμεως
1209 2408 1324 2468 {tumul
1335 2413 1392 2476 ταῖς
1407 2410 1544 2489 Ἐρνθρνῖῖ
1552 2455 1561 2484 s
1576 2413 1666 2489 ἓνρνῆῖ
1676 2411 1765 2484 νῦνης,

153 2519 200 2566 κης
223 2493 282 2574 περί
307 2493 355 2566 rip
384 2500 429 2552 τοῦ
455 2495 575 2570 σώματος
598 2495 705 2566 κηδείαν
730 2496 865 2575 γινομένης
890 2489 937 2574 (ἦν
983 2495 1033 2552 τῶν
1045 2493 1206 2574 Ἐρυθραίων
1218 2495 1461 2575 προσῦοηθούντων,
1484 2501 1581 2568 ίπῆλθε
1596 2499 1650 2564 τοῖς
1669 2498 1764 2577 τυράν-

152 2579 175 2636 δ’
190 2579 266 2660 ἑορτή
281 2579 327 2638 καί
343 2581 484 2658 πανήγυρις
504 2580 620 2658 ἀγομένη
635 2582 765 2664 Ἀρτέμιδι
777 2583 905 2666 στροφαία,
914 2584 936 2664 ),
982 2603 1047 2654 νοις,
1059 2582 1105 2640 καὶ
1118 2583 1229 2649 πολλοῦς
1238 2584 1405 2660 αἰκισάμενος
1418 2587 1468 2642 τῶν
1480 2585 1540 2664 περὶ
1551 2584 1655 2658 αὐτούς,
1672 2585 1766 2664 Ὀρτύ·

153 2667 274 2748 ἐξαίφνης
289 2666 411 2726 ἀκούεται
428 2668 570 2745 σάλπιγγος
590 2668 651 2748 βοή·
664 2668 709 2728 καί
729 2671 938 2752 καταληφθέντος
984 2691 1033 2747 γην
1055 2667 1104 2746 μέν
1118 2669 1245 2751 φεύγοντα
1259 2671 1428 2742 συνεκέντησε
1442 2671 1487 2729 καί
1506 2670 1564 2738 τοῦς
1578 2671 1645 2749 μετά
1658 2671 1765 2747 τούτου,

153 2759 199 2812 τοῦ
224 2755 315 2818 ἄστεος
335 2753 385 2812 ὑπὸ
399 2757 450 2812 τῶν
470 2755 530 2833 περί
548 2753 592 2812 τὀν
613 2754 753 2836 Ὀρτύγην,
776 2755 868 2814 πολλοί
889 2755 936 2833 μέν
984 2755 1031 2821 τὰς
1046 2756 1072 2814 δέ
1089 2761 1213 2834 γυναῖκας
1225 2759 1309 2816 αὐτῶν
1322 2758 1366 2816 καί
1377 2757 1411 2816 τθι
1424 2758 1502 2817 τέκνα
1523 2761 1612 2826 δεινῶς
1627 2759 1766 2836 αἰκισάμε-

155 2843 323 2918 ἀναιροῦνται
337 2845 388 2900 τῶν
409 2847 453 2900 τοῦ
475 2844 587 2902 Κνωποῦ
604 2841 697 2922 φίλων,
712 2842 787 2914 xciii
810 2845 937 2914 Κλεονίκη
983 2865 1037 2914 νος,
1049 2841 1097 2914 τὴν
1110 2843 1225 2922 πατρίδα
1239 2844 1425 2924 ἠλευθέρωσεν.
1440 2873 1452 2898 ν

154 2933 273 3005 μαθοῦσα
284 2928 371 3008 φεύγει
382 2933 417 2994 είς
429 2931 585 3010 Κολοφῶνα.
596 2933 632 2988 Οί
642 2929 669 2988 δέ
681 2929 740 3005 περί
752 2929 794 2988 τδν
806 2928 937 3008 Ὀρτύγην
1021 2935 1065 2988 De
1084 2932 1184 3008 Cnopu
1207 2935 1394 3007 Erythrarum
1416 2953 1483 3009 rege
1504 2934 1541 2994 cf.
1560 2931 1663 2991 Strabo
1686 2937 1765 3006 XIV,

152 3017 290 3094 τύραννοι,
304 3015 406 3094 ἔχοντες
415 3015 463 3085 τήν
475 3019 505 3075 ἐκ
519 3015 585 3076 Χίου
597 3014 718 3092 δύναμιν,
728 3015 786 3082 τοῦς
800 3016 937 3092 ἐνισταμέ-
982 3038 1013 3095 p.
1030 3017 1328 3093 6333P01yaen.v111,
1341 3021 1389 3088 43.
1400 3021 1532 3095 Stephan.
1541 3021 1609 3094 Byr.
1623 3018 1764 3100 ιἜρυθρά,

983 3182 1053 3232 τοίνυν
1060 3183 1210 3245 consiliisque
1222 3184 1382 3246 obsistebant,
1393 3197 1476 3232 omnes
1485 3197 1499 3233 o
1508 3183 1587 3233 medio
1596 3182 1712 3233 tollebant
1723 3202 1730 3233 r
1742 3184 1767 3234 ei

402 3233 452 3294 DE
476 3233 679 3294 ERYTHRIS·
982 3261 1101 3322 abrogatis
1110 3261 1215 3323 legibus,
1230 3265 1306 3311 totam
1321 3261 1495 3324 rempublicam
1510 3261 1553 3323 ipsi
1570 3274 1612 3322 per
1622 3275 1649 3310 se
1659 3261 1762 3310 admini-

400 3375 524 3424 ,ΜΟ
535 3377 681 3427 SECUNDO
983 3339 1100 3400 straboni,
1115 3339 1235 3390 neminem
1254 3341 1344 3389 cisium
1358 3341 1422 3388 intra
1438 3352 1520 3389 muros
1535 3339 1682 3401 recipientes.
1700 3341 1763 3390 Auis

683 3413 690 3426 ‘
982 3418 1062 3477 portas
1074 3429 1131 3465 rero
1142 3416 1208 3466 urbis
1217 3418 1296 3466 εεεοίο
1309 3416 1424 3466 tribunali
1438 3416 1477 3477 jus
1493 3415 1621 3477 dicebant,
1639 3417 1764 3478 purpureis

184 3491 426 3554 llippiasltrytbrssns
439 3493 544 3544 mundo
553 3494 615 3543 libro
630 3496 665 3544 De
674 3495 804 3556 patriacus
816 3507 938 3557 exponens
981 3491 1064 3540 amicti
1071 3492 1162 3554 palliis,
1174 3493 1330 3555 tunicamque
1339 3505 1446 3556 purpura
1456 3494 1598 3556 praetextaru
1610 3493 1696 3542 induti.
1707 3495 1766 3542 San·

152 3583 202 3632 quo
215 3573 286 3632 ructo
295 3571 372 3634 cnopi
383 3583 482 3632 regnum
492 3573 522 3622 ab
533 3573 719 3624 assentatoribus
730 3574 802 3624 luerit
810 3587 936 3634 eversum,
982 3567 1045 3619 dull&
1056 3583 1127 3630 sero,
1149 3569 1233 3618 ”fiili
1251 3572 1375 3632 ίνννΡνννν
1397 3570 1523 3632 uestibuli*
1539 3565 1670 3631 Πννίῑῑίῑᾶνῖ
1687 3569 1765 3620 hieme

153 3648 218 3695 iuter
229 3647 275 3694 alia
298 3647 351 3696 baee
363 3647 445 3697 scribit
463 3667 469 3696 ε
481 3667 492 3690 ν
516 3652 601 3712 cnopo
613 3649 643 3698 de
660 3651 737 3700 salute
752 3663 796 3700 sua
813 3651 937 3701 oraculum
981 3648 1064 3696 autern
1073 3645 1160 3696 calceis
1171 3645 1330 3698 muliebribus
1343 3661 1436 3710 semper
1453 3646 1604 3696 incedebant
1616 3650 1766 3708 comamque

152 3723 288 3772 comulensi
300 3723 421 3787 respondit
432 3725 505 3786 deus,
517 3739 613 3774 sacrum
624 3726 710 3775 sacerd
718 3727 836 3776 Mercurio
844 3727 934 3778 doloso.
981 3722 1090 3784 alebrul;
1103 3729 1178 3786 utque
1195 3723 1311 3774 cincinnis
1324 3725 1416 3786 crispus
1433 3724 1534 3786 capillus
1552 3725 1615 3772 essct
1631 3724 1764 3787 curabant,

152 3805 210 3851 Post
222 3801 274 3850 luec
282 3814 357 3863 quum
368 3802 472 3864 Delphos
484 3803 684 3866 proacbceretnr,
695 3805 836 3854 comitantes
847 3819 902 3854 eum
913 3807 936 3854 iri
981 3801 1059 3862 capita
1077 3799 1147 3850 luteis
1164 3801 1189 3849 et
1201 3802 1327 3863 purpureis
1347 3800 1489 3850 diadematis
1507 3800 1618 3849 redimiti.
1640 3799 1765 3850 ilabebant

151 3879 193 3941 qui
206 3891 305 3940 regnum
317 3879 368 3941 ejus
377 3891 487 3930 eversum
496 3879 634 3944 cupiebant,
644 3883 672 3929 ut
680 3882 731 3942 eius
740 3881 792 3930 loco
805 3895 936 3944 paucorum
982 3891 1039 3928 rero
1048 3879 1120 3928 eliam
1131 3883 1272 3929 ornamenta
1282 3893 1313 3928 ex
1323 3879 1399 3929 solido
1408 3893 1484 3939 suro,
1495 3891 1593 3940 prorsus
1605 3879 1632 3926 ut
1641 3877 1762 3928 mulieres.

151 3959 271 4019 erigerent
287 3958 437 4008 &minatum
451 3960 538 4021 (erent
553 3961 633 4009 autem
648 3960 672 4008 bi
686 3962 787 4022 ortygas
804 3963 829 4009 et
844 3963 898 4010 irus
913 3963 938 4010 et
981 3955 1053 4006 uires
1061 3955 1133 4006 iidem
1141 3957 1257 4020 cogebant
1266 3955 1324 4005 alios
1332 3955 1376 4005 sibi
1385 3955 1516 4005 lecticarios
1525 3967 1589 4016 esse,
1600 3953 1660 4004 alios
1669 3953 1766 4006 lictores

152 4035 275 4096 Ecbarusr
289 4037 344 4098 ηυῖ,
357 4037 422 4100 quod
438 4037 462 4086 in
474 4051 503 4087 eo
516 4039 621 4088 maxime
636 4041 705 4088 erant
715 4039 826 4101 occupati
839 4041 867 4088 ut
879 4040 936 4088 illu·
981 4037 1006 4085 et
1016 4037 1178 4098 apparitores,
1197 4036 1256 4086 slios
1278 4035 1329 4084 rlss
1346 4047 1448 4098 purgare
1466 4052 1472 4082 ι
1494 4035 1519 4082 et
1536 4033 1637 4082 alionum
1656 4033 1717 4082 lilios
1733 4035 1764 4083 ad

151 4117 215 4164 sires
224 4114 289 4164 siros
297 4113 442 4177 omeqnioss'
452 4116 730 4176 colerent‚adoratores
747 4119 771 4166 et
783 4115 936 4168 adulatores
981 4124 1120 4174 congressus
1131 4111 1257 4162 obsurnos
1271 4111 1436 4172 ucesoebsnt,
1449 4110 1501 4158 aliis
1514 4111 1542 4158 nt
1560 4110 1667 4172 proprias
1678 4123 1766 4161 uxores

153 4192 321 4255 rombantur)
339 4194 382 4244 :hi
397 4194 469 4256 igilur
485 4209 541 4244 eum
562 4208 617 4256 rege,
627 4195 778 4257 navigantes,
797 4209 873 4257 quum
887 4196 937 4258 Jam
982 4187 1617 4253 filiasquesibiadduuereniimpei'aruut3siquidlcio
1625 4201 1675 4238 iton
1685 4193 1765 4240 melli

153 4270 237 4330 procul
248 4271 510 4332 connumerassent,
524 4272 632 4322 vinctum
645 4275 755 4334 cnopum
767 4273 793 4322 in
807 4285 874 4322 mere
885 4287 937 4336 pro.
981 4267 1119 4329 audientes,
1133 4267 1225 4317 ultimis
1240 4267 1361 4329 suppliciis
1374 4265 1547 4315 alliciebantur.
1560 4265 1651 4324 Quodsi
1668 4265 1764 4327 quises

152 4347 274 4408 jecerunt.
287 4350 349 4396 Tum
365 4349 454 4399 cilium
470 4351 588 4411 petentes,
604 4349 708 4411 acceptis
718 4349 751 4398 ibi
761 4349 793 4398 ab
803 4349 887 4400 insule
897 4354 937 4413 ty-
982 4345 1087 4407 ipsorum
1099 4346 1222 4396 sodalibus
1233 4348 1336 4396 mortem
1346 4345 1456 4404 obiisset,
1469 4347 1622 4407 congregatos
1633 4344 1698 4394 cives
1707 4358 1764 4396 curn

153 4425 236 4474 rannis
249 4426 374 4487 empiricis
385 4429 409 4475 et
419 4427 548 4488 Polytecno
561 4427 668 4486 auxiliis,
679 4431 752 4476 noctu
766 4427 886 4490 'Erythras
899 4443 937 4479 re·
982 4425 1098 4474 uxoribus
1112 4427 1137 4474 ei
1148 4425 1229 4475 liberis
1238 4424 1324 4474 deflere
1335 4424 1450 4485 cogebant
1459 4427 1600 4484 mortuum,
1619 4427 1765 4487 pectoraque

153 4503 217 4552 versi
226 4506 291 4552 sunl.
304 4508 347 4553 Per
356 4503 419 4553 idem
429 4519 487 4554 rero
496 4511 592 4568 tempus
604 4506 706 4555 cadaver
719 4506 818 4569 Cuspis
828 4506 938 4558 lluctibus
981 4501 1060 4550 valide
1070 4502 1196 4564 illuuiem,
1214 4504 1238 4551 θῑ
1248 4515 1334 4564 mium
1345 4503 1464 4562 νννίνννθ
1475 4513 1534 4550 νθνν
1549 4501 1637 4550 Ιὸνννῐν
1648 4501 1764 4561 ‘iulium‘

154 4593 230 4644 prope
239 4581 354 4642 Erythrae
364 4581 389 4630 in
403 4582 470 4632 littus
481 4585 532 4632 erat
550 4583 666 4644 ejectum,
678 4596 708 4632 η)
722 4583 774 4632 1000
784 4583 827 4646 qui
844 4587 936 4647 [ωηο.
981 4591 1030 4639 que
1038 4577 1121 4636 edere,
1133 4578 1241 4627 adstante
1250 4579 1400 4638 llagellilero,
1411 4578 1452 4640 qui
1461 4577 1491 4626 ad
1503 4577 1527 4626 ld
1538 4577 1672 4628 laciendum
1681 4577 1763 4626 serbe·

154 4659 214 4706 dum
227 4657 298 4707 hodic
316 4661 424 4708 vocatur.
444 4662 556 4722 numque
568 4673 629 4708 uxor
640 4660 715 4721 (inopi
728 4661 840 4711 cleonice
858 4662 883 4710 in
893 4675 937 4712 cu-
982 4657 1097 4706 ribuseos
1110 4658 1272 4718 compelleret.
1283 4659 1322 4708 Sic
1333 4658 1367 4706 illi
1378 4671 1415 4706 res
1423 4671 1479 4707 saras
1487 4658 1589 4718 agebant
1601 4671 1607 4705 τ
1618 4657 1695 4706 donec
1702 4658 1763 4720 ilip-

155 4733 231 4782 rando
240 4733 640 4798 iunereeratoccupntn‚simalque
647 4735 937 4800 celebrabaturirequenti
982 4735 1048 4794 puicu
1055 4769 1064 4792 ,
1072 4735 1148 4796 Cuopi
1159 4735 1242 4796 iraicr,
1251 4747 1308 4784 cum
1317 4734 1402 4784 idonea
1413 4747 1487 4784 manu
1498 4734 1611 4796 Erythras
1619 4732 1761 4794 adveniens,

155 4811 281 4860 bominum
292 4816 412 4862 conventu
422 4814 508 4863 iratum
521 4815 604 4863 Dianas
614 4815 755 4876 strophaea,
764 4815 890 4864 exauditur
898 4828 938 4865 su·
981 4825 1031 4873 quo
1048 4815 1156 4874 temporo
1175 4812 1261 4862 rerum
1280 4812 1403 4874 agebatur,
1427 4811 1597 4872 adjrrrantibus
1618 4809 1762 4871 Erythraeis,

155 4888 207 4937 bito
217 4887 282 4938 tube
292 4893 392 4948 cnutus;
409 4894 433 4939 et
441 4893 512 4953 capta
530 4891 589 4940 urbe
601 4889 632 4938 ab
641 4893 729 4952 Ortyge
742 4891 839 4952 ejusque
851 4891 937 4941 sodali·
982 4890 1069 4940 inrasit
1080 4891 1209 4952 tyrannum
1227 4891 1358 4952 multisque
1369 4904 1399 4940 er
1417 4903 1500 4940 eorum
1512 4887 1634 4938 sodalibus
1646 4886 1762 4948 supplicio

155 4963 216 5025 bus,
230 4965 300 5014 multi
319 4966 472 5016 trucidantur
482 4980 513 5016 er
533 4967 609 5029 cnopi
620 4967 703 5015 amicis
716 4986 722 5016 :
737 4967 849 5016 Cleonice
866 4981 938 5029 sero,
982 4966 1086 5028 allectis,
1096 4967 1147 5030 ipso
1159 4970 1248 5031 ortyga
1259 4968 1376 5030 sociisque
1393 4967 1446 5030 ejus
1457 4967 1481 5016 in
1497 4963 1688 5027 lngaconlossis,
1698 4976 1761 5012 uxo-

157 5056 183 5092 re
194 5049 330 5106 comperta,
338 5046 501 5108 colophonem
512 5045 623 5109 profugit.
633 5049 696 5096 Tum
706 5059 764 5096 rero
772 5049 937 5109 ortygescum
984 5045 1097 5107 cibusque
1109 5059 1192 5096 eorum
1204 5059 1233 5096 ac
1249 5045 1329 5098 liberis
1344 5046 1409 5096 omni
1421 5045 1529 5096 cruciatu
1537 5044 1643 5106 aliliciis,
1658 5043 1760 5106 patriam

157 5123 289 5184 tyrannidis
298 5125 381 5185 sociis,
394 5125 467 5188 copiis
478 5138 507 5175 er
523 5125 583 5176 chio
592 5124 683 5186 adiuti,
695 5125 842 5190 quicumque
854 5137 938 5176 eorum
982 5124 1100 5176 liberavit.
