3830 5720
210 353 264 402 tif
449 355 459 362 ·
777 331 939 394 ioannis
961 329 1254 390 sermasiensis

209 473 315 551 γρόνους
329 469 532 540 ίπεκτανθίντα,
549 467 593 526 καί
607 467 637 525 τδ
649 465 731 546 πέρας
743 463 881 540 δεξάμενον
893 468 931 543 τῷ
948 465 988 520 ἰν·
1036 463 1088 518 σῶν
1101 459 1255 534 ἐκεκόμιστο
1266 456 1387 536 βασιλεύς
1401 455 1461 537 (καί
1473 453 1524 532 γὰρ
1538 453 1619 512 ἐδόκει
1641 453 1709 512 κατά
1720 456 1811 514 ταύτόν

209 541 279 620 νάτω
297 565 343 630 τῆς
368 557 506 638 βασιλείαςΙ
523 557 633 636 ἐνιαυτῷ
647 559 692 613 τοῦ
706 552 847 630 Ῥωμαίων
862 551 990 630 αὖτοκρά·
1034 546 1063 605 τὸ
1077 551 1123 618 τῆς
1134 545 1266 610 δεκαετίας
1278 545 1357 603 ποσὸν
1367 541 1552 618 ἐπιδίδοαθαι),
1567 541 1678 616 μηδενός
1688 565 1716 600 τε
1724 542 1754 599 τδ
1764 545 1814 602 λοι.

209 622 282 726 τορός
296 646 454 726 Μαυρικίου.
467 645 523 712 Τδις
540 643 586 720 μὲν
608 635 652 702 οὗν
667 641 751 708 αίτίας
768 645 815 711 τῆς
833 644 884 699 τῶν
909 643 989 716 γενῶν
1035 634 1082 692 πδν
1100 637 1125 702 ές
1146 634 1277 710 σιίμόασιν
1294 632 1473 709 δμιληθίντος,
1489 630 1653 696 Ἰουστῖνοςό
1671 631 1813 708 Ῥωμαίων

210 734 365 816 φιλονεικίας
375 733 497 804 ἀλλήλοις
507 734 612 804 ἐπῆγον·
627 729 941 806 Ῥωμαῖοιμίνζχαλιπῶς
950 725 991 805 φέ-
1037 721 1159 801 βασιλεὺς
1172 725 1196 790 ές
1209 722 1258 793 τήν
1272 721 1339 780 ἑώαν
1354 720 1422 778 κατὰ
1433 719 1514 798 τάχος
1524 717 1653 794 ἐκπέμπει
1661 721 1813 799 Παρκιανὸν

211 847 310 900 ροντες,
326 822 365 879 δτι
390 819 448 888 τοὺς
468 815 749 898 ὈμηρίταςίἸνδικδν
773 815 800 873 δέ
814 817 844 872 τὸ
861 815 932 892 γένος
946 813 990 872 καί
1036 811 1192 890 στρατηγὸν,
1209 813 1236 868 έν
1250 818 1301 876 τοῖς
1320 808 1466 886 πατρικίοις
1490 811 1535 878 τῆς
1560 807 1707 884 συγκλήτου
1721 812 1815 884 βουλῆς

211 909 297 986 σφίσιν
314 910 400 974 αὐτοῖς
414 905 556 984 σύμμαχόν
579 927 607 962 τι
628 904 673 961 καὶ
697 903 826 978 ὑπήκοον)
844 905 991 970 ἀποστῆσαι
1035 897 1202 977 τεταγμέναι,
1224 900 1294 974 αὐτῷ
1314 919 1342 954 τε
1365 896 1428 973 πρὸς
1440 893 1510 969 γένος
1531 893 1707 970 συνημμένον,
1721 901 1773 954 τῶν
1789 923 1815 956 τε

212 997 298 1066 Μῆδοι
319 995 497 1066 διενοήθησαν,
523 994 651 1068 μηδαμῶς
680 987 853 1066 δθίλομένων
877 987 990 1058 ἐκείναιν,
1036 989 1185 1064 πολεμικῶν
1200 986 1323 1043 κινδύνοιν
1338 986 1384 1042 οὐκ
1399 983 1515 1061 άπιιρον,
1536 981 1581 1040 καὶ
1601 982 1686 1049 άλλως
1700 985 1815 1062 ἀνδρεῖον

169 1103 180 1128 ··’
211 1084 301 1160 ἔφοδον
311 1081 369 1140 κατ’
380 1085 464 1140 αὐτῶν
475 1080 631 1150 ἐποιήσαντο
644 1085 689 1137 τοῦ
701 1077 795 1158 χρόνου
808 1079 859 1134 τῶν
874 1077 990 1134 σπονδῶν
1036 1073 1099 1132 ὄντα
1113 1097 1142 1132 τι
1151 1073 1196 1133 καί
1209 1075 1342 1132 δοκοῦντα.
1354 1069 1454 1132 desei<
1464 1069 1491 1127 δὲ
1503 1069 1546 1126 τὸν
1559 1069 1698 1150 Εὐφράτην
1711 1073 1726 1127 ὁ
1738 1074 1817 1150 Παρ-

211 1169 391 1244 ῖνισταμένου·
406 1167 470 1244 πρὸς
484 1165 583 1230 τούτοις
598 1165 640 1236 δέ,
661 1163 700 1222 ὅτι
723 1163 768 1222 καί
784 1163 910 1240 Τούρκων
928 1162 992 1240 πρὸς
1037 1161 1134 1236 κιανδς,
1148 1161 1194 1221 καί
1206 1160 1274 1218 κατὰ
1282 1159 1328 1229 τήν
1341 1155 1486 1236 Ὀσροηνήν
1500 1156 1624 1234 γεγονὼς,
1639 1157 1689 1228 ήδη
1704 1164 1749 1216 τοῦ
1767 1161 1816 1217 θέ-

211 1257 393 1332 Ῥωμαίους...
417 1257 530 1334 [supps.
546 1257 613 1310 Hes.
632 1253 716 1330 πρεσ]
733 1250 910 1327 δευσαμίνων,
923 1249 990 1308 Ἰου·
1038 1269 1095 1326 ρους
1110 1247 1346 1326 παρίακμάσαντος
1361 1249 1428 1302 iias.
1446 1243 1569 1320 suppl.],
1584 1241 1628 1300 καί
1643 1247 1695 1302 τῶν
1714 1246 1817 1322 βαρθά-

212 1343 298 1402 στίνου
318 1342 345 1401 δὲ
366 1341 492 1421 βασιλέως
515 1338 563 1408 τήν
587 1337 728 1416 πρεσόιίαν
751 1336 933 1416 προσιεμένου,
948 1335 992 1394 καί
1039 1357 1088 1414 ρων
1114 1333 1178 1400 τέως
1195 1335 1268 1391 οὐδὲν
1288 1332 1476 1413 προειδομένων
1501 1331 1635 1406 πολέμιον,
1660 1335 1818 1412 τρισχιλίους

210 1429 363 1511 Ζήμαρχον,
379 1429 459 1506 ἀνδρα
480 1431 525 1498 τῆς
541 1424 687 1501 συγκλήτου
703 1426 813 1502 βουλῆς,
825 1422 872 1481 σὺν
887 1423 993 1488 ἐκείνοις
1037 1422 1145 1489 ὁπλίτας
1168 1419 1236 1480 κατά
1253 1419 1300 1492 τὴν
1316 1417 1473 1497 Ἀρζανηνὴν
1497 1417 1564 1476 οθτω
1588 1417 1753 1494 καλουμένην
1776 1424 1818 1480 ἐκ·

212 1517 406 1597 ἐκπέμψαντος,
422 1516 523 1594 Πέρσαι
538 1513 597 1578 τοὺς
612 1511 731 1578 ’λλανοθς
745 1510 865 1590 χρήμασι
879 1512 992 1590 διαφθεῖ-
1037 1509 1136 1586 πέμπει
1146 1517 1251 1588 μοῖραν,
1267 1509 1396 1586 ἡγεμόνας
1419 1505 1562 1578 ἐπιστήσας
1575 1507 1660 1572 αὐτοῖς
1678 1509 1819 1590 Θεόδωρόν

213 1627 257 1682 ραι
276 1605 457 1682 βουληθέντες,
473 1602 504 1660 δι’
523 1593 559 1658 ῶν
576 1602 669 1658 ἐκεῖνον
688 1599 736 1669 τὴν
755 1597 862 1678 πορείαν
884 1596 992 1673 ἔμελλον
1037 1619 1066 1653 τε
1080 1596 1125 1653 καί
1144 1596 1263 1675 Σέργιον,
1276 1597 1305 1652 ἐκ
1320 1599 1365 1653 τοῦ
1385 1592 1506 1660 Ῥάόδιος
1529 1593 1559 1651 τὸ
1581 1592 1652 1670 γένος
1675 1594 1818 1672 ἕλκοντας,

212 1691 385 1762 ποιήσασθαι,
402 1691 444 1749 τόν
458 1713 486 1748 τε
499 1689 642 1766 Ζήμαρχον
655 1687 699 1745 καὶ
713 1685 771 1752 τοθς
781 1686 827 1744 σὺν
839 1686 910 1764 αὐτῷ
921 1684 991 1744 Ῥω·
1038 1683 1205 1742 Ἰουόεντῖνόν
1219 1707 1261 1754 τε,
1274 1687 1325 1741 τῶν
1339 1684 1366 1740 έν
1381 1681 1495 1742 Χαλκίδι
1507 1683 1648 1758 ταγμάτοιν
1658 1683 1818 1760 ἡγούμενον.

213 1779 305 1852 μαίους
314 1801 342 1836 τε
356 1779 401 1836 καὶ
422 1777 554 1852 Ἰὀύρκους
568 1772 684 1833 ἐκποδὼν
703 1775 822 1852 γενέσθαι
838 1771 993 1830 διεσπούδα-
1033 1766 1210 1841 Ἰἰμόαλόντες
1231 1758 1276 1825 οὖν
1300 1765 1422 1838 ἐξαπίνης
1445 1765 1491 1838 τήν
1521 1769 1630 1846 Περσῶν
1654 1767 1747 1845 δῃοῦσι
1773 1769 1820 1839 γῆν

210 1859 265 1932 {eos
280 1869 304 1926 Τ
305 1867 333 1923 ὸν
351 1864 441 1942 όμοιον
460 1863 487 1922 δὲ
503 1863 598 1936 τρόπον
614 1866 759 1938 ἀντεπῆγον
771 1861 816 1918 καὶ
833 1861 935 1930 Μῆδοι,
948 1865 993 1917 τοῦ
1032 1855 1077 1912 καί
1100 1855 1174 1912 λείαν
1192 1853 1284 1926 ἱκανήν
1307 1855 1479 1932 κομισάμενοι
1494 1857 1529 1920 ῶς
1549 1853 1663 1932 τάχιστα
1685 1853 1821 1910 ἐπανίασι.

212 1951 328 2028 πολέμου
338 1951 385 2018 τάς
394 1951 512 2032 ἀφορμάς
525 1951 706 2016 ἐπικαλοῦντες
720 1947 874 2024 Ῥωμαίοις,
883 1949 922 2005 ὅτι
935 1946 994 2013 τοθς
1039 1945 1114 2006 Merit
1129 1943 1155 2004 δέ
1168 1944 1215 2016 τήν
1227 1949 1272 2002 τοῦ
1287 1946 1413 2022 χειμῶνος
1427 1941 1496 2022 ὥραν
1508 1945 1662 2020 Μαρκιανοῢ
1678 1941 1727 2010 τάς
1741 1945 1820 2002 δυνά-

213 2039 373 2116 Ἂρμενίους,
396 2039 539 2119 ὑποφόρους
555 2036 640 2116 σφίσιν
657 2036 748 2107 ὄντας,
769 2039 794 2101 ές
816 2033 994 2093 έπανάστασίν
1040 2057 1097 2110 μεις
1113 2027 1184 2098 αὖθις
1197 2034 1407 2111 συναγείραντος,
1423 2029 1453 2088 ἔκ
1466 2036 1548 2088 τετοῦ
1559 2029 1646 2108 Δέρας
1656 2032 1822 2108 ὁρμηθέντος,

212 2149 240 2184 τι
256 2126 417 2204 ἑωρακότας,
433 2124 532 2182 καὶτὸν
552 2125 666 2202 ἀρχσντα
685 2127 755 2204 σφῶν
779 2123 913 2202 Σουρήνην
932 2121 994 2180 τοθ-
1039 2121 1149 2179 καὶτῶν
1174 2119 1313 2199 βαρθάρων
1329 2122 1374 2188 τῆς
1399 2115 1529 2183 Νιοίόεως
1550 2117 1651 2183 πόλεως
1673 2117 1823 2197 ἔμπροσθεν

212 2213 528 2292 νομαδιαχρησαμένους,
545 2215 578 2288 τῇ
596 2235 623 2268 τε
638 2210 779 2285 Ῥωμαίων
791 2213 859 2290 ἀρχῇ
872 2232 994 2289 προσχω-
1040 2210 1265 2278 ὑπαντιασάντων,
1285 2211 1490 2284 στρατηγοῦντος
1505 2205 1591 2270 αὐτοῖς
1613 2205 1823 2284 Βαραμάνου,δς

214 2301 361 2378 ρήσαντας,
381 2303 408 2357 έν
421 2300 544 2365 σπονδαῖς
559 2299 755 2366 ὑπεδέξαντόπε
770 2298 816 2356 καί
836 2302 881 2368 τῆς
899 2296 994 2362 οἰκείας
1041 2299 1092 2352 τῶν
1105 2297 1188 2353 ἐκεῖσε
1205 2295 1346 2368 ταγμάτων
1357 2293 1446 2372 ἄρχειν
1455 2292 1594 2366 ἐτέτακτο,
1609 2291 1699 2372 μάχην
1711 2295 1823 2372 ίσχυράν

213 2388 301 2453 αὐτοῖς
326 2386 523 2463 μεταδεδώκασι
538 2387 700 2464 συμμαχίας.
718 2387 779 2465 Οὐχ
800 2384 895 2455 ἥκιστα
918 2385 944 2442 δέ
965 2384 994 2441 τὸ
1039 2382 1158 2460 γενέσθαι
1168 2381 1328 2458 συμθέάηκε,
1340 2378 1497 2460 Σαργαθάνν,
1508 2378 1576 2438 οθτω
1588 2381 1823 2460 προσαγορευομέ-

163 2527 168 2540 ,
211 2473 354 2550 φιλόνεικον
378 2476 463 2539 αὐτοῖς
485 2473 528 2532 ἐπὶ
542 2472 620 2531 πλέον
642 2472 740 2544 ηὐξήθη
763 2470 803 2549 (εἴ
818 2495 857 2538 τις
879 2471 931 2550 ἀρα
945 2470 993 2541 τήν
1040 2493 1084 2528 νου
1099 2471 1230 2549 Περσικοῦ
1245 2467 1358 2548 χωρίου,
1383 2467 1503 2539 πλησίον,
1526 2469 1552 2524 ἐν
1576 2461 1643 2546 Ιήπερ
1659 2467 1709 2525 ἀνθ
1731 2472 1826 2547 κράτος

213 2562 394 2640 ἀφανεστάτην
402 2562 499 2630 αἰτίαν,
512 2563 596 2630 ἀληθῆ
610 2561 636 2617 δὲ
649 2559 732 2636 ὅμως,
745 2560 836 2634 μαθεῖν
852 2558 963 2637 ἐθελήσῃ
973 2563 991 2631 ),
1041 2555 1170 2634 Ῥωμαῖοι
1181 2556 1238 2622 τοὺς
1250 2555 1396 2636 βαρόάρους
1410 2555 1581 2635 τρεψόμενοι,
1598 2555 1712 2621 πολλοὺς
1728 2557 1757 2614 δέ
1776 2582 1825 2614 κα-

212 2647 251 2704 du
266 2648 297 2720 δὴ
310 2653 323 2706 δ
338 2647 458 2727 βασιλεὺς
469 2648 604 2713 Ἰουστῖνος
619 2649 720 2723 οὐδαμῆ
735 2647 820 2718 ἠξίου,
835 2647 942 2725 χρυσίου
954 2646 993 2704 ii·
1041 2643 1211 2716 ταόαλόντες,
1227 2646 1373 2722 ἀπόπειραν
1388 2643 1435 2714 μὲν
1461 2649 1506 2701 τοῦ
1520 2643 1653 2714 Θηόηθὼν
1677 2645 1826 2721 (Θεόοθὼν

212 2759 274 2814 τρας
307 2735 493 2808 πεντακοσίας,
521 2734 559 2815 ἐφ’
584 2725 624 2801 αἷς
647 2735 792 2814 ἔμπροσθεν
816 2735 951 2812 γεγόνασιν
966 2737 993 2792 αἱ
1041 2755 1087 2810 np.
1100 2732 1451 2808 Τίιοογ)ίιγ1.)έποιήσαντο
1463 2730 1604 2810 φρουρίου,
1619 2729 1681 2788 δέκα
1704 2730 1754 2798 τάς
1776 2734 1825 2788 πά·
1893 2801 1894 2806 γ

212 2823 339 2898 σπονδαὶ,
355 2822 480 2900 παρέχειν
495 2822 595 2892 Μήδοις
609 2823 644 2888 είς
665 2823 774 2880 ἕκαστον
794 2821 862 2896 ἔτος,
880 2821 926 2884 καί
946 2821 993 2892 τήν
1042 2844 1089 2886 σας
1104 2819 1204 2900 ἡμέρας
1219 2819 1313 2878 αὐτόσε
1336 2819 1525 2899 διατρίψαντες.
1548 2821 1631 2877 Τοῦτο
1645 2817 1671 2875 δέ
1693 2822 1828 2894 μηδαμῶς

214 2907 355 2990 Ῥωμαίων
372 2909 511 2968 πολιτείαν
528 2909 642 2988 Πέρσαις
657 2910 787 2991 θπόφορον
808 2912 832 2975 ἐς
850 2909 890 2966 ἀεὶ
910 2932 995 2968 κατα·
1041 2909 1107 2966 ἑλεῖν
1126 2901 1282 2978 δυνηθέντες,
1300 2897 1371 2972 αθθις
1392 2905 1462 2963 κατά
1480 2904 1510 2964 τὸ
1521 2904 1607 2983 Δάρας
1627 2906 1757 2965 ἐπανίασι
1773 2909 1828 2965 πό-

215 2995 371 3067 στήσασθαι.
1041 2997 1188 3072 λισμα,ἒτι
1196 2999 1241 3052 τοῦ
1257 2985 1318 3072 ήρος
1334 2995 1510 3070 ἀκμάζοντος,
1527 2994 1572 3051 καί
1591 2991 1683 3062 είςτλν
1694 2995 1829 3069 πολεμίαν

253 3104 276 3144 ³.
298 3087 354 3144 Τοῦ
370 3085 465 3164 χρόνου
489 3084 572 3143 τοίνυν
588 3088 613 3152 ές
627 3085 707 3166 πέρας
723 3083 858 3164 ἀχθέντος,
882 3083 947 3161 θπέρ
966 3075 996 3142 oi
1044 3077 1115 3148 αὖθις
1129 3081 1292 3160 έμόάλλουσι
1312 3087 1372 3160 γῆν,
1389 3081 1481 3160 γνώμη
1495 3104 1523 3138 τε
1538 3079 1666 3159 βασιλέως
1680 3080 1831 3140 Ἰουστίνου

211 3171 245 3230 τδι
259 3172 385 3252 χρήματα
397 3173 465 3231 κατά
476 3173 508 3231 τά
517 3173 600 3231 ποίλαι
610 3173 767 3250 συγκείμενα
775 3171 894 3251 Χοσρόης
904 3174 917 3228 δ
927 3174 997 3250 Περ·
1045 3169 1150 3229 Νίσιόιν
1164 3170 1310 3248 πολιορκεῖν
1323 3167 1503 3246 διεγνώκασιν.

211 3339 284 3388 finem
302 3340 366 3402 cepit
382 3353 446 3388 anuo
457 3353 521 3390 ιιοοο
534 3343 660 3402 postquem
676 3339 804 3389 ifeuricies
815 3341 895 3388 censer
916 3351 995 3387 rerum
1041 3339 1110 3385 neret
1121 3339 1149 3385 nt
1158 3336 1240 3386 decem
1250 3349 1369 3384 annorum
1379 3336 1523 3397 stipendium
1534 3348 1581 3384 uus
1590 3340 1834 3397 representantur),
1857 3355 1862 3366 ·

211 3417 438 3466 eretiiomensrum
456 3417 553 3478 potitus.
568 3415 801 3466 Gansessimuitetis
817 3416 878 3464 niter
894 3417 996 3477 popuius
1041 3416 1106 3463 mitte
1119 3428 1145 3463 re
1160 3413 1190 3464 ed
1208 3415 1365 3464 dirimendam
1386 3415 1573 3464 controversiain
1589 3417 1695 3475 tentate,
1719 3417 1835 3464 lustinus

211 3495 280 3542 efferi
300 3495 434 3556 imperiebet
445 3510 451 3542 :
463 3496 580 3557 domeni,
598 3496 655 3557 quie
673 3496 776 3556 graviter
793 3495 913 3554 ferebant,
931 3493 996 3555 quod
1040 3495 1201 3541 iiumsnorum
1217 3493 1346 3554 imperetur
1361 3492 1385 3540 in
1397 3492 1520 3540 Orientem
1532 3492 1657 3541 confestim
1671 3493 1754 3543 mittit
1769 3497 1836 3542 tter-

211 3572 348 3618 iiomerites
359 3572 483 3631 fondnest
494 3571 589 3632 indice,
600 3572 625 3620 in
637 3571 729 3632 imperii
743 3571 994 3632 fmdereetciienfeie)
1040 3571 1135 3619 cinnum
1153 3571 1253 3630 ducem,
1273 3571 1399 3632 patricium
1421 3569 1512 3618 ordinis
1532 3569 1659 3629 senatorii,
1676 3583 1774 3630 genere
1792 3573 1836 3620 sibi

211 3645 995 3709 esedisjuugereconatiPersee,repoisaeecepte,expediiionem
1040 3647 1210 3709 conjunctum,
1233 3661 1282 3697 non
1307 3647 1443 3710 imperitum
1468 3647 1628 3708 periuriorum
1643 3645 1719 3706 beiti,
1745 3651 1838 3710 etqui

210 3724 326 3772 adversus
343 3724 397 3774 iiius
413 3725 464 3786 ipso
483 3724 632 3774 induciarum
651 3727 758 3787 tempore
776 3729 950 3786 susceperunt:
966 3727 995 3774 ed
1039 3724 1137 3772 omnino
1147 3725 1172 3773 in
1186 3726 1291 3774 strenuis
1305 3728 1330 3774 et
1344 3727 1395 3773 eret
1405 3727 1430 3772 et
1441 3724 1621 3772 nurnerebefur.
1641 3725 1664 3771 ls
1678 3726 1838 3782 Marcianus,

212 3803 276 3858 ireec,
295 3801 373 3863 ηιιιιί,
385 3815 463 3864 quum
479 3805 565 3851 'furere
583 3803 614 3851 ed
630 3805 749 3852 Romanos
761 3801 904 3862 legationem
922 3803 996 3851 desti-
1039 3805 1178 3854 transmisso
1189 3804 1323 3866 Euphrate,
1335 3817 1410 3866 quum
1421 3803 1444 3851 in
1453 3807 1573 3851 Osroenen
1583 3803 1686 3851 reniesm
1695 3840 1704 3863 ,
1713 3805 1840 3866 praecipiti

211 3882 320 3938 nossent,
329 3881 438 3928 tustinus
448 3881 528 3928 deser
537 3881 619 3928 eutem
631 3881 656 3928 et
667 3879 801 3928 admisisset
811 3881 919 3928 oratores
930 3880 996 3939 iiico,
1037 3881 1087 3941 jem
1101 3884 1198 3942 ωείιιίε,
1209 3895 1287 3942 neque
1297 3881 1404 3930 turberis
1415 3881 1531 3930 hactenus
1551 3879 1636 3928 hostile
1645 3879 1788 3943 qrriequam
1801 3897 1840 3930 su-

211 3959 235 4003 et
251 3957 512 4013 Zernereteum,virum
522 3957 685 4017 senatorium,
701 3956 810 4015 iussisset
818 3967 866 4004 une
880 3969 936 4004 cum
951 3956 997 4005 iffis
1039 3958 1421 4019 spicentibus,greviserinetumr
1440 3957 1527 4005 milites
1539 3959 1587 4006 fres
1598 3956 1662 4005 mitte
1681 3956 1709 4006 in
1726 3962 1841 4008 tractum

212 4033 344 4094 proficisci,
365 4038 441 4084 Persen
453 4037 555 4096 pecunie
574 4049 727 4098 corrumpere
745 4036 832 4085 sisnos
848 4037 941 4096 οοιιιιῑί,
956 4050 997 4098 per
1040 4035 1082 4096 qui
1102 4038 1224 4083 inanime
1240 4038 1340 4083 vocatur
1353 4033 1441 4093 mittit,
1463 4034 1548 4094 hisque
1566 4033 1694 4094 prefectos
1711 4039 1844 4098 praeponit

211 4126 314 4172 qrrorum
327 4113 386 4163 fines
396 4115 465 4174 iegeti
478 4115 522 4163 iter
534 4115 620 4165 fecturi
638 4118 723 4174 erent,
738 4128 814 4177 qurum
824 4115 996 4176 demarchum,
1040 4111 1192 4162 Theodorum
1200 4118 1224 4162 et
1238 4114 1346 4175 Sergium
1359 4113 1490 4162 exiiirebdi
1499 4112 1627 4172 οτίιιιιιίοε,
1637 4115 1842 4174 eiqueeurenn·

212 4192 392 4239 trimiiomenes
407 4193 432 4239 et
441 4194 532 4241 furnes
541 4205 598 4241 eum
612 4193 767 4251 comitantes,
782 4193 866 4241 teiiere
877 4191 907 4241 de
919 4193 997 4240 medio
1041 4205 1108 4253 num,
1118 4193 1242 4254 copiarum
1252 4205 1306 4254 qun
1317 4191 1429 4242 ctesicide
1438 4191 1610 4240 erentducem.
1620 4192 1650 4241 iii
1659 4191 1691 4240 de
1700 4192 1845 4256 improviso

212 4269 347 4318 potuerant.
367 4269 454 4318 Eadem
466 4271 559 4320 retione
572 4273 656 4319 contre
667 4271 858 4320 criminabantur
870 4271 996 4332 Persre‚iu
1040 4270 1158 4320 irruentes
1178 4275 1303 4320 Persarum
1324 4283 1393 4334 egres
1413 4271 1567 4332 populentur,
1594 4271 1617 4318 ef
1632 4269 1726 4320 idonee
1757 4274 1846 4335 praede

214 4348 335 4395 Rorneuos
345 4347 433 4394 eoifete
447 4349 516 4408 cuipn
529 4347 597 4406 beiti,
607 4348 672 4410 quod
682 4349 819 4407 Armenios,
832 4347 998 4410 stipendiarios
1041 4348 1103 4396 fecte
1117 4349 1242 4398 confestim
1254 4347 1363 4397 redeunt.
1381 4349 1466 4396 iiierne
1479 4349 1564 4395 erecte
1574 4349 1735 4411 diercienus,
1749 4351 1847 4400 coactis

212 4435 280 4482 suos,
291 4422 321 4470 nd
336 4422 493 4471 defectionem
508 4427 655 4484 spectantes,
665 4425 720 4487 qui,
733 4426 846 4487 praefecto
856 4439 940 4474 eorum
951 4429 996 4476 Su·
1039 4425 1127 4474 iterum
1138 4427 1225 4489 copiis,
1235 4430 1296 4475 ltere
1306 4425 1426 4487 profectus
1434 4426 1457 4473 iu
1467 4425 1581 4474 berneres
1590 4425 1688 4486 incidit,
1701 4440 1739 4475 ex
1750 4430 1847 4492 oppido

213 4513 270 4548 reee
283 4502 411 4559 trunceto,
428 4500 490 4548 sein
507 4503 668 4550 Remenorum
683 4502 818 4552 clientefem
830 4503 996 4565 contulerant,
1041 4504 1114 4553 Nisibi
1129 4505 1225 4554 obviem
1238 4505 1376 4565 tendentes,
1388 4504 1450 4553 duce
1465 4506 1610 4564 iterantem,
1624 4505 1787 4556 militaribus
1798 4522 1846 4556 nu·

213 4576 302 4624 erdere
316 4589 428 4637 percusse
447 4576 471 4624 in
484 4577 622 4626 societatem
635 4579 785 4640 recepissent
800 4583 882 4641 Neqrre
900 4581 998 4629 minime
1041 4581 1113 4630 meris
1128 4595 1169 4643 per
1182 4584 1262 4644 peries
1277 4583 1330 4630 iiies
1342 4595 1443 4645 preesse
1454 4583 1528 4644 jusse¹
1544 4581 1580 4630 ibi
1598 4593 1677 4643 pugne
1690 4584 1766 4632 seris
1781 4586 1848 4634 fecte

211 4667 242 4700 ex
255 4667 284 4702 eo
295 4655 368 4700 nocte
377 4654 498 4701 contentio
511 4655 547 4714 (si
557 4655 611 4716 quis
619 4657 775 4705 oecrsitiorem
786 4656 899 4718 qrridem,
911 4657 952 4706 sed
964 4659 998 4706 ni·
1041 4661 1077 4707 est
1090 4671 1164 4720 prope
1187 4659 1267 4706 vicum
1290 4659 1411 4708 Persicum
1428 4659 1560 4721 Sergetimn
1576 4661 1694 4707 vocatum
1712 4675 1720 4707 ε
1735 4674 1773 4710 ex
1796 4675 1848 4723 que

212 4730 342 4778 triferninus
353 4742 434 4778 rerem
449 4742 545 4779 reusam
560 4745 629 4780 nosse
646 4733 732 4793 vetit),
745 4733 811 4794 qnod
831 4734 941 4782 tustinus
954 4733 997 4782 im·
1043 4739 1156 4799 Romani,
1177 4739 1234 4787 fusis
1255 4738 1390 4800 fugatisque
1403 4738 1524 4798 herberie,
1545 4737 1644 4799 dejectis
1664 4751 1720 4788 nen
1743 4743 1848 4803 penus,

213 4811 309 4871 peretor
318 4809 449 4870 quingentas
460 4809 512 4858 euri
529 4810 602 4858 fibras
614 4811 777 4872 superioribus
785 4811 886 4861 induciis
902 4816 997 4874 pectes,
1040 4815 1163 4864 castelium
1171 4815 1311 4864 Tuebetimu
1319 4816 1495 4878 oppugnatione
1503 4816 1746 4875 ierrtererunt,totis
1756 4819 1848 4869 dwern

212 4899 261 4935 nen
272 4886 373 4949 emptius
383 4885 458 4935 Medis
471 4886 574 4948 pendere
583 4889 713 4948 quotannis
722 4901 801 4951 neque
809 4890 935 4950 imperium
948 4893 995 4938 iio·
1041 4893 1126 4943 diebus
1146 4893 1177 4942 ibi
1196 4895 1354 4956 consumptis.
1369 4893 1395 4943 id
1411 4907 1487 4957 quum
1499 4907 1583 4955 cepere
1599 4894 1667 4942 nullo
1679 4896 1767 4946 modo
1788 4901 1847 4961 qui-

212 4978 311 5014 menum
322 4965 397 5015 Persis
407 4965 522 5027 rectigefe
534 4968 649 5028 perpetuo
661 4965 759 5016 reddere
770 4967 873 5016 volebat.
1042 4973 1107 5032 rent,
1117 4971 1196 5020 medin
1214 4972 1341 5020 etiamtum
1355 4985 1410 5020 rere
1421 4971 1452 5019 ed
1468 4974 1555 5019 Decem
1568 4969 1684 5032 oppidum
1698 4985 1731 5023 se
1740 4989 1849 5039 recepe-

245 5051 267 5093 3-
279 5046 315 5092 iis
323 5045 430 5105 ternpore
441 5044 489 5103 jem
500 5044 608 5093 confecto
616 5081 623 5105 ‚
632 5057 675 5106 pro
684 5050 734 5106 quo
747 5057 778 5093 ex
793 5047 864 5106 pecte
875 5045 997 5107 superiore
1041 5052 1111 5108 runt,
1121 5051 1145 5097 et
1154 5049 1232 5096 dentre
1247 5047 1304 5097 iiiati
1318 5047 1342 5096 in
1356 5047 1413 5098 fines
1425 5048 1547 5108 hostium,
1567 5059 1596 5096 ex
1609 5046 1736 5116 mendetn
1749 5055 1850 5104 Justini

212 5123 340 5185 pecuniam
354 5124 471 5174 chosroes
485 5137 527 5174 ren
541 5127 668 5174 Persarum
679 5127 804 5187 acceperet
820 5125 891 5188 (nem
907 5139 996 5177 oense-
1040 5125 1337 5190 imperatoriseppugnnre
1350 5124 1440 5176 ίθίειίνίιι
1448 5125 1591 5175 statuerunt.
