3766 5726
199 385 256 436 tto

193 503 333 577 συντελεῖν,
346 499 412 560 ὥστε
425 500 535 566 καὶτοὺς
546 499 629 569 ξένους
641 501 758 568 ἅπαντας
767 501 810 560 tal
820 499 866 572 τὴν
879 499 964 570 θοίνην

192 588 423 668 παραλαμόοίνειν,
446 587 491 646 καί
510 587 568 654 τούς
588 589 724 664 δισμόντας
743 588 825 662 λύειν,
845 587 890 648 καί
908 589 966 654 τοὺς

192 673 292 741 οἰκέτας
306 674 512 741 κατακλίναντας
525 673 592 752 μετδ
607 675 693 746 πόσης
706 675 854 756 παρρησίας
867 677 964 747 ἑστιᾶν,

192 759 377 820 διακονούντων
397 764 484 828 αὐτοῖς
503 765 555 820 τῶν
578 763 722 821 δισιτοτῶν·
739 762 785 822 καλ
805 763 834 821 τὸ
858 761 965 823 σύνολον

192 845 230 905 έτι
242 847 286 906 καλ
298 853 342 906 νῦν
355 847 508 916 Θεσσαλούς
520 847 644 926 μεγίστην
659 847 750 930 ίορτλν
763 849 871 927 ἄγοντας
882 872 963 928 προσ·

193 932 323 1012 αγορεύειν
359 935 506 1012 Πελωρίαν.
529 962 541 986 ι
574 937 617 996 ci.
643 937 770 993 Parosta
799 939 830 993 in
856 938 962 994 Abicit.

191 1023 220 1080 d.
234 1025 342 1086 Berlin.
360 1025 451 1080 Alad.
470 1023 559 1100 1839,
572 1045 602 1100 p.
621 1023 674 1092 35,
686 1025 790 1082 citante
801 1027 964 1081 Hermanno

190 1109 220 1162 in
235 1109 350 1183 Antiqq.
363 1129 450 1168 sncrr.
464 1111 543 1186 564,
565 1131 618 1179 αι,
636 1122 664 1166 et
676 1113 788 1168 Preller.
804 1113 832 1164 in
849 1113 966 1181 Pouly's

192 1197 364 1268 liealencycl.
379 1217 401 1256 s.
413 1219 441 1257 ν.
458 1201 571 1273 Jupiter,
592 1211 659 1254 tom.
675 1200 723 1264 lV,
737 1216 768 1271 p.
787 1197 853 1270 591.

489 1365 665 1392 -ι-οοοοι-

398 1497 558 1558 A'l'lllill
580 1497 758 1558 ΙΣΤΟΡΙΑΙ.

563 1617 591 1672 5.

399 1747 422 1800 E
443 1745 555 1800 nlntio
575 1743 754 1803 SECUNDO.

231 1877 454 1936 schol.1>indar.
468 1877 565 1935 Isthm.
585 1879 626 1932 ΙΙΙ
646 1877 726 1950 (IV),
744 1883 796 1940 rol
816 1895 823 1933 :
841 1874 924 1942 Πότος
937 1873 964 1932 δέ

192 1965 218 2019 ἐν
232 1961 344 2041 δευτέρῴ
364 1961 486 2021 Ἀττικῶν
505 1965 625 2040 ἱστοριῶν
638 1962 806 2041 Πολύδωρον,
820 1960 963 2038 Ἀνίκητον,

191 2048 398 2130 λΙηκιστόρονον,
409 2047 574 2127 Πατροκλέα,
581 2046 762 2124 Ίόξόκλειτον,
773 2047 964 2126 Μινεόρόντην,

190 2135 340 2216 Χιρσίόιον,
360 2157 401 2194 sc.
426 2138 582 2192 Herculise
603 2139 716 2212 Megara
733 2136 807 2218 filios
825 2149 961 2195 recenset.

188 2249 250 2274 -ι
264 2221 347 2289 Βιίτος
357 2243 461 2280 nomen
474 2235 640 2298 corruptum
661 2224 789 2292 videtur;
805 2226 963 2299 scripserim

188 2309 293 2371 Briseis.
308 2337 321 2361 ν
335 2312 449 2369 Boecllr.

494 2437 656 2462 aomo-

564 2543 592 2602 6.

227 2661 368 2720 Plutarch.
378 2661 462 2736 egid.
475 2681 501 2717 c.
517 2659 562 2719 15.
576 2662 675 2716 AEtolis
684 2663 908 2737 Peloponnesum
918 2667 963 2720 in-

188 2750 374 2818 vadentibus,
387 2751 489 2804 Aratus
501 2750 604 2804 auxilia
614 2751 685 2823 petit
696 2767 713 2804 a
726 2751 962 2822 Lacedaemoniis,

190 2839 238 2910 qni
248 2839 364 2892 mittunt
375 2837 529 2890 exercitum
546 2837 618 2891 duce
633 2836 732 2909 Agide.
749 2837 801 2892 Hic
819 2839 963 2895 nbiadve·

188 2926 241 2992 nit,
256 2924 485 2998 Aratoproelinm
498 2925 604 2980 evitare
613 2925 705 2978 visum
715 2934 755 2979 est
768 2927 875 2982 satius:
890 2923 922 2984 ‘0
933 2924 960 2982 δέ

189 3007 321 3074 Σινωπεύς
345 3007 437 3067 Βάτων
461 3007 538 3066 αὐτόν
560 3009 607 3066 οὐκ
630 3007 725 3066 tideo
749 3008 880 3087 μάχεσθαί
900 3033 962 3090 ρησι

188 3087 262 3172 Ἆγιν
282 3093 390 3174 Ἀράτου
404 3094 565 3166 κελεύοντος,
580 3097 626 3152 οὐκ
641 3095 818 3174 ἐντετυχηκὼς
832 3085 870 3163 οἷς
883 3093 962 3176 Ἄρα-

187 3206 229 3250 τος
237 3182 350 3264 γέγραφε
361 3181 421 3262 περί
433 3182 531 3240 τούτων
539 3183 754 3260 ἀπολογιζόμενος
761 3184 820 3242 κτλ.
832 3186 876 3261 (v.
884 3189 963 3242 Arati

188 3272 222 3330 fr.
244 3269 286 3348 ι).
304 3273 432 3330 Fortasse
450 3273 506 3329 alia
521 3273 648 3344 quondm
663 3273 699 3328 de
712 3277 800 3329 Arato
815 3273 961 3330 exeodem

189 3359 266 3413 fonte
280 3359 370 3413 bausit
389 3358 565 3415 Plutarchus.
587 3360 621 3414 V.
638 3359 778 3431 Droysen.
791 3361 900 3418 Hellen.
917 3361 960 3430 11,

187 3465 216 3520 p.
235 3447 287 3520 391
302 3458 358 3500 not.

306 3581 398 3642 ΠΕΡΙ
420 3581 539 3642 illitos
559 3584 635 3642 ΤΟΥ
662 3583 842 3642 nomios.

560 3729 575 3778 7

226 3820 418 3888 AthenarusX,
429 3838 459 3893 p.
474 3817 542 3886 436,
555 3820 577 3874 F
595 3837 600 3872 :
619 3813 710 3874 Βότων
723 3815 748 3874 δ’
763 3818 921 3884 δΣινωπεὺς
935 3821 961 3876 έν

188 3911 240 3970 τοῖς
253 3905 319 3984 Περὶ
332 3900 422 3970 Ἰωνος
436 3907 480 3962 τοῦ
495 3907 603 3974 ποιητοῦ
613 3902 753 3981 φιλοπότην
768 3903 831 3981 ρησί
844 3902 962 3980 γενέσθαι

188 3991 233 4049 καί
247 3991 441 4070 ἐρωτικώτατον
455 3988 595 4050 τὸνἼωνα.
607 3989 662 4050 Καί
676 3987 786 4056 αὐτδςδδ
795 3993 821 4049 έν
832 3999 885 4056 τοῖς
896 3992 959 4049 ἐλε-

188 4078 264 4155 γείοις
283 4082 343 4156 ἐρᾶν
364 4078 411 4153 μέν
432 4079 553 4154 ὁμολογεῖ
573 4076 722 4156 Χρυσίλλης
741 4081 788 4147 τῆς
810 4077 958 4153 Κορινθίας,

188 4241 272 4292 bereet
279 4255 334 4292 cum
342 4243 406 4291 omni
414 4241 522 4291 libertate
528 4243 617 4303 epulari
625 4241 733 4302 iubeant,
742 4241 962 4292 ministerlsobeun·

187 4317 251 4368 tibus
259 4319 360 4368 dominis
373 4337 379 4367 ι
392 4320 417 4367 et
428 4317 525 4367 omnine
534 4319 605 4367 ellam
617 4331 681 4368 nunc
690 4319 796 4368 Thessali
808 4317 913 4368 menime
922 4331 961 4369 ce-

187 4394 295 4446 lebritate
305 4397 391 4446 testum
402 4396 462 4445 illud
471 4398 557 4458 egunt,
565 4399 589 4446 et
602 4397 733 4446 Peloriom
742 4398 874 4447 nominant.
887 4417 899 4440 s

389 4515 541 4576 Atticm
564 4514 760 4574 fllslolilAE.

558 4630 584 4678 5.

217 4731 293 4782 Belou
313 4729 374 4779 libro
394 4729 499 4779 secundo
521 4729 678 4779 ilistorisrnm
700 4728 833 4778 ittimmm
855 4729 964 4778 Herulis

186 4813 211 4860 et
220 4813 320 4871 Merene
332 4808 394 4858 filios
407 4811 514 4859 recenset
527 4808 687 4870 Polydorum,
699 4808 839 4869 Anicetum,
852 4807 962 4857 lleclsto·

186 4887 309 4950 phorum,
330 4885 476 4947 Patroclem,
495 4883 662 4946 Torcelltum,
678 4883 871 4944 ldmebrontem,
887 4883 963 4933 cher-

186 4962 282 5012 sibium.

562 5039 588 5089 6.

218 5134 294 5182 Baton
316 5133 450 5195 sinopensis
471 5133 505 5183 eit
529 5133 611 5196 Agim,
630 5131 674 5182 etsi
692 5129 790 5193 jubente
807 5131 897 5190 Arato,
917 5143 961 5192 pn·

826 371 954 432 1310le
975 370 1164 446 sotiensis,

1011 499 1109 560 Τελέου
1123 499 1151 558 δέ
1167 499 1303 580 θυγατρός·
1318 493 1348 572 ἧς
1364 499 1409 558 καλ
1425 499 1556 579 Περικλέα
1573 499 1616 558 τόν
1632 499 1782 578 Ὀλύμπιον
1865 547 1866 568 ,

1011 589 1075 666 ίρδν
1092 609 1156 667 ρησι
1165 587 1344 660 Τηλεκλείδης
1358 590 1384 647 έν
1400 586 1538 654 Ἡσιόδοις.

1316 763 1476 789 *00000-

1191 931 1315 1020 ΒΙΟΝ
1340 931 1604 1036 SOLENSlS.

1050 1133 1190 1204 Diogenes
1199 1131 1233 1188 1..
1245 1133 1293 1199 IV,
1306 1127 1343 1197 58
1362 1147 1371 1188 τ
1384 1129 1512 1206 Γεγόνασι
1523 1125 1551 1186 δέ
1564 1128 1660 1194 Βίωνες
1684 1127 1784 1187 δέκα...

1013 1214 1137 1292 Πέμπτος
1151 1213 1262 1288 Σολεύς,
1274 1215 1414 1274 Αἰθιοπικὰ
1430 1213 1572 1294 γιγραιρόις.
1582 1211 1698 1286 Ἕκτος,
1712 1217 1787 1294 ρητο-

1012 1293 1135 1382 pssimi
1150 1301 1254 1382 φέρεται
1265 1301 1337 1361 έννία
1353 1301 1443 1381 βιόλία
1452 1304 1565 1363 Μουσῶν
1580 1301 1786 1382 ἐπιγραφόμενα.

1010 1392 1115 1446 Plinius
1129 1393 1166 1448 Π.
1182 1393 1217 1449 Ν.
1231 1393 1288 1460 ΙΙΙ,
1301 1389 1350 1458 35,
1362 1411 1393 1466 p.
1411 1389 1466 1445 388
1484 1391 1600 1445 :Simili
1618 1392 1701 1445 niodo
1711 1393 1787 1445 etde

1010 1495 1136 1532 mensura
1143 1484 1202 1548 ejus
1210 1482 1293 1534 varia
1300 1479 1450 1552 prodidere
1461 1495 1468 1532 :
1479 1483 1584 1550 primus
1593 1478 1699 1532 Dalion
1710 1481 1784 1532 ultro

1011 1565 1126 1620 Meroen
1138 1566 1219 1638 longe
1235 1565 1384 1632 subrectio,
1404 1583 1470 1620 mor
1487 1565 1656 1620 Aristocreon
1670 1577 1700 1619 et
1710 1567 1784 1620 Bion

1009 1663 1036 1706 et
1049 1653 1161 1706 Basilis.
1174 1654 1208 1709 V.
1223 1649 1319 1707 Basilis
1328 1650 1424 1726 fragm.

1048 1739 1151 1792 Praeter
1161 1737 1319 1812 AEtbiopica
1329 1739 1401 1793 bion
1414 1737 1536 1794 Solensis
1549 1739 1590 1792 De
1602 1736 1724 1792 historia
1735 1756 1785 1792 na·

1012 1825 1095 1880 tureli
1118 1825 1260 1899 scripsisse
1283 1825 1403 1882 videtur.
1427 1826 1498 1880 Nem
1522 1823 1599 1896 apud
1626 1827 1785 1880 Varronem

1010 1913 1063 1984 tlte
1074 1931 1105 1968 re
1114 1931 1137 1968 r.
1155 1931 1181 1980 1,
1198 1911 1229 1988 1)
1241 1923 1399 1968 recensetur
1411 1913 1485 1968 inter
1499 1929 1548 1966 eos
1562 1911 1612 1984 qui
1622 1913 1664 1966 rei
1675 1915 1786 1968 mistice

1009 1999 1140 2054 studiosis
1159 1999 1323 2054 consulendi
1340 1999 1402 2054 sint.
1419 1998 1547 2054 Eundem
1561 1999 1635 2052 inter
1652 2009 1784 2054 auctores

1010 2104 1075 2140 snos
1083 2086 1323 2140 recensetPIinius
1333 2087 1362 2139 in
1371 2085 1487 2140 elencho
1495 2085 1559 2141 libr.
1569 2086 1644 2152 VIII,
1653 2085 1695 2152 X,
1707 2087 1784 2154 XIV,

998 2147 1078 2241 κν,
1094 2173 1537 2245 xv11‚xV111.Quaemurnum
1556 2171 1632 2226 idem
1642 2173 1679 2226 m
1694 2173 1783 2228 σου.

1010 2263 1061 2314 lius
1069 2261 1149 2324 Bion,
1167 2258 1247 2329 cujus
1258 2255 1324 2335 Περί
1338 2256 1471 2331 δυνάμεων
1486 2276 1557 2331 opus
1572 2257 1668 2312 laudnt
1676 2257 1784 2314 Plinius

1009 2347 1145 2414 XXVIII,
1157 2344 1204 2415 57,
1219 2364 1249 2419 p.
1268 2364 1323 2420 199
1336 2345 1382 2403 ed.
1396 2346 1483 2400 chn.
1499 2364 1505 2398 :
1520 2341 1627 2420 Datur(
1633 2343 1670 2398 sd
1680 2345 1785 2400 sedan-

1010 2433 1078 2488 dum
1085 2434 1187 2488 lienem
1194 2433 1202 2507 j
1210 2437 1309 2506 eisqui
1320 2434 1415 2504 lingua
1423 2435 1571 2486 inveterutn
1578 2449 1615 2484 ex
1622 2435 1703 2500 vino,
1708 2451 1784 2504 pne-

1007 2533 1138 2575 sentaneo
1148 2521 1357 2584 medicamento,
1375 2533 1404 2574 ut
1423 2519 1548 2573 didicisse
1557 2537 1588 2572 se
1601 2536 1638 2572 ex
1649 2521 1785 2573 Barbarie

1011 2609 1140 2663 Coecilius
1165 2609 1238 2661 Bion
1263 2607 1356 2664 tradit.
1386 2605 1516 2677 Ejusdem
1533 2605 1660 2659 meminit
1679 2605 1785 2659 Plinius

1009 2693 1121 2761 XXIX,
1138 2693 1191 2762 αδ,
1215 2711 1245 2766 p.
1264 2691 1320 2746 236
1341 2711 1347 2744 ε
1372 2693 1492 2746 Tertium
1513 2709 1601 2762 genus
1626 2702 1669 2744 est
1688 2693 1784 2745 eodem

1005 2781 1158 2855 phalangis·
1170 2785 1281 2836 nomine
1302 2797 1422 2834 araneus
1440 2781 1633 2852 lanuginosus,
1649 2780 1785 2848 grandis-

1007 2874 1077 2923 simo
1098 2873 1198 2943 capite.
1213 2869 1274 2939 Quo
1291 2869 1407 2922 dissecto
1430 2870 1544 2920 inveniri
1559 2867 1692 2920 dicuntur
1708 2870 1782 2920 intus

1007 2959 1151 3010 vermiculi
1169 2957 1234 3023 ιΙιιο,
1265 2956 1467 3028 adalligatique
1494 2954 1654 3008 mulieribus
1673 2960 1785 3008 cervino

1004 3045 1081 3116 pelle
1096 3055 1162 3098 ante
1174 3045 1241 3098 solis
1254 3055 1359 3111 mum,
1372 3053 1507 3115 proestare
1520 3058 1555 3094 ne
1564 3044 1738 3112 concipiant,
1755 3053 1787 3094 ut

1010 3130 1140 3184 Caerilins
1158 3135 1187 3183 in
1209 3130 1423 3184 Commentariis
1435 3130 1557 3201 reliquit.
1575 3129 1603 3179 V
1602 3131 1627 3180 is
1641 3144 1677 3180 ea
1689 3145 1785 3180 asenna

1007 3229 1054 3272 est.
1065 3219 1209 3272 Pertiuent
1221 3218 1281 3271 herc
1289 3216 1326 3270 ad
1334 3226 1491 3271 commenta
1501 3216 1618 3288 magica.
1631 3212 1701 3288 (Pro
1712 3215 1784 3268 Bion

1007 3306 1051 3358 vel
1066 3307 1168 3359 Dalion
1179 3313 1313 3376 corrupte
1328 3303 1430 3376 legitur
1442 3304 1559 3356 Bialcon
1580 3302 1631 3358 lib.
1645 3301 1783 3370 XXVIII,

1008 3388 1055 3458 80,
1068 3409 1098 3464 p.
1112 3388 1191 3462 κιο.)
1204 3389 1310 3448 Nomen
1322 3389 1450 3443 Coecilins
1458 3389 1551 3462 arguit
1560 3398 1712 3461 patronum
1723 3387 1784 3440 Ro·

1007 3495 1132 3534 manum.
1156 3476 1339 3550 AEtbiopicbn
1358 3493 1425 3530 vero
1448 3477 1570 3548 scriptor
1592 3492 1681 3546 quum
1699 3472 1782 3528 Basili

1008 3565 1153 3637 antiquior
1166 3565 1211 3618 vel
1226 3574 1302 3618 certe
1319 3563 1434 3636 aequulis
1456 3561 1516 3633 ejus
1532 3561 1616 3615 fuisse
1640 3559 1781 3626 videatur,

1007 3669 1066 3704 non
1079 3661 1120 3705 est
1131 3648 1281 3723 probabile
1293 3649 1414 3704 eundem
1428 3665 1485 3704 esse
1500 3667 1565 3702 cum
1572 3647 1694 3704 Caeeilio.
1708 3647 1783 3699 Lan-

1008 3737 1431 3811 datnrdeniqneBionunacum
1438 3733 1778 3806 AlexandroPolyhistore

1007 3823 1043 3878 de
1055 3825 1139 3878 rebus
1155 3823 1341 3894 Assyriorum.
1355 3823 1463 3894 Quodsi
1480 3833 1557 3877 recte
1571 3838 1677 3875 nomen
1692 3837 1722 3874 sc
1732 3820 1781 3872 ha·

1007 3909 1071 3978 bet,
1088 3929 1182 3983 neque
1196 3911 1290 3965 Dinon
1301 3911 1396 3983 potius
1409 3928 1465 3965 esse
1480 3909 1582 3981 debet,
1594 3906 1653 3961 baec
1669 3905 1783 3960 sortame

1008 3997 1034 4050 ei
1048 3997 1217 4051 vindicanda
1239 3997 1322 4050 Bioni
1345 4005 1426 4063 sunt,
1448 3996 1497 4068 qui
1512 4012 1615 4048 novem
1637 3994 1781 4047 Musarum

1006 4083 1106 4150 libros,
1119 4084 1199 4138 sicuti
1211 4083 1372 4138 Herodotus
1382 4093 1411 4138 et
1426 4082 1592 4156 Cephalion,
1605 4080 1729 4154 scripsit.

1005 4258 1077 4306 gnere
1086 4258 1134 4294 nou
1146 4245 1256 4294 voluisse.
1267 4248 1297 4295 st
1306 4257 1355 4294 non
1367 4245 1423 4308 legit
1434 4244 1474 4294 ille
1484 4255 1539 4306 qna
1549 4239 1699 4304 ipse’Amtus
1708 4241 1738 4289 de
1747 4239 1781 4288 bis

1005 4322 1133 4372 detondens
1142 4335 1168 4373 se
1178 4321 1325 4384 conseripsit.

1232 4479 1281 4540 DE
1302 4479 1394 4538 ΙΟΝΙΙ
1415 4477 1550 4536 POETA.

1380 4633 1406 4680 t.

1037 4743 1095 4792 beto
1111 4743 1245 4804 Sinopensis
1256 4741 1280 4792 iu
1299 4741 1457 4802 libro,quem
1474 4737 1505 4788 de
1523 4739 1580 4787 lone
1593 4737 1665 4798 poete
1677 4733 1778 4783 moseri·

1007 4817 1061 4881 psit,
1070 4820 1094 4867 et
1103 4816 1210 4867 biberem
1217 4820 1242 4867 et
1252 4817 1375 4866 amoribus
1381 4813 1554 4865 deditissimum
1564 4815 1645 4861 ionem
1656 4809 1727 4859 luisse
1738 4807 1777 4856 sit.

1007 4898 1037 4945 Et
1048 4894 1097 4957 ipse
1114 4894 1212 4955 quidem
1233 4897 1276 4944 lon
1294 4894 1319 4942 in
1336 4892 1436 4956 Elegiis,
1451 4903 1533 4939 amore
1547 4901 1573 4938 se
1588 4889 1688 4949 captum
1703 4885 1777 4944 chry·

1006 4971 1066 5021 sillee
1087 4971 1217 5022 (lorintbiae
1240 4970 1379 5033 pmlitetur,
1400 4967 1465 5018 Telei
1488 4966 1561 5026 lilium
1584 4975 1658 5026 quem
1681 4960 1776 5010 mudem

1006 5063 1020 5100 a
1042 5049 1133 5099 Pericle
1150 5062 1245 5112 quoque
1266 5048 1379 5111 Olympio
1403 5045 1538 5096 adamatum
1558 5038 1688 5094 Telestides
1707 5036 1776 5087 silio

1007 5125 1123 5184 liesiodis.
