3792 5728
723 291 872 353 ulceri
895 289 1246 352 PHILADELPHENSlS

188 423 350 502 λόγοντοῦτο
363 423 524 502 παραδηλοῖ·
538 423 566 480 οὗ
579 420 630 497 μὴν
643 420 710 479 ἀλλὰ
722 421 766 479 καὶ
777 418 928 496 ἑπομένους,
941 421 962 478 εἷ
1012 423 1140 478 deriehus
1151 426 1241 479 Trarii
1251 423 1340 493 filius,
1356 423 1479 480 Basilisci
1491 423 1599 497 tyranni
1608 427 1786 500 amicus,qui

189 509 219 567 τὸ
231 515 276 579 ζῆν
288 513 386 586 προσῆν
399 512 435 589 τῷ
445 517 600 588 συγγραφεῖ,
614 511 648 575 irc
660 512 704 566 τοῦ
718 507 830 584 ἑθδόμου
843 507 920 583 λόγου
933 505 963 563 τὸ
1008 513 1200 583 postreditum
1210 514 1330 567 Zenonis
1340 514 1369 566 in
1376 513 1655 568 Thraciamreversus
1663 526 1735 586 erat,
1745 517 1786 568 le-

189 597 271 674 πάρας
285 596 448 658 ἐνδείκνυσιν.

229 682 307 742 Ἔστι
329 685 350 740 δ’
365 686 378 740 ὁ
394 680 554 762 συγγραφεὺς
576 679 771 760 Φιλαδελρεθς,
787 680 810 738 εἴ
830 703 867 744 τις
887 679 964 745 ἄλλος

190 769 257 828 κατὰ
266 768 416 848 συγγραφὴν
426 770 540 848 ἱστορίας
551 768 653 846 ἄριστος
662 793 668 806 ·
678 767 804 846 καθαρὸς,
816 766 962 846 άπάριττος,

192 855 307 933 εὖκρινὴς
323 861 409 932 (num
424 854 576 933 εἰλικρινὴς.θ
591 858 624 914 N.
637 857 663 931 ),
676 855 767 922 λε’ξεων
782 863 839 921 ταῖς
855 857 961 932 άνθηρο·

190 942 279 1007 τάταις
293 943 336 1000 καὶ
360 942 481 1016 εὐσήμοις
495 942 540 1000 καὶ
564 944 599 1008 εἷς
623 941 698 1018 ὄγκον
723 941 780 998 τινά
807 939 964 1017 ἀνηγμένοις

190 1027 335 1108 χρώμενος’
347 1028 392 1085 καὶ
405 1028 461 1086 οὐδὲ
474 1031 501 1084 αἱ
513 1028 692 1104 καινοπρεπεῖς
706 1030 790 1104 αὐτῷ,
803 1025 862 1084 ὅσαι
874 1026 903 1084 τὸ
919 1029 963 1101 ἐμ·

191 1115 299 1194 φατικὸν
313 1114 358 1172 xri
380 1113 473 1192 εὔηχον
492 1113 536 1171 καὶ
552 1116 687 1190 μεγαλεῖον
708 1113 810 1190 ἔχουσι,
829 1112 962 1190 παραθλέ-

192 1224 300 1271 πονται,
321 1199 409 1279 ὥσπερ
421 1234 436 1244 -
447 1234 462 1246 -
473 1199 530 1257 -τὸ
545 1232 651 1245 ·····
663 1199 707 1256 καὶ
724 1199 821 1257 τοιαῦτ’
834 1199 905 1256 ἔνια·
919 1199 963 1258 καὶ

193 1287 258 1352 ὅλως
275 1285 360 1343 κανών
374 1289 442 1343 ἔστιν
455 1288 585 1362 ἱστορικοῦ
603 1283 695 1360 λόγου·
709 1283 830 1364 σοριστὴς
844 1285 865 1342 δ’
882 1276 914 1356 ἦν
937 1285 964 1342 τὸ

193 1374 369 1448 ἐπιτήδευμα,
391 1370 437 1429 καὶ
461 1375 596 1451 ῥητορικῆς
611 1373 646 1436 εἰς
660 1370 738 1448 ἄκρον
756 1370 906 1444 ἐληλακὼς,
922 1371 966 1428 καὶ

193 1459 239 1529 τὴν
253 1459 391 1538 θρησκείαν
406 1461 451 1516 οὐκ
467 1457 514 1524 ἔξω
528 1462 573 1514 τοῦ
584 1461 762 1536 χριστιανικοθ
776 1456 876 1518 θιάσου.

440 1598 714 1656 ARGUMENTUM.

232 1731 280 1784 Fr.
301 1731 512 1783 1.Amorcesus
535 1747 569 1784 ex
588 1729 681 1783 Persia
704 1727 842 1802 profugus
858 1738 969 1802 partem

194 1817 303 1870 Arabiae
323 1817 432 1870 Petraea
449 1827 476 1870 et
491 1817 613 1870 Jotabcn
632 1817 752 1870 insulam
767 1817 822 1870 sibi
843 1815 966 1886 subjicit.

194 1903 296 1958 Foedus
315 1921 379 1956 cum
391 1905 525 1956 Romanis
545 1904 664 1956 initurus
681 1905 794 1957 Petrum
805 1903 970 1976 episcopum

194 1992 400 2045 Saracenorum
415 1991 452 2044 ad
470 1992 594 2044 Leonem
607 1991 710 2058 mittit,
729 1991 830 2044 deinde
853 1991 912 2062 ipse
933 1989 969 2044 ad

194 2079 264 2150 imp.
276 2080 366 2144 venit,
378 2078 494 2148 votique
502 2096 620 2150 compos
629 2077 843 2148 honoribusque
853 2077 969 2131 aflectus

195 2166 354 2218 revertitur.
370 2165 429 2218 llac
441 2165 471 2217 iu
483 2183 513 2218 re
524 2167 581 2218 Leo
589 2175 674 2237 pacta
683 2166 800 2218 violarit
810 2183 875 2218 cum
882 2165 970 2218 Persis

194 2252 264 2304 inita
279 2250 352 2324 (473
363 2269 393 2323 p.
408 2246 456 2323 C.)
471 2280 510 2291 -
521 2269 547 2304 a.
562 2251 619 2304 Leo
632 2252 772 2322 Pelagium
783 2251 971 2305 Silentiarium

195 2339 232 2392 ad
253 2337 362 2393 Gothos
376 2337 406 2390 in
420 2337 568 2391 'lh'raciam
589 2338 711 2410 legatum
729 2339 826 2391 mittit.
843 2338 972 2392 Theode-

195 2425 307 2492 riclms,
320 2424 422 2477 Triarii
435 2421 468 2490 f.,
482 2423 641 2478 Gothorum
653 2425 682 2476 in
691 2424 809 2478 Thracia
821 2425 970 2498 princeps,

195 2522 297 2582 praeter
310 2511 364 2564 alia
379 2512 491 2582 Asparis
507 2510 689 2564 hereditatem
707 2511 761 2564 sibi
781 2511 861 2564 reddi
874 2522 903 2565 et
913 2529 971 2566 ma·

194 2598 272 2668 gistri
284 2598 405 2650 militum
417 2615 518 2650 munus
528 2597 589 2652 dari
599 2599 734 2671 postulat.
743 2598 819 2652 Nihil
830 2598 970 2667 obtinens,

194 2693 285 2736 vastat
298 2683 447 2738 Thraciam
463 2694 492 2736 et
509 2685 694 2757 Arcadiopoli
709 2686 828 2757 putitiu.
847 2685 971 2740 Tandem

196 2787 296 2844 pacem
310 2771 361 2823 init
375 2789 441 2824 cum
454 2773 564 2838 Leone,
578 2773 627 2842 qui
639 2772 776 2826 tributum
785 2773 936 2846 pollicetur
946 2786 974 2828 et

196 2859 296 2910 sumini
310 2856 389 2911 ducis
400 2875 501 2912 munus
512 2859 538 2912 ei
550 2858 680 2914 concedit
692 2857 701 2932 (
713 2858 768 2927 473
777 2861 797 2932 J.
810 2878 875 2912 --a
890 2879 919 2916 α.
930 2863 973 2916 De

196 2939 290 2998 Leone
308 2945 375 3017 imp.
392 2943 541 3013 judiciium
557 2976 595 2985 -
612 2944 639 2998 3.
657 2946 791 3018 Severus,
810 2958 923 3000 senator
946 2959 974 3001 et

196 3031 345 3102 patricius,
366 3049 382 3083 a
401 3032 514 3084 Zenone
537 3031 644 3102 legatus
665 3033 787 3086 mittitur
805 3033 842 3086 ad
863 3032 973 3087 Vanda-

195 3115 289 3168 lorum
306 3133 401 3188 regem
417 3113 673 3190 (Genserichum),
693 3119 742 3188 qui
761 3119 830 3192 imp.
853 3118 888 3173 de
904 3137 974 3191 pace

196 3204 407 3276 propositiones
434 3203 567 3258 admittit.
602 3206 706 3260 hhrlto's
737 3209 864 3280 captivos
890 3209 975 3262 Sere-

195 3308 259 3362 rus,
274 3292 317 3344 vir
326 3292 534 3362 integerrimus,
545 3292 659 3346 redhnit
673 3291 777 3367 (465).
789 3324 827 3334 -
839 3299 865 3356 4.
882 3296 973 3348 Hera-

196 3379 278 3446 clius,
291 3375 413 3432 Zenonis
428 3379 502 3446 dux,
517 3398 531 3432 a
547 3379 742 3434 Theuderieho
758 3381 788 3433 in
800 3380 917 3434 Thracia
932 3401 975 3436 ca·

198 3475 263 3538 ptus
282 3465 445 3533 redimitur3
459 3467 487 3519 in
505 3465 598 3520 reditu
617 3466 737 3520 aGotho
752 3466 877 3538 quodam
898 3470 974 3521 occi·

196 3552 274 3605 ditur
289 3548 393 3624 (475).
408 3583 444 3592 -
456 3551 484 3608 5.
499 3551 565 3628 Qus
579 3549 699 3606 indoles.
713 3583 752 3594 -
763 3553 792 3612 6.
808 3554 971 3625 Erythrius,

195 3636 342 3710 praefectus
376 3638 528 3708 praetorio,
552 3655 668 3692 munere
691 3655 720 3692 se
746 3639 860 3693 abdicat
886 3637 972 3713 (475).

195 3752 236 3764 -
260 3743 287 3792 7.
317 3721 442 3778 Basilisci
470 3723 589 3777 indoles.
610 3723 677 3794 Ejus
703 3727 820 3779 avaritia
841 3745 975 3800 saevaeque

198 3809 377 3876 exactiones,
389 3809 470 3878 dum,
486 3810 568 3882 pulso
581 3811 710 3879 Zenone,
727 3829 845 3884 regnum
863 3815 973 3869 obtine·

195 3894 495 3968 Ιιαι(475-477).-8.
508 3897 971 3957 HarmatiietZenonidisamores.

197 3981 243 4037 Ad
257 4001 379 4038 summos
392 3983 515 4038 honores
523 3986 611 4039 erecti
631 3986 705 4040 fatua
717 3987 872 4042 insolentia.
889 3991 975 4045 AZc·

196 4086 271 4122 none
290 4087 342 4142 per
361 4070 524 4142 Onulphum
542 4071 671 4142 Illyrium
692 4072 860 4128 interficitur
883 4077 971 4151 (477).

198 4184 237 4194 -
251 4173 280 4226 9.
297 4157 373 4208 Zeno
386 4156 414 4208 in
427 4157 533 4212 isauria
548 4156 626 4211 clade
640 4158 756 4212 allectus
775 4161 805 4214 in
820 4162 975 4217 Constanti-

195 4241 323 4313 nopolim
334 4243 478 4296 castellum
489 4243 616 4317 conlugit
628 4244 635 4312 (
642 4247 708 4300 lun.
719 4246 801 4321 476).
812 4250 852 4304 Dc
861 4251 974 4304 Zenone

193 4325 346 4396 judicium.
360 4328 427 4398 Ejus
440 4328 530 4399 lilius,
543 4330 656 4402 juvenis
667 4335 743 4388 vitiis
761 4335 895 4403 obrutus,
915 4356 974 4390 mo·

195 4415 379 4471 ritum-10.
389 4419 503 4472 Zenone
513 4418 573 4489 jam
587 4420 617 4473 in
627 4438 745 4494 regnum
756 4425 884 4476 restituto
899 4425 970 4496 (lul.

1008 609 1089 670 gatos
1103 598 1138 652 de
1156 598 1387 654 reconciliatione
1406 600 1442 654 ad
1459 601 1659 674 imperatorem
1679 603 1784 666 mittit,

1008 685 1146 739 incassum
1167 685 1269 759 (478).
1285 705 1381 742 -ιο,
1405 687 1532 740 Pecuniae
1553 705 1677 754 summa,
1699 705 1787 759 quam

1008 771 1154 844 praefectus
1168 773 1281 845 AEgypti
1299 773 1421 826 muneris
1436 773 1579 828 obtinendi
1596 790 1680 826 eausa
1700 775 1790 826 solve·

1008 857 1172 914 bac-13.
1188 858 1378 926 lionorichus‚
1387 860 1549 914 Genserichi
1561 860 1580 913 f.
1592 871 1620 914 et
1631 877 1789 924 successor,

1008 945 1094 998 homo
1118 947 1251 1018 ignavus,
1278 946 1455 1000 deamicitia
1476 957 1505 1000 et
1529 948 1660 1001 societate
1681 948 1791 1018 legatos

1008 1033 1094 1086 mittit
1109 1029 1211 1108 (478).
1221 1065 1260 1076 -
1275 1041 1320 1098 ε4.
1332 1037 1425 1104 Quum
1436 1033 1641 1103 Theuderichi,
1655 1035 1789 1088 Valamiri

1009 1118 1042 1186 f.,
1063 1121 1112 1192 qni
1134 1123 1329 1174 Romanorum
1350 1122 1443 1174 socius
1462 1132 1538 1188 erat,
1552 1123 1681 1194 potentia
1697 1123 1790 1174 minui

1009 1206 1164 1280 rideretur,
1173 1207 1384 1262 Theuderichus
1394 1220 1498 1274 autem,
1507 1209 1609 1262 Triarii
1617 1207 1637 1262 s.
1646 1209 1791 1280 hostisque

1011 1293 1116 1362 Rom,
1131 1295 1231 1348 multas
1250 1304 1345 1366 gentes
1368 1294 1420 1346 sihi
1437 1294 1618 1363 conciliaret,
1636 1297 1713 1350 Zeno
1734 1297 1790 1348 ini·

1010 1381 1130 1432 micitias
1138 1398 1310 1452 componere
1320 1380 1423 1433 studet.
1438 1380 1656 1434 Conditionihus
1666 1382 1792 1434 aTriarii

1010 1465 1069 1519 filio
1084 1467 1253 1540 repudiatis,
1267 1467 1372 1520 bellurn
1395 1478 1486 1540 parat.
1507 1498 1546 1508 -
1573 1467 1620 1524 15.
1635 1467 1789 1521 'lheuderi-

1012 1553 1096 1620 chus,
1118 1554 1250 1608 Valamiri
1270 1554 1303 1621 f.,
1319 1565 1416 1608 contra
1431 1554 1674 1623 Theuderichum,
1689 1557 1791 1609 Triarii

1012 1640 1041 1704 f.,
1060 1640 1266 1713 Marcianopoli
1279 1639 1482 1714 proficiscitur,
1497 1653 1613 1712 rogante
1635 1643 1750 1694 Zenone
1765 1653 1792 1695 et

1012 1727 1159 1780 auxiliares
1178 1728 1275 1799 copias
1288 1729 1481 1800 promittente.
1499 1731 1602 1782 Verum
1621 1745 1679 1781 non
1699 1739 1793 1782 stante

1011 1815 1154 1886 promissis
1174 1815 1301 1882 Zenone,
1325 1814 1536 1868 Theuderichus
1564 1814 1674 1868 auxiliis
1701 1816 1789 1868 Rom.

1013 1900 1287 1974 destitutus,pacen1
1301 1920 1333 1954 ac
1349 1901 1438 1954 soedus
1457 1920 1521 1954 curn
1535 1902 1637 1954 Triarii
1651 1899 1709 1955 filio
1728 1902 1791 1957 init.

1013 2018 1053 2030 -
1070 1987 1115 2042 16.
1132 1989 1264 2043 Valamiri
1286 1987 1358 2042 iilius
1379 1988 1476 2060 legatis
1493 1987 1530 2042 ad
1548 1991 1691 2042 Zenonem
1703 1989 1795 2041 missis

1014 2077 1129 2148 exponit
1138 2094 1189 2129 cur
1199 2095 1265 2130 cum
1274 2077 1374 2130 Triarii
1388 2074 1446 2128 filio
1460 2075 1548 2130 foedus
1560 2075 1673 2146 feeerit3
1687 2086 1794 2140 terras,

1014 2162 1150 2216 frumenta
1166 2173 1194 2216 et
1212 2164 1346 2234 pecunias
1359 2165 1463 2236 poscit.
1480 2163 1611 2216 Similiter
1631 2161 1795 2216 Theuderi-

1014 2249 1085 2304 chus
1096 2251 1195 2304 Triarii
1209 2248 1283 2304 silius
1297 2250 1402 2304 tributa
1417 2260 1445 2304 et
1460 2248 1586 2303 affinium
1597 2267 1713 2302 suorum
1731 2249 1797 2302 red·

1015 2335 1150 2390 ditionem
1169 2337 1264 2408 exigit.
1281 2339 1357 2390 Zeno
1372 2337 1468 2409 copias
1483 2336 1608 2408 undique
1630 2336 1794 2401 contrahit;

1015 2422 1075 2494 ipse
1088 2424 1206 2476 militem
1225 2422 1361 2476 duetums
1382 2434 1518 2490 est3mox
1537 2423 1573 2476 ad
1593 2423 1704 2476 insitam
1718 2423 1798 2496 igna-

1016 2511 1090 2562 viam
1104 2511 1245 2582 relapsus,
1264 2509 1301 2562 ob
1315 2511 1435 2563 militum
1452 2509 1616 2564 seditionem
1631 2521 1721 2563 eastra
1744 2509 1798 2562 dis·

1015 2597 1124 2649 solvere
1139 2597 1249 2667 cogitur
1271 2595 1379 2672 (479).
1397 2629 1435 2638 -
1450 2615 1496 2665 ¹7·
1522 2595 1719 2650 Theuderieho
1740 2600 1799 2651 Va-

1017 2681 1108 2735 lamiri
1135 2681 1153 2738 f.
1176 2683 1321 2736 'linarium
1344 2695 1484 2750 vastante,
1504 2686 1580 2738 Zeno
1609 2701 1709 2756 pacem
1729 2683 1800 2738 facit

1019 2787 1083 2822 cuni
1102 2769 1297 2823 Theudericho
1312 2772 1412 2824 Triarii
1431 2770 1500 2824 filio.
1526 2773 1603 2825 Pacis
1619 2771 1800 2826 conditiones

1019 2853 1134 2932 (479).
1149 2887 1187 2901 ,..
1210 2856 1254 2910 18.
1280 2858 1491 2912 Theuderichus
1513 2859 1645 2912 Valamiri
1668 2858 1685 2912 f.
1705 2861 1801 2931 graxi-

1016 2942 1070 2996 hus
1093 2943 1201 2996 damnis
1228 2961 1244 2998 a
1268 2945 1403 2998 Romanis
1430 2943 1561 2999 allicitur.
1591 2946 1699 3000 Deinde
1725 2965 1799 2999 reru

1018 3029 1121 3083 Stobos
1134 3030 1161 3082 in
1171 3029 1340 3083 Macedonia
1349 3041 1452 3098 rastat3
1462 3031 1687 3086 Thessalonicam
1701 3051 1800 3105 oppu-

1017 3133 1103 3186 gnare
1116 3127 1211 3189 parat;
1233 3117 1353 3172 Zenonis
1373 3118 1505 3190 precihus
1526 3130 1685 3172 commotus
1702 3119 1801 3172 hlace·

1019 3199 1109 3254 doniae
1133 3204 1314 3257 vastationem
1338 3204 1462 3272 inhibet;
1486 3205 1602 3277 Epirum
1631 3205 1760 3278 invadit;
1783 3225 1802 3258 a

1018 3288 1164 3359 Lychnide
1191 3292 1338 3362 repulsus,
1365 3292 1536 3364 Scampsiam
1560 3304 1588 3346 et
1609 3293 1801 3366 Epidamnum

1019 3375 1106 3446 capit.
1123 3374 1189 3445 Ejus
1211 3395 1275 3430 cum
1294 3378 1464 3431 Adamantio
1479 3379 1663 3452 colloquium.
1676 3383 1702 3435 A
1715 3381 1802 3434 Sabi-

1017 3463 1103 3515 niano
1121 3463 1192 3517 duce
1213 3463 1292 3518 clade
1313 3462 1434 3518 afficitur
1454 3463 1563 3542 (479).
1578 3498 1616 3507 -
1635 3485 1680 3540 19.
1702 3467 1801 3520 Theu-

1020 3547 1151 3604 derichus
1179 3551 1282 3604 Triarii
1310 3550 1344 3618 f.,
1366 3551 1462 3606 audita
1481 3554 1617 3607 lilarciaui
1637 3553 1801 3622 seditione,

1019 3635 1183 3705 Byzantium
1208 3636 1410 3710 proficiscitur,
1435 3639 1523 3693 verbo
1548 3649 1628 3694 tenus
1654 3651 1686 3692 ut
1712 3659 1802 3712 opem

1018 3723 1125 3776 Zenoni
1140 3723 1240 3792 serrct,
1254 3743 1352 3798 reapse
1363 3737 1395 3778 ut
1406 3726 1476 3780 urbe
1487 3727 1638 3800 potiretur.
1655 3728 1707 3782 Vix
1718 3717 1807 3781 Zeno'

1019 3808 1143 3878 obtinet,
1165 3822 1197 3864 ut
1217 3796 1312 3883 eripias
1339 3829 1355 3866 a
1383 3814 1516 3884 Byzantio
1540 3813 1650 3867 Theud.
1676 3812 1803 3868 reducat

1019 3892 1126 3970 (479).
1138 3927 1176 3938 -—
1189 3915 1236 3951 κο.
1251 3900 1293 3952 De
1303 3899 1471 3973 Pamprcpio
1481 3901 1613 3975 AEgyptio
1632 3901 1699 3956 llilli
1715 3899 1801 3954 sami-

1018 3980 1091 4041 liari.

1282 4118 1526 4179 ΒΥΖΑΝΤΙΑΚΑ

1252 4254 1285 4310 ἓν
1306 4253 1452 4330 βιθλῖοις
1469 4254 1562 4314 ἑπτά.

1167 4401 1191 4436 1.
1209 4379 1329 4456 (4737.
1344 4385 1376 4442 C.
1390 4385 1492 4440 Leoms
1508 4403 1554 4440 an.
1575 4383 1641 4458 ι7.)

197 4497 286 4572 477),
301 4501 431 4557 Odoacer
448 4514 475 4558 et
488 4507 583 4578 Nepos
595 4510 776 4580 Augustulus,
785 4510 973 4583 legationibus
1056 4509 1124 4566 Exc.
1138 4511 1180 4564 Dc
1195 4510 1248 4583 leg.
1263 4523 1339 4584 gent.
1359 4532 1389 4586 p.
1407 4531 1455 4585 9¹·
1478 4533 1514 4586 9²
1533 4515 1596 4568 Par.
1613 4533 1619 4568 :
1637 4511 1700 4571 Ὅτι
1716 4514 1744 4570 ἓν
1759 4517 1803 4594 τῷ

196 4587 297 4641 eodem
309 4599 435 4662 tempore
446 4591 609 4662 Byzantium
617 4595 716 4661 missis,
725 4597 876 4651 amicitiam
885 4599 973 4670 impe·

195 4675 297 4727 ratoris
311 4676 438 4729 ambiunt
452 4675 527 4749 (477
542 4678 651 4747 νσ1478
665 4681 725 4737 init.
736 4681 754 4756 ).
768 4713 803 4722 -
821 4701 867 4740 11.
881 4683 972 4737 Theu-

1016 4593 1231 4672 ἑπτακαιδεκάτῳ
1252 4595 1302 4652 ἔτει
1324 4601 1369 4666 τῆς
1385 4598 1519 4674 βασιλείας
1543 4597 1654 4666 Λέοντος
1667 4605 1710 4656 τοῦ
1731 4604 1805 4659 Μα-

1017 4679 1125 4752 κέλλου,
1141 4678 1243 4736 πάντων
1269 4685 1432 4761 πανταχόθεν
1457 4685 1617 4764 τεταράχθαι
1639 4687 1802 4754 δοκούντων,

206 4781 1798 4821 ·——————————---—-—-—-

307 4837 525 4900 BYZANTlNll
554 4842 677 4901 LlBRlS
697 4844 856 4904 SEPTEM.

570 4963 593 5011 1.

226 5054 331 5115 Septimo
343 5055 437 5106 decimo
449 5058 541 5120 unierit
557 5060 641 5110 Leonis
651 5063 742 5113 Macelli
752 5077 828 5127 anno,
842 5081 916 5128 quum
933 5069 968 5117 in-

1018 4857 1074 4904 gens
1085 4845 1189 4906 undique
1197 4859 1277 4894 rerum
1285 4848 1490 4908 perturbatioesse
1502 4849 1734 4910 rideretur,adrenit
1743 4857 1802 4916 qui·

1016 4920 1072 4970 dam
1080 4922 1184 4970 Arabum
1194 4923 1343 4971 scenitarum
1350 4961 1358 4986 ,
1366 4939 1426 4986 quos
1435 4929 1521 4974 recent
1530 4929 1659 4976 Saracenos
1667 4963 1674 4986 ,
1683 4931 1802 4978 sacerdos

1015 5009 1111 5056 eorum,
1131 4999 1171 5058 qui
1185 5001 1242 5046 sunt
1250 5000 1313 5060 apud
1325 5013 1366 5050 eos
1374 5002 1515 5063 eluistiani3
1534 5002 1585 5062 eius
1602 5003 1721 5053 adrentus
1742 5006 1800 5054 hac

1015 5072 1059 5120 luit
1071 5085 1150 5122 causa.
1184 5078 1265 5132 Quum
1280 5079 1387 5138 tempore
1400 5078 1524 5128 Theodosii
1535 5081 1647 5130 exortum
1656 5083 1717 5131 esset
1730 5082 1798 5132 iuter
