3908 5732
231 389 288 438 59ss
823 379 983 440 JOANNIS
1004 381 1234 462 ΑΝῙΙΟΟΗΕΝΙ

230 535 321 578 σαντες
335 503 377 571 οὐν
392 513 435 592 [οἱ
450 509 496 588 μέν
512 514 537 570 ἐν
550 515 582 591 τῇ
595 509 682 582 πόλει,
694 512 717 568 οἰ
733 509 755 570 δ’
767 513 793 570 ἐν
807 512 844 593 τῷ
859 512 951 592 πεδίῳ]
967 511 1010 570 ἐπί
1053 514 1214 594 περιεγίνετο
1227 513 1292 596 πρδς
1306 513 1353 590 μίν
1368 515 1420 574 τῶν
1437 511 1539 573 οἰκείων
1559 512 1634 590 μῖσός
1647 512 1675 572 τέ
1695 513 1742 573 καί
1760 515 1835 596 ἀργὴ,

230 599 275 665 τάς
286 596 389 664 Ἄλπεις
399 599 501 676 ήγοντο,
515 598 564 676 ὄρη
575 599 672 679 ὑψηλά.
686 598 731 666 Ὦς
742 599 768 656 δέ
781 599 876 666 ταύτας
886 599 1009 670 διέύησαν
1052 603 1116 681 πρὸς
1130 603 1156 662 δέ
1168 606 1220 661 τῶν
1233 601 1381 660 ἀντιπάλων
1393 600 1596 682 καταφρόνησις.

230 683 381 756 ἀκωλύτως,
397 685 597 752 καταόαίνοντες
616 687 650 751 εἰς
672 685 701 742 τό
717 685 814 758 πεδίον,
828 687 879 758 ήδη
899 687 1009 764 ἀνεθάρ-
1095 709 1128 748 ιι.
1153 688 1297 750 Συνίὺαινε
1312 687 1338 748 δέ
1350 696 1403 755 τοῖς
1415 687 1577 760 Ἀκυλησίοις
1591 687 1690 760 πολλήν
1708 689 1835 770 ὑπάρχειν

231 773 312 852 ρησάν
331 795 359 832 τε
379 773 425 832 καί
445 773 610 832 ἐπαιάνισαν.
628 772 710 832 Ἔνθα
727 764 759 844 ήν
778 773 852 840 πόλις
867 773 1009 845 Ἀκυληία·
1052 779 1103 835 τῶν
1122 777 1276 849 ἐπιτηδεύειν
1299 776 1430 852 ἀφθονίαν,
1446 775 1551 834 πάντων
1573 779 1599 835 έν
1614 781 1647 855 τῇ
1661 777 1738 836 πόλει
1754 802 1836 837 σεσω-

229 860 292 940 πρθς
306 861 337 932 ήν
350 861 489 940 καταχθείς
502 864 515 918 ὑ
529 858 674 930 θίαξιμῖνος
688 852 744 940 εὐρε
758 859 805 936 μέν
820 861 864 927 τάς
876 861 960 926 πύλας
969 883 1009 918 κε·
1054 864 1199 940 ρευμένων·
1215 865 1269 923 θδέ
1289 863 1399 944 στρατθς
1411 863 1560 923 τούναντίον
1575 865 1602 922 ἰν
1616 865 1711 924 σπάνει
1732 867 1835 925 πάντων

230 949 400 1023 κλειομένας,
412 949 457 1006 τὸν
471 947 498 1005 δί
514 947 624 1028 στρατθν
638 947 690 1018 ἤδη
703 947 873 1026 ἀπαγορεύειν
888 947 932 1007 καί
947 951 1009 1006 ἀνα·
1053 954 1182 1031 ὑπῆρχεν,
1197 951 1247 1011 ὑπθ
1261 959 1370 1023 σκηναῖς
1386 973 1415 1009 τε
1436 951 1612 1030 αὐτοσχεδίοις
1630 953 1676 1012 καί
1696 957 1790 1032 γυμνῷ
1803 979 1836 1012 τω

228 1037 323 1114 χωρεῖν
340 1035 495 1114 βουλόμενον
513 1039 559 1106 τῆς
574 1033 736 1112 πολιορκίας,
754 1035 914 1114 βαλλόμενον
932 1035 1009 1101 λίθοις
1053 1039 1108 1118 ἀέρι
1120 1039 1269 1120 διατρίόων.
1283 1042 1318 1098 Οί
1327 1038 1378 1120 γάρ
1389 1038 1520 1114 Ῥωμαῖοι
1529 1039 1616 1098 πάντα
1624 1041 1835 1120 προκατέλαύαν,

229 1145 258 1180 τε
274 1123 317 1181 καί
338 1123 455 1202 δόρασιν.
479 1121 515 1182 Ὁ
530 1121 557 1180 δέ
581 1121 725 1196 θίαξιμῖνος
740 1123 926 1200 ἀγανακτήσας
947 1123 1010 1200 πρὸς
1054 1126 1194 1192 ὑπατικούς
1206 1126 1302 1208 ἀνδρας
1313 1125 1542 1207 προχειρισάμενοι
1561 1132 1608 1200 τῆς
1618 1127 1688 1185 κατά
1702 1127 1751 1199 τήν
1767 1129 1835 1190 ’ἰτα-

228 1211 288 1276 ταὺς
311 1208 484 1290 στρατηγοὺς,
503 1214 537 1275 ὡς
551 1204 721 1288 ἀμελέστερον
743 1209 918 1288 μαχομένους,
934 1212 1010 1277 αὐτὸς
1052 1209 1111 1268 λίαν
1128 1221 1251 1291 φρουράς.
1268 1211 1411 1272 Συνέὺαινε
1429 1213 1456 1270 δέ
1471 1214 1516 1271 καί
1531 1213 1574 1272 τθν
1587 1213 1700 1292 στρατὸν
1713 1217 1835 1274 δοκοῦντα

228 1300 275 1368 τῆς
288 1298 376 1375 μάχης
391 1297 484 1376 εἰχετο.
1052 1299 1208 1378 πολιορκεῖν,
1224 1297 1301 1356 αὐτόν
1328 1299 1539 1379 πολιορκεῖσθαι·
1561 1297 1617 1358 ὅθεν
1640 1303 1667 1358 ἐν
1692 1303 1836 1380 ἀπογνώσει

268 1404 293 1444 ε.
308 1386 344 1444 Οἱ
357 1383 384 1442 δέ
394 1383 445 1442 ἀπὸ
455 1382 644 1456 τῆςίἰκυληίας
653 1383 784 1459 πανδημεί
796 1381 841 1442 έπί
853 1386 905 1442 τῶν
915 1389 1008 1464 τειχῶν
1052 1385 1184 1462 γενόμενοι
1198 1387 1222 1443 αἰ
1237 1387 1410 1463 στρατιῶται,
1425 1385 1459 1444 τά
1474 1409 1501 1444 τε
1514 1385 1583 1445 κατά
1601 1386 1649 1457 τήν
1663 1384 1776 1466 Ῥώμην
1795 1389 1835 1446 καί

229 1471 331 1551 νύκτωρ
351 1471 396 1529 καί
418 1476 474 1549 μεθ’
493 1471 596 1549 ἡμέραν
610 1470 788 1550 ἀπεμάχοντο.
813 1470 1009 1550 Ἐοτρατήγουν
1052 1481 1140 1530 πᾶσαν
1155 1474 1203 1542 τήν
1225 1470 1343 1530 Ἰταλίαν
1360 1471 1513 1548 πιθόμενοι,
1535 1473 1682 1553 αἰφνιδίως,
1706 1479 1835 1533 ἀναπαυο·

228 1559 255 1617 δέ
269 1561 353 1617 αὐτῶν
367 1558 412 1616 καί
424 1558 511 1617 πάντα
530 1557 572 1617 διδι
585 1557 715 1638 φροντίδος
729 1549 799 1637 εἰχον
817 1558 906 1637 ἀνδρες
921 1559 944 1636 β’
958 1559 1009 1617 ἀπὸ
1053 1557 1130 1633 μένου
1145 1563 1190 1616 τοῦ
1215 1557 1362 1634 Μαξιμίνου
1386 1561 1412 1616 ἐν
1435 1563 1468 1637 τῇ
1490 1565 1590 1638 σκηνῇ,
1606 1559 1651 1617 καί
1671 1564 1719 1631 τῆς
1742 1562 1835 1640 ἡμέρας

230 1646 369 1720 ὑπατείας,
382 1646 559 1724 ἐπιλεχθέντες
572 1647 599 1704 δέ
611 1643 661 1703 ὑπὺ
671 1649 715 1715 τῆς
726 1645 880 1722 συγκλήτου·
890 1636 926 1702 ῶν
938 1651 952 1705 ὑ
962 1645 1009 1720 μέν
1052 1645 1150 1717 ἐκείνης
1165 1649 1191 1704 ἐν
1206 1645 1292 1704 ἀνέσει
1307 1651 1351 1704 τοῦ
1364 1646 1479 1723 πολέμου
1494 1645 1586 1718 οὔσης,
1600 1650 1651 1704 τῶν
1664 1671 1693 1706 τε
1708 1649 1834 1708 πλείστων

229 1737 385 1814 Κρισπῖνος,
399 1737 412 1792 ὑ
426 1734 453 1791 δέ
467 1733 616 1814 Μηνόφιλος
628 1735 760 1792 ἐκαλεῖτο·
773 1731 818 1790 καῖ
833 1732 900 1809 μετά
911 1736 1009 1805 πολλῆς
1052 1735 1088 1800 εἰς
1107 1734 1152 1799 τάς
1167 1733 1264 1805 οκηνάς
1284 1734 1535 1812 ἀνακεχωρηκότων,
1550 1732 1619 1802 ἐδοξε
1635 1743 1689 1800 τοῖς
1710 1737 1834 1814 στρατιώ-

228 1823 349 1902 προνοίας
360 1822 393 1880 τά
405 1821 539 1892 ἐπιτήδεια
555 1820 758 1896 εἰσεκομίσαντο.
774 1811 827 1880 ’Ἦν
842 1821 868 1878 δέ
887 1822 932 1879 καί
944 1822 1009 1880 ὐδα-
1052 1843 1122 1894 ταις,
1137 1820 1162 1878 οῖ
1177 1821 1241 1900 πρίις
1255 1825 1287 1900 τῇ
1303 1820 1445 1896 Ῥωμαίων
1467 1820 1541 1879 πόλει
1564 1821 1743 1899 στρατόπεδον
1767 1817 1833 1902 εἰχον

229 2021 293 2075 ματι
302 1997 443 2077 πρεοὸείας
452 1996 511 2062 τούς
520 1996 634 2054 κάτωθεν
644 1995 883 2070 διαλεξομένους,εἰ
892 1997 941 2075 ἀρα
952 1999 1009 2056 πεί·
1052 1995 1286 2066 καταλελοίπεσαν,
1312 2000 1436 2074 φονεῦσαι
1458 1995 1502 2053 τόν
1527 1995 1684 2070 Μαξιμῖνον,
1713 2000 1749 2064 ὡς
1771 1997 1834 2055 παύ-

228 2107 300 2143 σειαν
310 2084 400 2150 αὐτούς
407 2081 652 2151 ἀνοῖξαιτάςπύλας.
661 2082 695 2140 ‘0
701 2083 726 2140 δί
736 2085 876 2160 Κρισπῖνος
884 2085 1008 2162 περιέθεε,
1052 2103 1141 2140 σαιντο
1154 2081 1259 2160 χρονίου
1274 2084 1441 2161 πολιορκίας,
1457 2082 1552 2158 μηκέτι
1564 2083 1615 2160 [δέ]
1634 2088 1755 2163 πορθοῖεν
1768 2085 1833 2143 Ἰτα-

229 2171 347 2247 δεόμενος
365 2171 401 2241 μὴ
416 2169 548 2228 πείθεσθαι
565 2169 722 2247 ὑποσχέσεσι
736 2170 860 2247 τυράννου
873 2172 1007 2251 έπιόρκου,
1052 2172 1111 2226 λίαν
1125 2171 1190 2248 ὑπέρ
1211 2171 1338 2250 τυράννοιν
1353 2168 1567 2245 κατεγνωσμένου
1581 2169 1626 2227 καί
1642 2170 1830 2245 μεμισημένον.

229 2258 298 2316 ἀλλὰ
307 2256 370 2337 πρθς
378 2255 425 2328 τήν
437 2255 577 2332 Ῥωμαίων
586 2254 730 2331 σύγκλητον
742 2255 842 2314 εὔνοιαν
854 2259 1006 2337 φυλάττειν·
1051 2257 1239 2332 Τολμήοαντες
1249 2248 1293 2316 οὐν
1306 2257 1395 2316 ἐπίασι
1406 2262 1439 2335 τῇ
1452 2261 1535 2336 σκηνῇ
1550 2256 1610 2335 περὶ
1625 2257 1712 2332 μέσην
1726 2260 1832 2337 ἡμέραν,

228 2347 333 2403 πολλῶν
354 2343 380 2401 δέ
394 2342 438 2400 καῖ
457 2344 585 2422 χρησμῶν
605 2343 692 2406 αὐτοῖς
706 2341 751 2398 καὶ
773 2344 901 2417 μαντείων
917 2345 1006 2404 αἰσίων
1053 2344 1238 2422 συναραμένων
1252 2345 1338 2410 αὐτοῖς
1348 2343 1393 2402 καλ
1405 2347 1456 2400 τῶν
1469 2343 1625 2422 δορυφόρων,
1637 2345 1682 2410 τάς
1698 2368 1727 2402 τε
1739 2347 1833 2410 εἰκόνας

228 2431 382 2511 γενομένων,
395 2429 497 2488 ἐπεισεν
506 2429 600 2494 αὑτούς
611 2428 755 2497 ἀποδιῶξαι
764 2429 823 2496 τούς
836 2431 965 2511 πρέσὺεις.
1052 2432 1081 2488 ἐκ
1095 2435 1146 2489 τῶν
1162 2432 1278 2508 σημείων
1297 2435 1469 2502 κατασπῶσι,
1489 2430 1534 2488 καί
1552 2431 1627 2488 αὐτὸν
1643 2431 1689 2488 οὑν
1708 2437 1749 2510 τῷ
1764 2433 1832 2491 παιδί
1919 2469 1920 2474 =

267 2541 291 2579 ν.
314 2519 350 2578 ‘0
367 2517 393 2576 δέ
410 2517 554 2592 ἰίίαξιμῖνος
567 2521 651 2574 ταῦτα
667 2515 755 2592 μαθὼν
771 2518 870 2575 πλείονι
884 2523 921 2599 τῷ
935 2523 1008 2600 θυμῷ
1052 2520 1194 2598 ἀναιροῦσι.
1210 2519 1357 2579 Φονεύαυοι
1370 2519 1396 2576 δί
1412 2517 1457 2576 καί
1471 2517 1515 2574 τθν
1528 2519 1678 2595 ἐπάρχοντα
1696 2525 1744 2577 τοῦ
1759 2543 1832 2599 στρα-

228 2605 376 2684 ἐχρήσατο,
393 2603 439 2661 καί
453 2606 605 2682 γεφυρώσας
618 2601 663 2660 τίεν
683 2602 864 2682 παραρρέοντα
878 2608 1007 2683 ποταμὸν,
1052 2610 1113 2678 τοῦ,
1127 2606 1227 2672 πάντας
1238 2629 1265 2663 τε
1278 2608 1413 2680 ἀναιροῦσι
1425 2604 1482 2672 τούς
1495 2604 1584 2685 ἐκείνῳ
1594 2605 1719 2685 θυμήρεις
1730 2631 1736 2643 ·
1747 2607 1832 2687 ῥίψαν-

227 2690 389 2769 προσήγγισε
406 2693 444 2768 τῷ
463 2689 558 2767 τείχει,
572 2688 618 2746 καί
631 2690 799 2766 τειχομαχεῖν
818 2690 915 2771 ἤρξατο
929 2697 1008 2753 παντὶ
1051 2691 1092 2757 τές
1110 2715 1139 2750 τι
1150 2692 1184 2750 τά
1195 2692 1307 2769 σώματα
1319 2701 1372 2758 ταῖς
1388 2692 1554 2770 βουλομένοις
1568 2693 1721 2770 ἐνυόρίζειν,
1734 2695 1833 2772 [εἰαοαν

228 2777 321 2840 σθένει.
339 2779 453 2836 Πολλῶν
471 2775 499 2833 δὲ
515 2774 607 2855 σχεδὸν
622 2774 734 2845 ἑκάστης
748 2777 847 2856 ἡμέρας
863 2781 1006 2856 γενομένων
1051 2779 1111 2838 κυσί
1127 2802 1155 2838 τε
1173 2779 1217 2838 καί
1238 2779 1319 2858 όρνιοι
1336 2781 1427 2859 βοράν]
1439 2803 1447 2816 ·
1459 2779 1557 2838 τούτων
1577 2778 1604 2836 δί
1622 2781 1668 2846 τάς
1682 2781 1799 2861 κεφαλάς
1811 2784 1833 2845 ἐς

200 2855 203 2862 ¹
227 2864 389 2946 προσὺολῶν,
404 2863 448 2922 καί
462 2862 558 2928 παντὸς
570 2867 613 2920 τοῦ
629 2866 741 2940 στρατοῦ
752 2861 841 2942 ῶσπερ
852 2869 1006 2942 σαγηνεύον·
1052 2865 1161 2943 Ῥώμην
1179 2867 1311 2947 ἔπεμψαν.
1335 2867 1454 2945 Τοιούτῳ
1475 2866 1522 2941 μέν
1545 2865 1577 2936 δή
1599 2865 1667 2924 τέλει
1689 2869 1832 2942 Μαξιμῑιος
1920 2901 1921 2916 ι

227 2974 270 3018 τος
284 2951 332 3022 τήν
346 2950 431 3022 πόλιν,
447 2947 514 3026 μετὰ
526 2951 624 3019 πολλῆς
640 2949 698 3028 βίας
712 2950 756 3008 καί
771 2952 904 3029 προθύμου
919 2957 1007 3034 μάχης
1051 2953 1096 3012 καί
1109 2958 1122 3012 ό
1136 2963 1199 3020 παῖς
1211 2957 1290 3012 αὐτοῦ
1304 2954 1466 3033 ἐχρήσαντο,
1482 2952 1682 3031 βασιλεύσαντες
1696 2957 1744 3027 ἐτη
1755 2954 1788 3034 γ’,
1797 2955 1831 3013 δέ·

227 3043 345 3119 ἀντεῖχον
357 3042 381 3098 οί
395 3037 543 3150 Ἀμυλήσωι
557 3037 689 3114 πανδημεί
702 3037 758 3114 ἀμα
772 3041 871 3117 γυναιξί
883 3043 927 3100 καὶ
942 3067 1006 3101 παι·
1051 3063 1099 3108 κας
1112 3051 1226 3121 πονηρᾶς
1242 3045 1324 3120 ἀρχῆς
1339 3040 1507 3119 ὑποσχόντες.

244 3128 250 3150 “
306 3126 384 3182 ”ι
430 3149 443 3180 ν
582 3124 792 3182 ετιῑετῶνὺπί
821 3129 901 3182 πα’
985 3131 992 3150 ’

226 3129 455 3292 {LK-ww
468 3122 612 3289 ῖιίίμί...
630 3147 716 3276 ίιι...
730 3148 808 3292 ..τά
816 3129 1007 3283 ηίίίῖῖιῖῖ
1197 3181 1374 3240 mamm:
1396 3180 1462 3240 ΚΜ
1483 3181 1683 3240 mun-02.

228 3325 279 3378 μην
303 3301 360 3360 ὑδδν
375 3301 479 3359 ἐσεοθαι
496 3301 627 3377 εὐπρεπῆ,
641 3301 663 3356 εἰ
678 3298 715 3374 μή
727 3299 851 3380 πρότερον
865 3303 913 3372 τήν
933 3307 1004 3363 ἀντι·
1091 3321 1126 3362 Ια.
1149 3299 1184 3362 Ὁ
1200 3299 1227 3359 δέ
1244 3301 1353 3380 στρατὸς
1378 3305 1412 3366 ὡς
1432 3301 1540 3358 ἐπύθετο
1561 3299 1595 3357 τά
1611 3300 1757 3376 γενόμενα,
1772 3299 1832 3378 πρθς

227 3399 327 3448 στάσαν
339 3394 385 3461 τῖγς
395 3387 510 3455 Ἰταλίας
521 3385 596 3444 πόλιν
610 3387 717 3464 καθέλῃ.
732 3385 907 3468 Ὑποσχέσεοί
921 3414 949 3448 τε
961 3382 1004 3450 οὐν
1049 3387 1096 3459 τήν
1117 3388 1258 3459 Ἀκυληίαν
1281 3387 1487 3466 παραγενόμενος
1509 3389 1535 3444 ἰν
1559 3390 1682 3467 εἰρηνικῷ
1697 3393 1830 3466 σχήματι,

226 3477 270 3535 καί
289 3479 396 3555 δωρεαῖς
415 3475 491 3541 αὐτός
510 3496 538 3532 τε
552 3473 625 3532 καλό
639 3481 700 3540 παῖς
715 3475 809 3547 αὐτοῦ,
824 3476 851 3534 δν
867 3479 1004 3550 πεποιήκει
1050 3475 1119 3541 ἐντὸς
1139 3475 1188 3550 μὲν
1202 3479 1256 3534 τῶν
1276 3478 1370 3553 τειχῶν
1391 3477 1439 3552 οὐχ
1451 3473 1595 3552 ὑπεδέχθη,
1609 3473 1667 3540 τούς
1683 3474 1711 3532 δὲ
1727 3476 1832 3544 ὑπὸτῆς

227 3563 367 3644 Καίσαρα,
381 3561 539 3641 περιθέοντες
550 3560 593 3617 τδν
608 3559 717 3639 στρατόν
735 3560 879 3622 ἀνέπειθον.
1051 3562 1200 3640 συγκλήτου
1215 3559 1413 3639 ἀναδειχθέντας
1425 3562 1617 3640 αὐτοκράτορας
1631 3560 1754 3640 εὐφήμει·
1768 3559 1831 3620 οὑτω

267 3653 351 3712 ιο.οί
366 3646 687 3717 δίἈκυλήσιοιλίθοιστι
704 3646 779 3726 [καί]
795 3653 931 3727 κιρνῶντες
945 3652 1005 3734 θείῳ
1050 3671 1078 3706 τε
1100 3648 1199 3724 ἔμεινεν
1223 3647 1294 3728 παρδ
1316 3647 1349 3706 τά
1371 3647 1460 3724 τείχη,
1475 3648 1642 3722 κομιζόμενος
1664 3647 1697 3704 τά
1721 3647 1830 3726 χρειώδη

221 3738 271 3797 ’καί
291 3738 418 3819 ἀσφάλτῳ
440 3736 537 3793 πίσσαν
552 3733 598 3792 καί
620 3731 706 3790 ἐλαιον
727 3731 837 3793 έάαλλον
857 3737 901 3794 τὸν
923 3761 1003 3819 στρα-
1050 3735 1121 3813 παρὰ
1136 3738 1188 3794 τῶν
1203 3734 1284 3794 ένδον.
1301 3738 1336 3794 Οἰ
1349 3734 1375 3792 δέ
1389 3735 1475 3799 ίππεῖς
1490 3737 1514 3792 οί
1526 3733 1572 3805 τήν
1588 3733 1737 3810 Ιίἰαξιμίνου
1751 3757 1830 3814 κεφα-

224 3829 284 3885 τόν·
299 3825 465 3905 πυρώσοντες
478 3821 529 3903 γάρ
543 3826 641 3892 ταῦτα,
657 3820 757 3900 ύμὺρου
775 3821 849 3894 δίκην
868 3826 1004 3904 κατεχών-
1049 3823 1097 3892 λὴν
1108 3823 1268 3899 κομίζοντες,
1281 3820 1377 3898 μεταξύ
1395 3821 1511 3880 Ἀλτίνου
1523 3843 1550 3878 τε
1562 3822 1607 3878 καί
1623 3821 1769 3894 Ῥαθέννης
1783 3845 1827 3880 πε·

224 3938 293 3986 νυον,
306 3912 374 3972 ώστε
387 3915 546 3988 γυμνοῦσθαι
560 3908 655 3975 αὐτοὺς
667 3913 718 3966 τῶν
735 3909 822 3967 ὅπλων
837 3912 1003 3990 καιομένους,
1050 3908 1168 3988 ριέτυχυν
1190 3907 1307 3988 Μαξίμῳ
1329 3909 1517 3987 αὐτοκράτορι,
1539 3907 1697 3986 διατρίόοντι
1721 3911 1749 3967 ἐν
1770 3908 1830 3967 Ῥα-

225 4001 270 4059 καί
280 4000 469 4081 διαφθείρεσθαι
480 3996 513 4056 τά
525 4019 553 4056 τε
564 3995 692 4076 πρόσωπα
704 3996 749 4054 καί
761 3995 808 4064 τάς
817 4005 907 4078 χεῖρας
920 4001 1003 4077 ἀκρω-
1049 3996 1141 4072 6έννη,
1156 3995 1215 4054 ἐνθα
1234 3995 1292 4061 τούς
1308 4017 1336 4054 τε
1350 3995 1402 4052 ἀπὸ
1417 3992 1526 4068 Ῥώμης
1544 3995 1693 4060 ἐπιλέκτους
1714 3995 1760 4053 καί
1775 3993 1829 4058 τοὺς

225 4089 438 4166 τηριαζομένσυς·
460 4083 528 4144 ἀλλά
545 4082 596 4160 μὴν
610 4082 655 4142 καί
669 4082 715 4149 τθις
735 4084 932 4162 προσαγομένας
954 4109 1005 4162 μη·
1048 4082 1100 4140 ἀπθ
1109 4082 1342 4160 Ἰταλίαςλογάδας
1350 4081 1479 4160 ήθροιζεν·
1491 4081 1584 4160 ἀφῖκτο
1591 4079 1619 4138 δέ
1627 4085 1697 4158 αὐτῷ
1708 4083 1755 4140 καῖ
1768 4103 1829 4156 συμ-

224 4173 308 4254 χανάς
320 4171 403 4249 ταύτῃ
415 4172 534 4250 τῇσοφίῳ
545 4168 694 4228 κατέκαιον.
707 4173 768 4229 Τῶν
779 4169 826 4246 μέν
838 4162 881 4229 οὐν
894 4171 1004 4251 πρώτων
1049 4171 1143 4249 μάχων
1157 4175 1262 4241 πλῆθος.
1280 4170 1511 4247 Παρασκευάζοντι
1526 4166 1553 4224 δέ
1567 4168 1638 4246 αὐτῷ
1650 4167 1696 4234 τάς
1710 4169 1828 4243 δυνάμεις

224 4263 330 4340 ἡμερῶν
352 4258 491 4324 ἀντίπαλός
511 4280 567 4323 πως
581 4255 626 4314 καὶ
648 4256 782 4336 ἰσόρροπος
797 4255 915 4335 έμενενή
937 4259 1004 4339 τύχη
1048 4258 1186 4336 προσίασιν
1200 4259 1246 4336 [οἰ]
1255 4256 1302 4328 τήν
1313 4255 1429 4334 κεφαλήν
1444 4253 1591 4329 Μαζιμίνου
1603 4253 1721 4332 φέροντες
1730 4255 1776 4312 καὶ
1787 4259 1827 4312 τοῦ

225 4354 271 4420 τῆς
284 4345 385 4424 μάχης·
396 4345 489 4424 χρόνου
499 4343 526 4403 δέ
536 4345 687 4420 γενομένου,
701 4343 755 4403 ότε
766 4346 875 4424 στρατὸς
888 4351 933 4404 τοῦ
943 4351 1004 4407 Μα-
1048 4347 1154 4412 παιδός·
1167 4347 1258 4412 εὐθέως
1270 4369 1297 4404 τε
1319 4345 1439 4421 Μάξιμος
1453 4343 1553 4420 πέμπει
1570 4340 1628 4408 τούς
1639 4346 1729 4409 ίππεῖς
1748 4345 1772 4409 ές
1785 4341 1827 4410 τήν

225 4435 324 4511 ξιμίνου
334 4435 440 4511 ὀκνηρὸς
448 4431 560 4510 ἐγένετο,
570 4432 615 4490 καὶ
624 4432 726 4490 πταίων
734 4437 780 4505 τῆς
788 4433 890 4499 ἐλπίδος
901 4433 1004 4510 ἀθύμως
1049 4432 1168 4510 Ῥώμην,
1180 4433 1353 4510 ἀγγέλλοντας
1365 4431 1398 4490 τά
1409 4429 1558 4510 πραχθέντα
1569 4433 1607 4510 τῷ
1620 4429 1714 4508 δήμῳ,
1728 4429 1773 4488 καί
1784 4428 1827 4498 τήν

225 4523 350 4582 διέκειτο·
362 4523 386 4581 οἰ
401 4521 427 4578 δέ
443 4521 590 4592 Ἀκυλήοιοι
602 4518 745 4598 ἐρρώνυντό
759 4543 787 4578 τε
799 4521 844 4579 καί
858 4525 908 4578 τῶν
924 4545 1003 4600 στραι
1048 4521 1163 4601 κεφαλήν
1178 4520 1332 4596 κομίζοντας
1351 4523 1395 4577 τοὺ
1415 4517 1542 4594 πολεμίου
1564 4515 1825 4587 ἀνεσκολοπισμένην,

224 4613 325 4670 τιωτῶν
343 4607 527 4687 κατεφρόνουν,
543 4605 610 4664 ὥστε
625 4607 669 4665 καί
684 4606 813 4665 σκώπτειν
825 4607 868 4667 τὸν
885 4608 1004 4682 Μαίιμῖ-
1048 4612 1082 4673 ὑις
1100 4616 1166 4666 πᾶσι
1186 4607 1324 4684 περίοπτος
1345 4605 1396 4677 εἴη.
1423 4604 1476 4665 Καί
1494 4603 1566 4663 οὐδέν
1579 4607 1661 4662 εἰπεῖν
1680 4604 1749 4662 ἔστιν
1762 4603 1826 4678 λόγῳ

224 4724 277 4772 νον,
290 4698 332 4756 καί
344 4697 430 4777 ὐύρεις
442 4695 551 4774 αἰσχράς
564 4697 622 4774 [εἰς]
636 4693 713 4752 αὐτόν
723 4695 900 4774 ἀπορρίπτειν·
912 4699 950 4776 ἐφ’
965 4688 1005 4765 αῖς
1048 4695 1147 4766 ἐκείνης
1158 4697 1205 4765 τῆς
1216 4694 1315 4772 ἡμέρας
1329 4692 1375 4764 τήν
1388 4692 1488 4773 έορτήν.
1503 4691 1572 4752 Οὐδί
1585 4691 1635 4771 γάρ
1647 4691 1737 4762 ἡλικία
1751 4715 1788 4756 τις
1798 4682 1826 4759 ἦν

225 4789 321 4852 ἐκεῖνος
335 4783 483 4860 κινούμενος
503 4782 561 4849 τούς
583 4783 660 4848 ἰδίους
682 4782 812 4854 ἐκόλαζεν,
832 4787 867 4850 ὡς
884 4784 1004 4864 ρρθύμως
1048 4783 1065 4855 ή
1080 4781 1117 4858 μὴ
1132 4781 1195 4863 πρὸς
1208 4781 1267 4846 ταὺς
1278 4780 1381 4859 βωμούς
1393 4779 1477 4840 τεκαὶ
1491 4778 1524 4838 τάι
1538 4781 1596 4859 ίερθι
1610 4779 1747 4857 ἠπείγετο·
1760 4779 1826 4857 [οὐτε

226 4875 272 4934 καὶ
283 4873 415 4953 ἀνάνδρως
426 4869 689 4952 προσφερομένουςτῇ
702 4869 853 4951 πολιορκίφ·
865 4872 920 4929 ὅθεν
934 4875 1004 4951 αὐτῷ
1048 4895 1085 4938 τις
1100 4869 1188 4946 ἔμενεν
1203 4868 1283 4942 οἶκοι,
1303 4867 1361 4927 ἀλλ’
1375 4868 1464 4948 ῶσπερ
1476 4870 1654 4934 ἐνθουσιῶντες
1672 4865 1824 4948 έρέροντο,]

225 5055 254 5064 --
266 5029 413 5085 ἐπαιώνησαν
424 5027 476 5077 cod.
487 5027 542 5090 -§
554 5035 589 5078 10.
600 5028 711 5078 πίσσαν
722 5027 771 5074 καὶ
785 5026 902 5089 ἔλαιον]
912 5028 952 5074 καί
961 5027 1036 5088 πίσσῃ
1046 5029 1086 5076 καὶ
1094 5027 1164 5089 ἐλαίῳ
1174 5026 1228 5077 cod.
1239 5025 1366 5076 Herodian.
1377 5029 1432 5074 vm
1441 5062 1448 5083 ‚
1458 5031 1485 5084 θ,
1497 5029 1526 5072 θθ
1538 5038 1544 5071 :
1555 5027 1577 5072 ol
1588 5025 1612 5072 δέ
1622 5023 1750 5079 Ἀκυλήοιοι
1758 5021 1824 5070 λίθοις

225 5113 250 5146 τε
263 5099 358 5146 έὸαλλαν
371 5099 466 5158 ἀνωθεν,
477 5099 516 5146 καῖ
529 5104 649 5161 κιρνῶντες
660 5099 714 5158 θείῳ
726 5099 764 5145 καί
781 5099 890 5160 ἀσφάλτῳ
899 5098 987 5147 πίσσαν
1000 5099 1115 5154 ἑλόντες
1130 5098 1162 5158 (Ι.
1175 5097 1251 5146 έλαιόν
1263 5113 1286 5146 τε
1294 5097 1332 5158 )...
1343 5095 1566 5144 κατεσκεδάννυσαν.
