3830 5720
205 375 261 426 20²

199 499 251 556 τῶν
264 495 352 555 ἵππων
362 497 472 574 ἀγῶνες,
484 493 522 552 tu
532 516 561 572 γε
572 492 624 568 μήν
636 491 681 552 καὶ
692 495 709 562 ἡ
722 491 884 568 ποντόμιμος
895 489 975 570 lippu-

200 605 252 650 σις·
264 586 293 642 ού
308 582 360 662 μήν
371 581 492 640 ἀλλὰκαὶ
504 579 677 661 παλαίστραις
691 579 884 654 ἐναπεδυόμην·
894 577 940 636 καί
951 579 977 643 l<

199 668 319 730 τοσοῦτον
339 669 462 738 ίξιύκειλα
483 669 644 750 ἀφροσύνης,
667 671 702 734 ὡς
723 666 769 725 καθ
791 666 835 726 τὸν
852 664 976 753 φαινόλην

199 756 395 834 ἀποδύσασθαι,
405 755 633 816 συναποδύσασθαι
643 753 669 813 δὲ
679 755 749 833 αύτῷ
757 752 840 814 καὶτὸ
848 751 976 832 νουνεχίς,

199 845 245 903 καὶ
264 843 358 904 dilui
376 868 402 903 τι
423 847 448 911 l<
465 843 518 923 βίον
533 842 679 922 ἀγλάϊσμα.
699 841 776 902 Ἐπεὶ
790 839 817 900 δύ
832 840 977 920 Μαυρίκιος

198 931 229 990 τὸ
253 931 381 1012 βασίλειον
403 931 542 1004 διεδήσατο
557 930 664 1010 κράτος,
680 933 757 986 τοῦτο
774 931 821 1004 μὲν
843 927 977 1008 προμηθί·

199 1041 282 1078 στατα
303 1019 371 1100 ίχων
391 1021 417 1086 ἐς
429 1019 488 1086 τούς
508 1017 649 1095 ἐπηκόους,
662 1021 739 1076 τοῦτο
757 1015 784 1074 θί
804 1019 849 1074 καὶ
864 1018 977 1075 Μουσῶν

199 1106 323 1186 ίρασνής,
337 1107 491 1182 ποιημάτων
500 1128 527 1164 τε
540 1106 584 1164 καὶ
596 1104 710 1184 ἱστορίας
719 1103 813 1176 ἥδιστα
825 1101 933 1175 ἐπαΐων,
943 1107 977 1170 ὡς

199 1193 245 1253 καί
257 1194 288 1254 τδ
301 1193 369 1253 πολύ
385 1197 431 1265 τῆς
444 1192 535 1260 νυκτός
553 1193 630 1273 μέρος
644 1190 844 1250 καταναλίσκειν
857 1190 919 1270 περὶ
930 1189 978 1258 τάς

198 1282 319 1348 τοιαύτας
330 1281 479 1363 φροντίδας,
489 1281 534 1339 καθ
546 1289 687 1360 παρορμᾶν
700 1281 814 1338 ἐντεῦθεν
826 1277 871 1336 καὶ
882 1277 977 1345 θὶύνειν

199 1369 251 1434 rit<
264 1367 384 1448 χρήμασι
397 1369 456 1435 τούς
471 1365 649 1446 άμύλυτίρους
665 1365 708 1424 τὸν
722 1367 856 1444 λογισμὸν,
872 1367 977 1442 αἰγαπη-

199 1457 249 1520 τῶς
260 1456 286 1512 ίν
298 1456 337 1534 τῷ
350 1456 407 1513 τότε
421 1455 502 1534 ἔγωγε
515 1453 610 1526 άλύων,
620 1454 665 1512 καλ
677 1454 877 1531 δυσανασχετῶν
890 1456 927 1532 τῷ
940 1449 978 1528 μή

197 1539 233 1598 τό
247 1538 337 1598 δέοντα
352 1539 431 1620 ἔχειν,
444 1540 657 1618 ἀναλογιζόμενος
674 1529 706 1611 ήν
724 1543 759 1606 ὡς
773 1542 801 1598 ού
816 1539 901 1618 χρεὼν
916 1540 978 1598 ἀνό-

198 1625 265 1696 νητά
280 1649 313 1704 με
326 1629 504 1707 περινοστεῖν·
519 1629 554 1692 be
568 1626 652 1685 τοίνυν
668 1625 706 1702 μή
721 1625 764 1684 διὰ
778 1626 876 1692 παντὸς
889 1649 979 1703 κενεμ-

199 1711 317 1787 6ατοίην,
328 1717 453 1796 ὡρμήθην
468 1713 513 1773 ἐπὶ
524 1715 601 1786 τήνδε
613 1713 662 1784 τήν
674 1713 835 1794 συγγραφήν,
851 1712 978 1793 ἄρξασθαι

200 1800 336 1876 μετθιζπλν
350 1802 494 1861 όπούίωσιν
516 1807 562 1861 τοῦ
584 1801 720 1879 Ἀγαθίου,
740 1801 786 1860 καὶ
804 1804 850 1872 τ’ής
865 1801 979 1881 ίστορίας

198 1888 357 1958 ποιήσασθαι
370 1889 418 1960 τήν
439 1889 534 1968 άρχήν.
554 1913 566 1942 ν
583 1893 617 1946 ln
630 1893 782 1965 postremis
795 1892 977 1964 Bernhardy,

198 1977 287 2048 ejecta
303 1997 369 2034 voe.
384 1976 522 2057 ἄρξασθαι,
532 1980 589 2054 leg.
599 1981 739 2053 proponit
751 1997 759 2036 τ
815 1975 977 2056 συγγραφήν,

235 2637 304 2696 Exc.
316 2641 435 2697 Desent.
443 2661 473 2715 p.
487 2641 542 2697 353
557 2643 665 2699 Maiz...
678 2635 974 2718 [ούτοσοῦτοντῷτής]

762 359 968 422 Mantuam
988 355 1250 420 Paoracroals

1140 492 1167 549 3.
1184 489 1258 567 (558
1272 510 1302 566 p.
1319 489 1352 550 C.
1363 511 1371 559 ;
1384 493 1532 548 iustiniani
1543 512 1588 553 an.
1604 497 1667 575 32.)

1059 629 1127 684 Exc.
1143 631 1187 684 De
1199 631 1255 706 leg.
1280 631 1366 687 Rom.
1381 650 1413 706 p.
1440 631 1493 687 132
1514 634 1596 692 Pas:
1616 633 1676 694 Ὅτι
1694 637 1771 710 ἐπειδὴ

1021 715 1107 783 Μ’ήθοι
1123 719 1156 792 τῇ
1171 713 1345 794 περιμαχήτῳ
1356 717 1407 773 τῶν
1424 716 1536 796 Κολχων
1554 717 1627 800 χώρα
1642 731 1772 800 προσκαθε-

1021 799 1138 878 ζόμενοι,
1152 805 1187 868 ὡς
1202 801 1233 860 δν
1253 801 1414 874 ποιήσωνταί
1425 827 1455 884 γε
1475 803 1553 876 αὐτὴν
1573 807 1704 886 κατήκοον,
1718 812 1774 886 μετά

1019 888 1129 956 πολλούς
1139 888 1212 958 ὅσους
1225 892 1341 968 ἀγῶνας,
1354 889 1448 971 χρόνου
1460 915 1488 951 τε
1501 899 1595 972 συχνοῦ
1605 895 1724 974 τριύίντος
1736 900 1775 956 αύ-

1019 979 1086 1050 ruis,
1106 975 1177 1036 οὐδέν
1193 1001 1219 1036 τι
1238 978 1383 1058 περαιτίρω
1403 979 1533 1058 ἔδρασαν·
1555 980 1621 1040 ἀλλὰ
1636 982 1681 1062 γάρ
1700 984 1730 1043 τά
1750 1009 1772 1044 τι

1020 1063 1127 1122 πλείονα
1141 1068 1187 1136 τῆς
1200 1067 1316 1136 Δαζικής
1326 1064 1371 1124 καί
1385 1069 1398 1124 θ
1413 1070 1499 1134 Φᾶσις
1514 1073 1531 1138 ἡ
1546 1066 1634 1142 πόλις,
1645 1068 1700 1130 ἔνθα
1711 1070 1774 1145 λέγε-

1020 1173 1064 1210 ται
1076 1141 1181 1210 εἶναιτὰ
1192 1157 1236 1210 τοῦ
1247 1153 1345 1223 Αἰήτου
1358 1153 1491 1232 βασίλεια,
1502 1154 1573 1213 οὐδὲν
1582 1147 1656 1226 ήττον
1665 1157 1710 1216 tut
1721 1157 1768 1217 Ῥω

1022 1238 1113 1314 μαίυυς
1122 1238 1262 1318 ίτύγχανον
1273 1237 1348 1298 ὄντα·
1360 1239 1432 1306 τέλος
1445 1239 1471 1298 δὲ
1484 1239 1552 1308 ἔδοξε
1561 1240 1696 1318 ,Ῥωμαίοις
1705 1266 1730 1302 τε
1738 1243 1776 1300 καί

1021 1324 1151 1405 Πέρσαις,
1161 1317 1196 1384 ὧν
1210 1324 1257 1402 μὲν
1267 1329 1293 1384 ἐν
1308 1329 1408 1406 κατοχῇ
1421 1329 1549 1406 ύπῆρχον,
1562 1326 1612 1385 εἴτε
1624 1329 1724 1408 φρούρια
1734 1329 1777 1387 εἴτε

1021 1415 1097 1494 ἕτερα
1111 1414 1192 1486 ἄλλα,
1206 1412 1262 1472 ούτι
1276 1419 1438 1491 μεταθεῖναι,
1452 1405 1519 1472 εἶναι
1531 1413 1558 1473 δὲ
1575 1417 1601 1474 ἐν
1615 1419 1650 1496 τῷ
1661 1412 1724 1494 αὐτῷ
1736 1417 1778 1492 μὲ-

1021 1524 1080 1580 χρις
1098 1491 1128 1560 ού
1142 1499 1335 1578 ἀσφαλέστερον
1349 1503 1537 1582 διευκρινηθείη
1549 1501 1583 1560 τύ
1602 1508 1648 1574 τῆς
1661 1504 1778 1582 διαφοράς,

1021 1589 1077 1648 Καὶ
1088 1588 1171 1647 τοίνυν
1186 1587 1270 1646 ἐδόκει
1283 1589 1330 1646 ούκ
1344 1587 1443 1660 ἄλλως,
1457 1588 1588 1666 ἐκεχειρία
1599 1587 1627 1646 τί
1637 1612 1673 1656 τις
1684 1589 1780 1666 ἐγεγόνει

1021 1673 1081 1734 ὅσον
1099 1673 1172 1734 ούπω
1187 1673 1347 1746 τελεωτάτης
1362 1675 1465 1754 εἰρήνης
1484 1673 1583 1752 ἔχουσα
1598 1675 1702 1752 ἐλπίδα,
1717 1675 1780 1733 τότε

1022 1761 1134 1841 μίγιστα
1152 1765 1204 1820 τῶν
1218 1759 1418 1838 πολιτευμάτων
1431 1761 1546 1842 ἡσυχίαν
1564 1754 1637 1838 ήγον.
1661 1762 1731 1822 Ἐπεί
1745 1753 1782 1820 σύν

1021 1855 1105 1908 ταῦτα
1118 1851 1179 1930 τῇδε
1190 1847 1283 1928 ἐχώρει
1297 1849 1343 1907 καί
1355 1847 1383 1907 οἵ
1395 1873 1425 1927 γε
1440 1849 1506 1929 ἀμφὶ
1517 1848 1565 1908 τὸν
1579 1849 1712 1928 Ζαύεργθν
1724 1840 1785 1908 Ob-

1021 1961 1060 1997 νοι
1076 1937 1165 2018 πόρρω
1174 1960 1224 1996 που
1236 1940 1282 2009 τῆς
1293 1935 1435 2012 Ῥωμαίων
1450 1937 1620 2016 ἐπικρατείας
1634 1934 1785 2010 ἀπεληλαμέ-

198 2061 243 2120 καθ
253 2061 287 2120 τό
300 2062 367 2138 μετὰ
378 2063 426 2134 τὴν
437 2062 582 2122 ἀπούίωσιν
594 2069 638 2122 τοῦ
654 2062 709 2140 ’dp
724 2067 769 2133 fit
778 2063 891 2142 ἱστορίας
900 2061 977 2132 nolti·
1022 2048 1061 2083 ναι
1076 2019 1228 2104 ἔώίχανονθ
1244 2029 1388 2095 τηνικαῦτα
1404 2022 1587 2090 ’humiliavit
1602 2025 1642 2104 (ἐν
1654 2025 1689 2103 νῷ
1700 2021 1745 2102 γάρ
1756 2011 1786 2078 εἶ-

197 2153 293 2208 σασθαι
306 2149 354 2221 τήν
373 2151 468 2228 ἀρχήν.
482 2153 525 2212 Cf.
546 2153 674 2208 Eudocia
686 2173 716 2226 p.
734 2169 812 2225 299:
829 2149 977 2227 Μένανδρος

198 2237 252 2315 Πρ.
266 2235 402 2315 ἱστορικός.
420 2236 541 2318 Ἔγραψε
554 2237 589 2294 τὰ
603 2236 670 2313 μετὰ
685 2237 731 2306 τήν
747 2235 889 2294 άποόίωσιν
904 2235 977 2314 Ἀγα-

196 2323 265 2382 θίου·
276 2323 334 2396 ήτοι
349 2325 468 2404 διάδοχος
479 2330 525 2397 τῆς
539 2323 637 2384 ἐκείνου
650 2323 775 2404 ἱστορίας.

1021 2134 1077 2190 χεν,
1090 2113 1125 2177 ὡς
1136 2108 1283 2169 ἐλεύσονται
1294 2109 1339 2168 καθ
1357 2101 1428 2176 αὖθις
1438 2113 1461 2166 οἱ
1476 2109 1649 2191 Κοτρίγουροι
1660 2107 1787 2186 δῃώσαντες
1877 2171 1878 2182 ,

1022 2199 1055 2256 τύ
1076 2198 1120 2257 itti
1136 2197 1260 2280 Θρᾴκης)
1281 2197 1426 2277 ίγκείμενός
1447 2221 1475 2256 τε
1492 2189 1524 2270 ήν
1550 2201 1588 2279 τῷ
1610 2197 1741 2276 Σανθίλχῳ
1755 2197 1787 2271 τῷ

1021 2289 1073 2344 τῶν
1089 2285 1254 2366 Οὖτιγούρων
1268 2285 1393 2365 ἡγεμόνι,
1407 2284 1472 2344 ἀνίει
1484 2309 1511 2344 τι
1522 2287 1648 2362 οὐδαμῶς
1659 2287 1787 2360 παραινῶν,

1022 2372 1163 2454 πρεσύείας
1170 2397 1197 2432 τε
1209 2373 1306 2452 συχνός
1316 2371 1456 2449 ἐκπέμπων
1467 2371 1512 2432 καὶ
1522 2373 1620 2432 ἄλλοτε
1632 2373 1701 2450 άλλῳ
1712 2370 1789 2450 τρόπῳ

1022 2462 1185 2540 άντρεθίζων,
1200 2463 1234 2529 ὡς
1250 2459 1280 2519 δν
1296 2461 1460 2540 ἀμωσγέπως
1477 2460 1655 2538 ἐκπολεμὼσῃ
1675 2483 1704 2536 γε
1724 2460 1790 2514 αὐτὸν

1021 2552 1056 2616 ὣς
1070 2548 1113 2606 τὸν
1128 2547 1274 2628 Ζαύεργάν.
1293 2549 1445 2629 Προσετίθει
1467 2548 1494 2606 δὲ
1507 2553 1569 2617 ταῖς
1584 2553 1619 2616 ὡς
1632 2547 1674 2606 τὸν
1689 2547 1789 2606 Σύνθιλ-
1853 2541 1858 2552 ’

1020 2659 1067 2716 χον
1078 2635 1210 2714 ἀγγελίαις
1226 2640 1241 2694 θ
1256 2637 1437 2720 αὐτοκράτωρ,
1452 2639 1501 2708 ὡς,
1518 2636 1590 2715 εἴγε
1602 2633 1794 2712 καταγωνίσοιτο

196 2718 288 2789 λέξεως
303 2725 402 2800 εὐγενεῖ
413 2723 472 2784 ὅσον
484 2731 517 2804 τῇ
527 2729 579 2784 τῶν
592 2726 756 2807 πραγμάτων
771 2722 901 2804 ἀφηγήσει
911 2747 976 2804 καρ-
1020 2721 1079 2790 τούς
1094 2723 1294 2804 Κοτριγσύρους,
1305 2721 1351 2781 καί
1363 2721 1396 2782 τδι
1409 2721 1458 2781 ὅσα
1471 2723 1567 2795 ἐτήσια
1577 2721 1703 2836 χρήματα
1716 2723 1743 2778 ἐκ
1752 2724 1792 2788 τῆς

195 2811 306 2866 ποῦσθαι
324 2811 468 2890 θαρρήσας·
483 2816 539 2880 πῶς
552 2812 602 2894 γάρ
615 2806 695 2872 οἷόντε
710 2805 741 2884 ήν
754 2810 800 2888 lpt
816 2813 841 2877 ἐς
854 2817 975 2869 τοσοῦτον
1021 2809 1165 2887 Ῥωμαίων
1186 2810 1351 2889 ἐπικρατείας
1374 2811 1577 2886 ύπονεμηθέντα
1600 2835 1668 2883 ησαν
1688 2813 1724 2888 τῷ
1742 2809 1795 2867 Ζα-

196 2895 306 2973 ᾰφῖχθαι
317 2898 451 2976 παιδείας,
464 2902 499 2966 rite
513 2901 558 2960 καί
569 2903 595 2968 ἔς
606 2900 636 2961 τὸ
651 2898 807 2980 συγγράφειν
820 2897 900 2975 tiraq
914 2895 977 2973 ἀμί-
1021 2897 1118 2978 όεργᾷ,
1138 2897 1292 2975 μεταθήσειν
1304 2903 1338 2964 ὡς
1352 2896 1437 2956 αύτόν.
1455 2897 1508 2958 Καὶ
1524 2898 1614 2958 τοίνυν
1634 2901 1648 2956 δ
1662 2895 1794 2971 Σόνθιλχος

196 3004 285 3059 ριμνος
303 2988 354 3064 γὰρ
375 2986 444 3044 ίσότι
463 2988 522 3064 ίμυί
538 3011 568 3065 γε
585 2992 599 3046 δ
624 2987 678 3067 βίος
698 2987 744 3044 καί
764 2984 976 3064 ίκδεδιῃτημένος
1022 2984 1183 3061 (Ῥωμαίοις
1192 2983 1243 3064 γδιρ
1251 2985 1393 3056 ἐπιτήδειος
1402 2983 1526 3044 tiodiem
1537 2977 1620 3062 εἶναι)
1635 2983 1734 3063 βασιλεῖ
1744 2981 1795 3050 ἐσή-

196 3071 323 3148 ὑπῆρχεν.
338 3077 404 3130 Haec
418 3077 486 3132 item
496 3097 530 3134 ex
542 3080 693 3154 prooemio.
707 3077 803 3132 Prima
813 3075 974 3146 rerbasup·
1023 3095 1113 3148 μηνεν,
1128 3075 1163 3140 ὡς
1175 3100 1188 3124 α
1203 3071 1317 3152 πίφυκεν
1329 3073 1379 3151 οὐχ
1392 3072 1461 3130 ὅσιον
1476 3070 1527 3149 μὲν
1543 3073 1604 3132 ούδδ
1619 3073 1703 3136 άλλως
1714 3072 1796 3147 εύπρε·

194 3158 282 3232 plevit
295 3161 477 3222 Niebuhr-ius,
1020 3157 1067 3224 πθς
1078 3157 1135 3224 τούς
1148 3157 1293 3238 ὁμοφύλους
1308 3158 1433 3238 ἀφανίσαι
1448 3157 1545 3238 ἄρδην,
1561 3157 1602 3236 μή
1616 3157 1657 3216 ὅτι
1669 3155 1797 3234 ὁμόγλωσ-

195 3339 223 3388 ut
233 3342 353 3402 penulam
363 3356 474 3406 quoque,
484 3347 509 3393 et
518 3358 574 3394 cum
582 3357 698 3393 canaam
708 3345 814 3392 ruentem
821 3343 845 3390 et
856 3338 972 3404 quidquid
1020 3339 1113 3389 tamina
1125 3341 1278 3402 multumque
1290 3341 1405 3403 temporis
1416 3343 1594 3403 consumptum
1606 3339 1666 3390 nihil
1679 3337 1800 3402 quicquam

195 3415 390 3468 virtutumornat
405 3421 489 3480 vitam
504 3435 627 3470 exurerem.
640 3423 798 3482 Posteaquam
807 3431 865 3466 vero
883 3416 973 3467 Mauri·
1021 3417 1179 3477 proiecerunt.
1192 3417 1285 3466 Etenim
1293 3418 1398 3466 maxima
1406 3431 1460 3479 pars
1470 3419 1567 3466 lazicae
1582 3418 1697 3479 regionis,
1707 3414 1801 3463 manne

194 3492 246 3542 clus
266 3495 391 3557 imperium
405 3499 545 3558 capessivit,
563 3498 604 3560 qui
623 3500 647 3546 et
656 3497 738 3558 populi
755 3497 855 3545 salutern
875 3493 973 3556 provide
1020 3505 1077 3542 vero
1088 3493 1169 3542 Phasis
1182 3495 1255 3556 urbs,
1269 3493 1311 3543 ubi
1321 3493 1457 3558 quondam,
1468 3496 1496 3541 ut
1506 3493 1591 3556 aiunt,
1600 3495 1677 3544 AEetis
1686 3489 1801 3554 repleturi,

194 3574 307 3634 curabat,
320 3576 344 3623 et
358 3577 438 3624 Musas
452 3575 563 3634 amabat,
577 3574 773 3636 poematibusque
783 3575 807 3622 et
819 3572 924 3622 historiis
933 3585 973 3620 au·
1020 3569 1176 3620 nibilominus
1184 3583 1279 3633 semper
1291 3572 1455 3620 rancuserant
1469 3569 1494 3618 in
1503 3569 1555 3620 lide
1564 3571 1804 3632 etpotcststelioma·

194 3651 286 3701 diendls
306 3665 379 3714 quam
398 3653 528 3714 plurimum
550 3653 723 3713 delectabatur,
744 3651 803 3701 adeo
823 3655 851 3700 ut
862 3663 973 3713 magliam
1020 3661 1116 3697 norum.
1127 3650 1211 3711 itaque
1224 3650 1338 3698 Romanis
1349 3652 1373 3698 et
1386 3648 1489 3698 Ρσιείτε
1510 3651 1668 3711 μοεεαιείοαε
1685 3648 1735 3697 sire
1745 3643 1805 3706 appi·

195 3728 273 3778 noctis
284 3732 377 3791 partun
390 3729 439 3791 ipse
452 3731 477 3779 in
489 3731 517 3780 lis
525 3729 610 3779 studiis
622 3731 785 3788 mnsameret,
799 3731 823 3778 et
832 3729 973 3790 ingenialis·
1019 3724 1106 3774 domm
1117 3725 1444 3786 martinummontem
1453 3737 1554 3787 renum,
1567 3739 1628 3788 qun
1636 3725 1739 3788 quisque
1748 3721 1805 3770 bella

195 3805 287 3856 beliora
299 3807 463 3858 munificentia
474 3811 589 3860 excitaret
600 3812 775 3872 atqueacueret
787 3823 793 3856 :
804 3812 863 3858 tanc
872 3821 973 3870 egome-
1019 3805 1193 3866 occupaverat,
1211 3803 1333 3854 discedere
1343 3803 1440 3852 minime
1457 3803 1569 3866 placuit,
1591 3804 1636 3854 sed
1648 3807 1677 3854 ut
1690 3803 1769 3852 omnia
1785 3801 1807 3846 in

196 3881 242 3930 rito
258 3883 342 3934 dolans
355 3888 381 3934 et
390 3885 470 3934 animo
484 3887 663 3948 aeger,quodea
676 3885 765 3948 quibus
779 3897 839 3946 opus
854 3887 915 3934 esset
924 3897 972 3932 uon
1018 3881 1104 3930 eodem
1113 3883 1178 3930 stata
1191 3882 1331 3939 manerent,
1343 3879 1420 3929 donec
1435 3882 1608 3930 controversia
1618 3893 1718 3943 prorsus
1727 3875 1805 3939 diiudi-

195 3959 323 4022 haberem‚
341 3976 437 4013 mecum
453 3967 563 4027 reputare
576 3964 651 4026 coepi,
667 3976 715 4012 noo
727 3965 837 4024 oportere
847 3963 972 4011 meritam
1018 3955 1543 4019 caretur.Quodquumutrimqucaecretum
1550 3957 1809 4019 esset‚inducireiaeia

195 4035 255 4086 adeo
265 4038 365 4088 inertem
375 4043 400 4089 et
409 4041 509 4090 otiosam
522 4043 655 4090 traducere.
671 4045 752 4099 Quare
765 4052 796 4090 na
806 4052 902 4102 prorsus
913 4039 971 4089 nibil
1017 4035 1083 4095 sunl,
1093 4046 1147 4096 quae
1156 4045 1221 4096 spem
1231 4033 1383 4096 praebebant,
1393 4033 1444 4082 iore
1456 4037 1484 4080 ut
1493 4031 1566 4082 brevi
1578 4035 1690 4096 perlecta
1697 4047 1742 4096 pax
1750 4044 1808 4079 eon·

194 4127 303 4177 agerem,
315 4115 346 4165 sd
356 4118 417 4166 banc
429 4117 552 4168 historiam
568 4119 674 4168 animum
690 4117 785 4180 appuli,
802 4117 901 4180 eiusque
914 4131 972 4167 cou-
1018 4113 1148 4174 poneretur
1160 4131 1167 4161 :
1177 4125 1226 4174 quo
1234 4111 1297 4161 iacto
1306 4111 1517 4160 maximsilladuo
1528 4112 1638 4174 imperia
1646 4110 1807 4176 quiescebant.

193 4191 347 4254 scriptionem
366 4193 432 4244 abiis
442 4196 514 4245 rebus
522 4197 659 4260 auspicatus
668 4195 754 4246 samia
766 4195 854 4258 quibus
862 4195 973 4258 Agatbias
1020 4189 1077 4238 llas
1088 4201 1162 4251 quum
1176 4187 1210 4238 ita
1222 4189 1288 4250 gesta
1305 4192 1385 4238 emeat
1399 4189 1423 4237 et
1434 4187 1526 4247 Hunni,
1542 4189 1589 4251 qui
1601 4189 1738 4252 zabergani
1749 4199 1809 4250 pare·

194 4270 299 4321 moriens
309 4271 422 4322 subeatis.
432 4291 445 4316 ε
541 4283 546 4294 ·
1018 4264 1088 4326 bant,
1100 4266 1168 4327 longe
1176 4265 1207 4314 ab
1216 4264 1308 4326 imperii
1322 4263 1421 4314 Romani
1433 4263 1524 4313 tinibus
1536 4265 1647 4314 luissent
1658 4265 1761 4327 repulsi,
1772 4265 1810 4312 Ju-

571 4385 588 4434 2
1017 4344 1136 4393 stirianos
1152 4344 1290 4406 suspicans,
1306 4343 1444 4404 cotriguros
1459 4342 1554 4392 iterum
1566 4344 1705 4394 Thraciam
1717 4342 1812 4406 popula·

591 4420 599 4433 ⁰
1017 4420 1123 4470 tionibus
1135 4423 1250 4469 vexatam
1266 4422 1395 4480 venturos,
1410 4423 1475 4469 totus
1488 4419 1514 4468 in
1532 4421 1722 4480 Smddelrnm,
1736 4419 1812 4479 litiga

225 4497 408 4564 [Nequaquam
425 4501 838 4567 laniam]elocutiaaisuobilitate,
854 4507 972 4568 quantum
1019 4511 1100 4548 rorum
1114 4497 1216 4560 ducem,
1232 4497 1355 4558 incubuit,
1368 4509 1441 4560 quem
1458 4498 1639 4559 frequentibus
1656 4497 1813 4562 legationibus

196 4574 267 4625 rebus
280 4579 405 4628 narrandis
417 4593 457 4629 me
476 4585 661 4632 consecuturum
674 4595 724 4632 asse
737 4584 839 4645 speravi,
857 4587 917 4635 Nam
930 4587 972 4648 φη
1018 4575 1109 4625 Ιιοηειί
1121 4575 1283 4636 nondestitit,
1292 4577 1317 4624 et
1328 4575 1394 4624 omni
1408 4574 1501 4624 ratione
1514 4575 1550 4623 ad
1563 4575 1666 4626 bellum
1676 4580 1761 4626 contra
1772 4579 1813 4623 za·

195 4651 245 4699 lieri
256 4655 333 4714 potest
346 4655 375 4703 ut
387 4667 431 4717 ego
440 4657 599 4707 eruditionem
610 4659 779 4722 adquisiverint
791 4660 896 4710 historia
909 4675 972 4710 com·
1019 4650 1147 4712 mucra
1167 4652 1273 4700 θθθῑθθῐθ
1294 4653 1395 4700 θθθθῗῦθ
1408 4651 1452 4700 ⁶⁸2·
1472 4651 1570 4700 Pfoeief
1591 4653 1657 4702 ³¹5ss
1667 4651 1814 4701 0⁰¹¹d5²i⁰¹¹¹⁵

196 4729 311 4788 ponende
327 4733 499 4794 uecesssrlam,
510 4733 552 4794 qui
567 4733 650 4784 rudens
661 4736 736 4785 ultam
749 4739 773 4787 et
784 4737 835 4786 sine
849 4737 974 4799 discipline
1018 4728 1149 4790 impelii&
1161 4727 1290 4779 simillimi
1301 4729 1421 4792 l‘olliciius
1436 4731 1486 4790 θθίι
1498 4728 1519 4778 θῑ
1533 4731 1689 4794 ὓῡῑῑῑὸῡῑῦθ
1701 4731 1816 4781 deheim·

195 4805 269 4855 Μ
571 4923 586 4972 3
1019 4881 1056 4932 nis
1065 4881 1194 4944 zabergani
1212 4881 1386 4945 pendebantur,
1396 4883 1514 4932 redituras
1525 4895 1594 4935 esse.
1611 4887 1704 4950 ltaque
1723 4883 1816 4936 saudil-

591 4959 596 4971 '
1019 4957 1400 5018 chrismaeatnecessitudtuem
1407 4959 1513 5008 sibicum
1519 4961 1817 5026 ltornanisessecupcret,

227 5020 289 5068 ltedi
298 5021 324 5070 iu
337 5023 481 5074 colchorum
492 5027 625 5088 regionem,
636 5028 722 5090 deque
731 5031 878 5093 certabatur,
894 5033 973 5084 irrue·
1019 5035 1156 5096 irnperatori
1175 5035 1330 5098 sipribcnrit,
1343 5037 1441 5085 minime
1452 5036 1497 5085 sibi
1509 5035 1585 5096 mum
1606 5041 1654 5088 aut
1665 5039 1757 5088 decem
1771 5039 1817 5086 iore

199 5097 268 5157 ruat,
280 5100 308 5147 ut
319 5099 394 5162 ipsam
403 5102 447 5153 sibi
456 5103 609 5168 subjicerent,
621 5108 645 5156 et
659 5108 795 5168 postmulta
806 5109 831 5158 et
842 5109 909 5160 varia
920 5124 973 5162 ccr-
1020 5125 1103 5164 omues
1126 5127 1182 5164 suos
1200 5115 1346 5166 contribules
1367 5113 1398 5164 sd
1416 5112 1615 5165 internecionem
1633 5130 1716 5180 ιιεηιιε
1735 5117 1818 5165 daus

1018 4807 1069 4865 set,
1081 4805 1111 4854 ad
1122 4806 1200 4867 ipsum
1212 4819 1304 4856 annuas
1313 4808 1471 4868 pecunarum
1483 4807 1636 4870 pennones,
1650 4821 1710 4871 quaa
1719 4809 1815 4870 συοίεπ-
