3766 5726
224 351 279 401 314

221 461 311 542 πρώτῃ
327 462 491 542 συγγένηται.
503 463 536 525 ‘0
549 461 576 524 δί
589 463 662 542 μάλα
674 463 789 543 γεγηθὼς
802 464 925 542 ἠπείγετο
936 465 999 546 πρθς

220 551 269 622 τῆν
281 553 408 627 γυναῖκα,
429 551 579 628 πειθόμενος
593 551 662 612 κατδι
683 559 742 613 νοῦν
766 552 797 611 ἀν
819 557 890 633 αὐτῷ
910 552 998 634 χωρή·

221 661 274 704 σειν
287 638 316 699 τὸ
327 649 457 716 μαντεῖον.
473 639 550 700 Ἐπεί
562 641 591 698 δέ
604 641 689 700 πλέων
703 641 808 722 ἀφίκετο
821 646 846 710 ές
861 641 997 701 Βύόαστον

220 728 283 805 πρὸς
296 726 434 810 Στάφυλον
443 727 487 786 τὸν
498 727 639 806 Διονύσου,
651 729 724 806 μάλα
735 721 892 810 φιλοφρόνως
905 732 999 795 ἐκεῖνος

222 815 298 874 αὐτόν
313 817 502 896 ὑποδεχόμενος
520 817 554 884 εἰς
567 815 648 876 πολὺν
660 807 727 876 όίνον
740 819 936 899 προετρέψατο,
954 817 999 876 καί

221 901 310 974 ἀπειθῆ
323 905 407 983 πολλῇ
418 904 484 982 μέθῃ
494 913 616 985 παρεῖτο,
628 905 826 984 συγκατέκλινεν
837 907 909 986 αὐτῷ
922 905 1000 982 Ἡμι·

221 989 281 1048 θέαν
293 989 339 1062 τῆν
352 991 490 1071 θυγατέρα.
506 995 598 1052 Ταῦτα
609 992 636 1051 δέ
646 993 727 1052 ἐποίει
739 993 954 1072 προπεπυσμένος
970 995 998 1052 τό

220 1081 266 1136 τοῦ
280 1079 441 1158 χρηστηρίου
452 1080 497 1138 καί
509 1079 664 1158 βουλόμενος
675 1083 705 1139 ἐκ
716 1079 812 1152 ταύτης
822 1083 892 1162 αὐτῷ
904 1083 1000 1148 παῖδας

220 1165 349 1240 γενέσθαι.
362 1167 403 1226 Δι’
413 1165 494 1246 ἔριδος
506 1169 593 1242 μέντοι
604 1167 719 1245 έγένοντο
731 1167 811 1230 ‘Potui
823 1193 851 1228 τε
860 1169 906 1227 καί
918 1169 998 1247 Ἡμι-

220 1252 266 1311 θέα
282 1257 309 1311 αί
323 1261 367 1312 τοῦ
381 1255 533 1334 Σταφύλου,
546 1254 584 1322 τίς
596 1257 681 1312 αὐτῶν
696 1257 801 1336 μιχθείη
816 1261 853 1334 τῷ
864 1256 940 1335 ξένῳ·
953 1279 998 1315 το·

221 1345 310 1407 σοῦτος
329 1343 476 1434 ἀμφοτέρας
489 1343 602 1424 κατέσχε
616 1343 704 1410 πόθος.
722 1342 823 1426 Λύρκος
837 1345 863 1403 δέ
883 1345 999 1424 ἐπιγνοὺς

130 1471 136 1478 -
221 1435 253 1508 τῇ
275 1431 399 1510 ὑστεραίᾳ
419 1435 460 1489 οἱα
476 1431 624 1511 έθεδράκει,
648 1432 694 1490 καί
715 1431 763 1502 τῆν
784 1433 912 1506 Ἡμιθέαν
933 1438 998 1515 ὁρῶν

221 1518 510 1595 συγκατακεκλιμένην,
520 1520 654 1602 ἐδυσφόρει
668 1543 695 1578 τε
710 1521 755 1578 καί
768 1520 854 1580 πολλά
865 1525 999 1600 κατεμέμ-

221 1627 283 1684 φετο
302 1604 346 1662 τὸν
371 1607 507 1686 Στάφυλον
530 1607 565 1674 ὥς
586 1609 727 1665 ἀπατεῶνα
749 1608 883 1685 γενόμενον
905 1612 998 1669 αὐτοῦ·

221 1689 326 1772 ὕστερον
347 1692 374 1751 δέ
395 1692 475 1770 μηδέν
498 1691 566 1774 έχων
580 1695 596 1752 θ
609 1719 635 1753 τι
649 1699 727 1775 ποιῇ,
748 1695 929 1776 περιελόμενος
951 1697 999 1770 τὴν

221 1777 304 1850 ζώνην
322 1779 411 1839 δίδωσι
427 1785 461 1862 τῇ
480 1780 559 1862 κόρῃ,
582 1781 694 1841 κελεύων
714 1781 846 1854 ῆόήσαντι
867 1787 904 1862 τῷ
925 1785 997 1843 παιδί

221 1867 373 1946 φυλάττειν,
394 1869 464 1937 ὅπως
485 1869 534 1949 έχη
555 1870 708 1948 γνώρισμα,
731 1869 804 1929 ὁπότ’
826 1869 857 1929 ἀν
882 1871 1000 1951 ἀφίκοιτο

220 1953 284 2034 πρὸς
307 1956 350 2012 τόν
373 1955 474 2037 πατέρα
489 1961 567 2016 αῦτοῦ
586 1960 621 2024 είς
638 1961 755 2034 Καῦνον,
772 1957 818 2016 καί
835 1957 998 2026 ἐξέπλευσεν.

221 2041 348 2110 Αἰθιαλὸς
362 2043 389 2101 δέ
401 2047 436 2112 ὡς
455 2045 549 2124 ᾔσθετο
566 2045 599 2103 τά
613 2067 640 2103 τε
655 2045 724 2104 κατὰ
738 2045 767 2103 τδ
783 2045 942 2124 χρηστήριον
954 2047 999 2106 καί

220 2129 268 2202 τῆν
282 2129 424 2208 Ἡμιθέαν,
444 2133 539 2204 ἤλαυνε
552 2137 597 2204 ιη”ς
616 2137 664 2212 γῆς
679 2133 766 2194 αὐτόν.
781 2133 866 2194 Ἔνθα
878 2134 911 2206 δὴ
924 2135 999 2214 μάχη

222 2217 332 2297 συνεχὴς
350 2210 381 2290 ἦν
400 2227 453 2286 τοῖς
467 2243 496 2278 τε
512 2221 555 2278 τὸν
569 2219 673 2299 Λύρκον
692 2219 870 2299 προσιεμένοις
888 2221 1000 2290 καὶτοῖς

221 2306 255 2364 τά
278 2307 406 2366 Αἰόιαλοῦ
421 2313 558 2387 φρονοῦσι·
576 2308 693 2383 μάλιστα
714 2307 741 2366 δέ
762 2308 883 2386 συνεργὸς
903 2308 1000 2386 ἐγένετο

220 2393 343 2466 Είλεθίη·
356 2397 384 2454 ού
397 2394 448 2474 γάρ
463 2397 573 2452 ἀπεῖπεν
588 2394 632 2453 τὸν
648 2391 759 2474 Λύρκον.
777 2393 854 2455 Μετά
874 2395 901 2454 δί
916 2402 1000 2456 ταῦτα

222 2481 358 2561 ἀνδρωθείς
374 2482 426 2551 bii
448 2481 576 2560 Ἡμιθέας
596 2482 641 2541 καί
661 2481 766 2562 Λύρκου
785 2482 914 2560 (Βασίλος
928 2487 999 2566 αύτῷ

220 2569 319 2647 ὄνομα)
340 2562 417 2642 ἦλθεν
437 2573 473 2634 είς
491 2569 539 2641 τῆν
562 2569 692 2642 Καυνίαν,
711 2571 757 2629 καί
774 2571 852 2630 αὐτόν
872 2572 1000 2653 γνωρίσας

221 2661 235 2715 θ
249 2659 350 2736 Αύρκος
360 2657 412 2728 ῆδη
425 2656 532 2738 γηραιὸς
546 2655 583 2716 ῶν
596 2657 713 2735 ἡγεμόνα
726 2657 864 2729 καθίστησι
873 2661 925 2717 τῶν
938 2683 999 2742 σφε·

221 2743 302 2823 τέρων
316 2747 395 2804 λαῶν.

261 2835 341 2889 Idem
359 2836 430 2890 ibid.
448 2854 474 2889 c.
498 2855 543 2890 11.
567 2835 638 2891 Vide
661 2835 820 2892 Aristocriti
843 2835 943 2910 fragm.
967 2858 995 2895 α.

260 2919 405 2998 [Adedou
419 2919 541 2998 κτίσις]
552 2923 718 2978 Parthenius
728 2925 808 2978 Erot.
821 2941 847 2978 c.
861 2942 894 2978 αι
913 2943 919 2980 :
932 2925 999 3002 Περί

223 3008 385 3077 Πεισιδίκης.
408 3005 522 3084 Λέγεται
536 3006 564 3066 δέ
584 3007 629 3065 καί
649 3007 692 3065 θτε
704 3005 835 3086 ’λχιλλείις
848 3007 934 3066 πλέων
954 3011 999 3078 τάς

220 3096 356 3176 προσεχεῖς
370 3098 402 3173 τῇ
414 3094 515 3175 ἠπείρῳ
526 3094 619 3165 νήσους
631 3095 747 3175 έπόρθει,
764 3099 907 3175 προσαχεῖν
922 3097 999 3157 αὐτόν

225 3183 331 3263 diotp-
360 3183 420 3240 ἔνθα
445 3181 476 3254 δὴ
504 3182 561 3241 καθ’
584 3181 695 3254 ἑκάστην
719 3184 770 3240 τῶν
796 3182 897 3240 πολεαν
921 3183 998 3244 αὐτὸν

222 3268 327 3329 ἐπιόντα
336 3265 475 3349 κερκίζειν.
490 3267 540 3335 Ὦς
553 3267 580 3326 δέ
592 3271 616 3325 οἱ
627 3267 774 3344 Μήθυμναν
788 3270 915 3335 οἰκοῦντες
928 3269 998 3346 μάλα

222 3360 353 3438 κρατερῶς
367 3358 499 3434 ἀντεῖχον,
513 3355 558 3414 καί
573 3359 599 3414 ἐν
617 3355 703 3432 πολλῇ
717 3352 855 3434 ἀμηχανίφ
867 3346 898 3425 ῆν
914 3353 957 3413 διδ
969 3356 999 3416 τὸ

222 3444 399 3522 μὴδύνασθαι
417 3446 483 3501 ἑλεῖν
506 3443 554 3515 τῆν
575 3443 668 3516 πόλιν,
684 3442 839 3514 Πεισιδίκην
860 3441 918 3501 τινά
933 3446 998 3519 Μη·

221 3532 364 3608 θυμναίαν,
387 3535 432 3588 τοῦ
448 3531 575 3610 βασιλέως
589 3531 733 3611 θυγατέρα,
758 3530 923 3609 θεασαμένην
947 3530 999 3590 άπδ

221 3626 266 3680 τοῦ
280 3619 382 3698 τείχους
396 3616 441 3676 τὸν
456 3617 580 3696 Ἀχιλλέα
596 3619 736 3697 έρασθῆναι
751 3619 845 3694 αὐτοῦ,
859 3617 905 3676 καί
917 3617 999 3684 οὕτως

221 3709 268 3780 τὴν
288 3705 380 3787 τροφὸν
406 3704 625 3783 διαπεμψαμένην
643 3707 825 3784 ὑπισχνεῖσθαι
845 3705 998 3784 έγχειρίσειν

222 3793 355 3875 αὐτῷτὴν
373 3791 462 3864 πόλιν,
486 3791 510 3850 εί
531 3815 561 3870 γε
584 3793 675 3868 μέλλοι
698 3789 778 3862 αὐτὴν
795 3799 905 3869 γυναῖκα
924 3789 997 3859 ἕξειν.

221 3884 256 3945 Ὁ
269 3881 296 3941 δὲ
308 3881 338 3940 τθ
347 3880 395 3958 μὲν
406 3878 558 3958 παραυτίκα
570 3877 826 3956 καθωμολογῆσατο·
840 3878 897 3937 έπεί
909 3879 997 3956 μέντοι

222 3969 349 4049 ἐγκρατὴς
362 3967 461 4032 πόλεως
473 3965 585 4043 ἐγένετο,
601 3965 747 4042 νεμεσήσας
759 3965 802 4023 ἐπὶ
814 3968 852 4046 τῷ
864 3967 998 4046 δρασθέντι

222 4056 401 4137 προῦτρέψατο
419 4054 476 4120 τοὺς
493 4053 656 4134 στρατιώτας
670 4056 832 4112 καταλεῦσαι
847 4056 893 4123 τῆν
905 4054 995 4134 κόρην,

222 4147 362 4220 Μέμνηται
372 4149 416 4202 τοῦ
427 4143 523 4208 πάθους
533 4143 605 4200 τοῦδε
624 4141 669 4200 καί
688 4145 702 4200 θ
715 4140 772 4212 τὴν
791 4140 917 4201 Αίσόου
930 4143 998 4200 κτί-

222 4256 270 4293 σιν
285 4232 395 4303 ποιήσας
412 4232 614 4308 (Apollonius‚
634 4232 711 4288 baud
726 4231 829 4306 dubie]
849 4231 875 4287 έν
900 4231 999 4289 τοῖσδε·

284 4399 375 4448 ’Erotos
387 4397 499 4455 Πηλείδης
509 4397 569 4446 κατά
578 4399 619 4460 μέν
628 4397 697 4446 κτάνε
708 4395 833 4459 Λάμπετον
840 4398 904 4461 ἥρω,

283 4471 310 4518 ἐκ
319 4469 339 4517 δ’
348 4467 466 4518 Ἱκετάονα
478 4469 575 4530 πέφνεν,
585 4469 700 4528 ῖθαγενέος
711 4467 860 4529 Δεπετύμνου

283 4539 336 4588 υἱέα
347 4539 473 4600 Μηθύμνης
482 4553 507 4586 τε
516 4539 556 4586 καί
568 4539 724 4594 ἀλκηέστατον
736 4537 828 4596 ἀλλων,

282 4607 482 4665 αὐτοκασίγνητον
493 4607 640 4666 Ἑλικάονος,
653 4608 726 4655 ένδοθι
738 4606 838 4668 πάτρης,

254 4757 375 4806 Mortuum
392 4767 443 4804 eece
463 4757 599 4817 Lycurgum
617 4753 657 4802 olll
678 4753 770 4803 clrrluc
791 4753 904 4812 tradunt,
923 4751 996 4812 Apol-

222 4833 332 4883 lolberuic
343 4833 421 4890 Elide,
439 4845 488 4894 quo
507 4835 559 4882 lum
576 4844 602 4880 ce
620 4830 886 4891 contulissetntmaeus
901 4830 926 4878 et
944 4829 997 4878 Ari-

220 4916 335 4962 stoxenus
354 4911 468 4962 luctetur
487 4911 561 4961 vilan
581 4923 636 4959 curu
656 4911 733 4959 morlo
751 4911 911 4959 commutate
932 4919 995 4958 usso-

222 4993 285 5040 cuut.
308 4995 312 5004 '

627 335 986 413 ceommundum,
1010 327 1262 400 ltlcflutlnclll
1284 339 1414 401 EUBOEl

1105 469 1200 526 τηλίκου
1210 469 1338 531 ίψιπύλου·
1352 469 1433 532 θαλερὴ
1445 469 1469 518 δι’
1479 487 1515 532 μιν
1527 472 1582 524 ἀασε
1590 475 1674 540 Κύπρις.

1107 541 1135 589 Ἡ
1147 541 1191 603 γάρ
1204 539 1239 588 ἀπ’
1251 539 1351 602 Δίακίδη
1362 540 1434 603 κούρη
1446 542 1523 604 φρένας
1533 545 1632 604 ίττοίησε

1107 609 1243 671 Πεισιδίκη,
1254 609 1292 658 ὅτε
1300 609 1340 658 τόν
1349 625 1376 670 γε
1387 611 1446 671 μετὰ
1455 611 1600 673 προμάχοισιν
1607 615 1690 678 Ἀχαιῶν

1106 680 1185 742 χάρμη
1197 679 1352 740 ἀγαλλόμενον
1364 679 1474 736 θηέσκετο
1480 714 1488 739 ,
1499 683 1568 730 πολλὰ
1576 683 1594 731 δ’
1605 683 1626 740 ές
1636 685 1696 748 lepti

1106 750 1163 811 ἠέρα
1173 754 1251 814 χεῑφας
1262 748 1345 798 ίτεινεν
1356 749 1477 810 έαλδομίνη
1488 751 1606 812 φιλότητος.

1047 869 1112 938 Εἶτα
1124 877 1216 960 μικρόν
1227 877 1343 946 ύπούάς·

1109 1037 1183 1085 Δέκτο
1194 1038 1234 1099 μὲν
1244 1037 1329 1085 αὐτίκα
1338 1037 1393 1085 λαόν
1402 1036 1517 1099 Ἆχαιίκδν
1529 1039 1596 1088 ένδοθι
1605 1040 1682 1105 πάτρης

1107 1107 1246 1169 παρθενικὴ,
1259 1107 1352 1162 κληῖδας
1362 1108 1527 1169 θποχλίσσασα
1537 1110 1639 1171 πυλάων,
1651 1163 1653 1170 ,

1108 1176 1161 1233 ίτλη
1171 1177 1191 1226 δ’
1203 1177 1264 1224 οίσιν
1274 1177 1362 1225 ἰδέσθαι
1374 1177 1397 1226 έν
1407 1178 1542 1240 ὀφθαλμοῖσι
1551 1187 1631 1239 τοκῆας

1107 1246 1189 1308 χαλκῷ
1199 1246 1350 1308 έληλαμένονς
1359 1249 1398 1295 καὶ
1410 1249 1491 1296 δούλια
1500 1250 1571 1312 δεσμά
1580 1255 1685 1312 γυναικῶν

1108 1303 1236 1376 ἑλκομένων
1247 1315 1284 1363 ἐπί
1294 1321 1350 1372 νῆας
1358 1317 1504 1379 ὑποσχεσίης
1514 1319 1624 1380 Ἀχιλῆος,

1110 1385 1168 1446 θφρα
1181 1386 1232 1440 νυὸς
1243 1387 1345 1447 γλαυκῆς
1357 1387 1451 1441 θέτιδος
1465 1390 1544 1442 πέλοι,
1554 1389 1610 1450 δφρα
1619 1393 1638 1438 ol
1647 1391 1685 1438 εἶεν

1108 1449 1210 1508 πενθεροὶ
1221 1449 1343 1508 Αἰακίδαι,
1353 1449 1413 1505 Φθίη
1426 1449 1446 1496 δ’
1460 1450 1484 1498 έν
1497 1451 1591 1510 δώματα
1603 1453 1660 1500 ναίοι

1108 1516 1188 1578 ἀνδρὸς
1197 1515 1305 1578 ἀριστῆος
1316 1519 1398 1574 πινυτὴ
1407 1517 1497 1580 δάμαρ·
1508 1517 1555 1566 οὐδ’
1566 1519 1601 1578 ὄχ’
1612 1521 1683 1580 ἔμελλε

1107 1585 1136 1633 τὰ
1145 1587 1228 1648 ῥέξειν,
1238 1585 1299 1648 θλοῷ
1309 1587 1329 1634 δ’
1338 1586 1491 1644 έπαγάσσατο
1502 1589 1606 1650 πατρίδας
1615 1591 1677 1652 οἰτφ·

1107 1653 1152 1702 ένθ’
1164 1655 1179 1711 ῆ
1192 1655 1214 1716 γ’
1230 1655 1350 1702 αἰνότατον
1364 1656 1438 1717 γάμον
1453 1657 1525 1708 εἴσιδε
1539 1657 1650 1714 [Ιηλείδαο

1109 1723 1214 1786 Ἀργείων
1223 1726 1269 1774 ύπδ
1278 1727 1343 1787 χερσί
1353 1725 1515 1789 δυσάμμορος,
1526 1727 1549 1774 ol
1559 1744 1596 1788 μιν
1605 1729 1691 1788 ἔπεφνον

1111 1795 1227 1856 πανσυδίῃ
1240 1796 1362 1856 θαμενῇσιν
1376 1795 1517 1860 ἀρὰσσοντες
1530 1796 1662 1846 λιθάδεσσιν.

1084 1935 1238 1992 Probabile
1247 1949 1288 1992 est
1297 1938 1404 2010 Canopi
1417 1955 1534 2010 quoque
1546 1938 1663 2010 origines
1671 1953 1787 2008 argumen-
1835 1893 1836 1896 ἰ

1047 2032 1107 2076 tum
1127 2021 1211 2080 luisse
1228 2027 1360 2079 carminis
1378 2025 1548 2080 cboliambis
1561 2023 1719 2096 conscripti,
1732 2019 1790 2094 quud

1046 2109 1158 2164 duobus
1180 2108 1252 2166 locis
1270 2111 1367 2168 laudat
1387 2112 1484 2185 Stepb.
1513 2110 1580 2184 uyz.
1606 2129 1634 2163 v-
1659 2106 1791 2184 lldptlflull
1837 2169 1838 2188 3

1046 2192 1133 2274 χώρα.

1086 2285 1234 2357 Apollonii
1251 2287 1348 2341 nescio
1369 2285 1450 2357 cujus
1473 2281 1717 2359 Ὑπομνήματα,
1734 2281 1792 2335 haud
1838 2334 1839 2344 2

1045 2370 1138 2442 liquet
1167 2371 1314 2442 cujusnam
1338 2375 1462 2446 generis,
1494 2372 1645 2428 laudantur
1670 2371 1697 2424 in
1723 2369 1791 2422 schol.

1044 2457 1142 2532 Apoll.
1161 2460 1257 2515 Rhod.
1270 2461 1301 2528 Ι,
1317 2461 1374 2527 430
1391 2480 1398 2516 τ
1415 2457 1590 2525 Ἀπολλώνιός
1601 2477 1675 2535 φησιν
1688 2457 1710 2512 έν
1722 2452 1795 2531 πρώτῳ

1045 2545 1099 2600 τῶν
1115 2541 1376 2622 Ὑπομνημάτων
1389 2545 1433 2604 τθν
1447 2545 1556 2627 σίδηρον
1575 2544 1626 2603 θπθ
1647 2545 1692 2600 τῶν
1704 2541 1795 2619 ἀρχείων

1045 2629 1146 2708 χαλκόν
1158 2633 1295 2710 λέγεσθαι·
1311 2634 1410 2709 ἀγνοῶν
1422 2631 1462 2693 ότι
1475 2633 1593 2708 μηδέπω
1607 2628 1736 2712 εὑρεθέντος
1746 2622 1797 2690 ulid·

1048 2741 1108 2797 ρου,
1119 2721 1213 2800 χαλκῷ
1226 2722 1357 2801 ἐχρῶντο,
1370 2723 1405 2788 ὡς
1415 2721 1461 2778 καί
1474 2719 1599 2785 Ἡσίοδός
1613 2741 1682 2799 φησι.

1376 2895 1508 2916 4,-

1213 3043 1657 3134 APOLLOTHEMIS.

1084 3223 1228 3282 Plutarch.
1239 3225 1310 3296 Lyc.
1326 3242 1351 3279 c.
1364 3222 1398 3277 31
1418 3242 1425 3276 ε
1438 3220 1607 3291 Τελευτῆσαι
1620 3217 1648 3277 δὲ
1657 3217 1697 3275 τόν
1707 3217 1803 3286 Λυκοῦρ-

1045 3329 1090 3384 γον
1108 3310 1132 3366 οί
1153 3308 1200 3386 μὲν
1219 3310 1245 3366 έν
1257 3307 1345 3388 Κίρρᾳ
1363 3307 1504 3387 λέγουσιν’,
1517 3306 1701 3382 Ἀπολλόθεμις
1719 3301 1757 3372 δέ,
1775 3299 1801 3362 ti<

1044 3386 1125 3457 ’Ἡλιν
1153 3395 1324 3472 κομισθέντα·
1349 3395 1462 3473 Τιμαῖος
1481 3397 1511 3454 δέ
1538 3396 1587 3454 καί
1610 3389 1768 3474 Ἀριστόξενος
1785 3389 1804 3443 ἓν

1045 3484 1139 3564 Κρήτῃ
1152 3483 1367 3545 καταῦιώσαντα.
1379 3486 1511 3560 Scriptor
1531 3485 1648 3541 aliunde
1659 3501 1713 3538 non
1728 3489 1803 3534 notus.

1366 3682 1496 3705 -οοο-

1078 3824 1491 3914 ARCHEMACHUS
1530 3819 1782 3914 EUBOEUS.

1344 4007 1522 4066 uuuutun.

1273 4168 1295 4222 u
1316 4165 1425 4222 neno
1445 4166 1600 4222 runnu.

1419 4330 1442 4365 ι.

1084 4419 1233 4473 Athenaeus
1246 4419 1299 4486 vl,
1320 4435 1351 4491 p.
1369 4415 1443 4484 αδδ,
1462 4418 1488 4471 Α
1509 4432 1517 4472 :
1543 4411 1711 4491 Ἀρχέμαχος
1723 4409 1744 4466 δ’
1757 4407 1815 4480 illd

1045 4502 1117 4580 τρίτη
1137 4501 1269 4562 Εύόοῖκῶν
1284 4529 1296 4553 ι
1310 4502 1431 4561 Βοιωτῶν
1445 4500 1545 4580 (φησί)
1566 4504 1622 4558 τῶν
1642 4499 1691 4570 τὴν
1715 4491 1817 4574 ’λρναίτι

1045 4587 1247 4648 κατοικισάντων
1260 4591 1282 4647 oi
1295 4585 1332 4664 μὴ
1344 4588 1492 4666 ἀπάραντες
1506 4589 1547 4654 εἰς
1559 4587 1611 4658 τὴν
1624 4584 1758 4654 Βοιωτίαν,
1769 4578 1816 4636 ἀλλ’

1250 4785 1300 4845 DE
1312 4783 1431 4845 REBUS
1446 4783 1626 4844 EUBOEAE.

1074 4983 1250 5053 Arclfemucbus
1267 5006 1355 5053 Rerum
1374 5003 1537 5054 Euboicarum
1557 5006 1625 5056 libro
1642 5005 1717 5056 terlio
1732 4999 1820 5051 cenibil:

1045 5103 1055 5126 ι
1073 5087 1108 5132 Ex
1117 5083 1203 5133 ltoeotls
1220 5083 1262 5145 qui
1273 5088 1383 5133 Arnaeum
1393 5083 1571 5146 condiderunt,
1592 5085 1619 5136 bl
1630 5085 1710 5148 quiin
1722 5079 1822 5132 Bteollau
