3842 5726
804 383 1053 446 FRAGMENTA.
1688 407 1725 458 13

132 512 242 568 hrcvitts
273 515 396 586 EunflpH
428 515 506 570 locus
531 525 692 570 contractus
715 527 755 570 esi
780 518 809 570 ib
840 519 907 571 EXC.
955 523 1083 600 ἐθαύμαζε
1098 521 1142 581 χαὶ
1154 523 1320 600 ὑπερηγάπα,
1339 523 1405 586 Ἀλλ’
1417 525 1486 604 ὅμως
1499 527 1543 587 χαὶ
1557 525 1666 611 ‘mm‘
1680 537 1731 592 τῶν

132 604 243 656 loannis
254 604 424 658 Antiocheni
435 621 465 677 p.
483 601 641 677 8491111111.
655 604 696 661 ef.
711 604 859 664 Claudian.
875 608 909 659 ln
955 609 1158 669 ἀπολοσσάντωο
1169 603 1495 694 ἧντῆςκοινῆςαομρορᾶς,
1504 615 1553 684 ἔξω
1564 616 1611 692 μὲν
1621 621 1731 700 εὑρεθεὶς

133 687 264 742 Rufinum
276 691 308 758 l,
329 687 383 744 186
399 709 407 744 :
952 703 1004 756 τῶν
1015 700 1125 770 Ἀθηνῶν
1139 700 1257 776 (πλησίον
1266 700 1316 778 γάρ
1328 724 1377 759 που
1388 703 1513 781 Κορίνθου
1526 704 1665 785 θιέτριύε),
1682 733 1731 766 κα-

954 785 1074 853 τακοπείς
1084 785 1110 844 δὲ
1122 786 1194 866 παρὰ
1204 791 1254 844 τῶν
1267 787 1406 867 βαρύάρων
1417 789 1473 865 ἅμα
1484 793 1535 856 ταῖς
1545 793 1664 860 οἰκέταις.
1678 796 1731 854 Καί

954 879 1037 930 ταῦτα
1051 871 1098 948 μὲν
1112 877 1137 932 ε’ν
1152 875 1203 939 τοῖς
1222 873 1384 948 διεξοδικοῑς,
1401 877 1445 934 ἐὰν
1467 882 1504 958 τῷ
1526 881 1628 955 δαίμονι
1650 883 1728 962 δόξῃ,

953 961 1125 1039 γραρησιται,
1136 961 1164 1017 ού
1175 959 1207 1017 ad
1218 960 1274 1018 καθ’
1286 961 1394 1020 ἕκαστον
1404 963 1508 1042 ἔχοντα,
1519 967 1586 1024 ἀλλὰ
1596 969 1625 1025 τί)
1634 971 1728 1046 κοινὸν,

953 1047 966 1105 θ
977 1050 1031 1105 ἐκεῖ
1039 1047 1195 1128 σαρέστερον
1202 1049 1343 1116 λελέξεται.
1354 1079 1364 1100 α
1379 1056 1438 1109 Hac
1449 1057 1605 1113 Gothorum
1617 1063 1644 1113 in
1657 1062 1731 1118 Grae·

954 1140 1025 1192 ciam
1040 1138 1215 1208 incursione,
1227 1142 1462 1212 Wyttcnbacbins
1472 1147 1521 1216 ait,
1536 1147 1659 1202 Athenas
1673 1171 1732 1204 non

520 827 653 878 Fluctibus
663 832 724 878 auri

188 895 290 956 rapteri
307 899 366 944 sitta
380 899 429 944 tato
443 901 541 960 nequit.
555 903 714 961 Cuicumque
723 899 817 948 rnnatle

188 966 342 1012 contextum
353 969 473 1024 gemmis,
485 970 532 1014 aral
540 967 645 1028 praedia
658 966 867 1026 crtttasutssent,

189 1032 283 1086 Rufino
292 1033 460 1094 populandus
469 1039 540 1094 ernt;
559 1035 710 1098 dominoque
722 1036 838 1094 parebat

189 1105 301 1150 mltum
314 1103 443 1158 leotadus
455 1117 523 1165 noer,
538 1107 676 1155 Atrtaenda
686 1106 780 1153 colonis

183 1172 331 1232 fertilitas.
346 1174 456 1223 Laribus
468 1175 562 1237 pettit,
577 1175 695 1225 detrudet
707 1177 786 1224 avitis

182 1241 295 1302 mm,
312 1247 360 1292 εκ,
953 1237 1046 1298 captas
1057 1244 1128 1293 esse,
1143 1237 1170 1280 et
1184 1228 1230 1280 hic
1241 1227 1380 1300 significat
1391 1230 1548 1304 Eunapius‚
1562 1235 1631 1288 etin
1645 1255 1732 1308 opere

953 1313 1081 1367 Historiae
1094 1315 1228 1368 Romana
1241 1313 1325 1368 susins
1336 1315 1490 1371 declarasse
1505 1319 1628 1394 videtur,
1642 1324 1731 1395 siqui-

953 1400 1018 1454 dem
1034 1399 1094 1470 ejus
1116 1411 1239 1455 sectator
1261 1403 1387 1456 Zosimus
1401 1406 1435 1472 V,
1459 1405 1476 1458 6
1497 1408 1627 1478 copiosus
1648 1412 1733 1464 estin

496 1349 545 1415 61.

167 1471 270 1526 Suidas
296 1490 304 1525 τ
339 1467 563 1543 Ἂμείλικτον,
586 1471 689 1540 ἀπηνῆ,
709 1471 831 1545 ἀκαμπῆ.
850 1471 904 1530 Καὶ

132 1555 350 1630 ἀμείλικτος,
365 1555 544 1635 ἀπάνθρωπος.
560 1557 694 1623 Εὐνύπιος·
709 1584 721 1610 ο
734 1556 824 1624 Ούτως
835 1557 908 1632 ἀμεί-

131 1645 211 1702 λικτοι
232 1633 302 1714 ἦσαν
318 1643 398 1722 dapar
412 1644 481 1700 κατὰ
499 1645 546 1713 τὴν
570 1645 701 1716 ἀλήθειαν,
720 1645 766 1703 καί
790 1645 818 1703 τὸ
835 1645 907 1725 ἔργον

132 1732 221 1808 ἐχώρει
241 1731 471 1810 περιφανέστερον.
489 1757 502 1783 ι
517 1737 643 1810 «Agitur
660 1737 735 1790 sorte
751 1736 786 1791 de
803 1736 908 1791 Ilulino

132 1833 158 1875 ct
169 1823 344 1878 Stelicbone.
359 1846 372 1868 ι
386 1823 518 1876 Borssos.

953 1485 1007 1540 boc
1027 1487 1111 1560 loco,
1126 1487 1226 1542 urbem
1246 1487 1343 1542 divino
1357 1507 1474 1544 munere
1487 1509 1520 1544 ex
1536 1493 1590 1545 isto
1605 1496 1732 1566 periculo

952 1584 1090 1627 servatam
1110 1573 1238 1638 tradens,
1263 1577 1455 1630 circumeunte
1476 1597 1572 1632 muros
1589 1581 1731 1650 Minerva,

954 1671 981 1714 ct
1005 1673 1069 1714 aruo
1090 1679 1139 1716 eos
1161 1671 1250 1716 stante
1274 1663 1381 1718 Achille
1407 1681 1413 1720 :
1438 1682 1561 1736 qnorum
1581 1679 1733 1740 conspectu

953 1750 1095 1820 perculsos
1104 1749 1197 1804 hostes
1208 1750 1391 1824 oppugnandi
1400 1754 1517 1824 proposi
1523 1763 1581 1807 tum
1591 1753 1731 1824 abjecisse.

954 1837 988 1890 At
1012 1837 1058 1890 alii
1083 1846 1191 1890 veteres
1212 1836 1312 1890 urbem
1335 1839 1453 1908 pariter,
1476 1849 1508 1892 ut
1531 1840 1598 1894 alias
1621 1841 1733 1896 Gaurus

495 1967 532 2024 65
954 1923 1055 1991 urbes,
1081 1935 1192 1996 captam
1213 1924 1365 1995 perhibent
1386 1944 1393 1978 :
1418 1944 1543 1998 quorum
1568 1929 1734 1984 testimoniis

537 2012 545 2027 '
954 2012 1082 2064 nituntur
1105 2011 1299 2066 Tillemontius
1324 2014 1371 2086 (V,
1393 2031 1423 2086 p.
1453 2013 1522 2086 188)
1549 2025 1577 2068 et
1599 2016 1733 2072 Corsinus

169 2101 264 2155 Primo
275 2099 392 2155 Arcadii
404 2117 479 2154 arrno
490 2101 637 2156 Alaricbns
646 2121 698 2174 per
707 2103 911 2178 Thermopylas
957 2096 1003 2171 (F.
1020 2101 1078 2154 Att.
1095 2099 1143 2164 lV,
1159 2116 1188 2170 p.
1216 2099 1285 2170 197)
1302 2118 1309 2152 τ
1327 2100 1457 2154 nituntur
1470 2102 1554 2154 etiam
1575 2119 1628 2170 e0,
1653 2104 1734 2174 quod

135 2191 160 2242 in
172 2189 308 2244 Gra-ciam
323 2190 482 2262 irrumpens
492 2191 629 2244 Boeotiam
641 2199 669 2246 et
685 2193 805 2245 Atticam
821 2202 910 2248 vasta.
955 2185 1097 2258 Eunapius
1107 2203 1190 2258 supra
1200 2186 1229 2240 in
1241 2187 1364 2240 lllaximo
1374 2206 1404 2260 p.
1416 2185 1452 2242 52
1467 2188 1537 2242 dixit
1546 2207 1599 2262 per
1609 2190 1733 2245 Alarichi

135 2278 185 2347 vit,
208 2277 342 2350 ipsasque
360 2294 527 2350 oppugnare
545 2294 690 2350 aggressos
713 2289 753 2332 est
769 2281 909 2350 Athenas,
955 2273 1145 2326 incursionem
1170 2275 1300 2345 mysteria
1324 2274 1433 2329 Cereris
1458 2275 1574 2330 Athenis
1601 2293 1731 2348 cessassc;

135 2381 200 2435 quas
218 2364 369 2419 rotabatur
389 2383 453 2419 oum
472 2365 581 2420 Achille
599 2367 736 2424 Minerva,
751 2368 793 2421 De
811 2368 854 2422 his
874 2368 910 2423 ad
956 2376 1095 2432 qnaesane
1111 2349 1271 2414 ratiuncula
1285 2361 1352 2417 levis
1368 2372 1408 2414 est
1423 2360 1459 2414 ad
1478 2359 1563 2416 fidem
1578 2362 1613 2416 de
1627 2373 1734 2420 servata

135 2453 318 2506 ilistoriarum
333 2469 447 2506 1111111111
460 2452 605 2506 volumina
623 2454 764 2525 Eunapius
776 2455 910 2509 lectorem
957 2448 1028 2501 urbe
1051 2446 1215 2501 elevandam
1242 2465 1249 2500 :
1272 2457 1300 2500 et
1320 2446 1423 2502 diserte
1443 2448 1581 2503 refellitur
1599 2461 1734 2523 praesente

134 2539 241 2612 ablegat
252 2541 283 2592 in
294 2541 358 2594 Vita
370 2539 483 2592 Maximi
495 2557 522 2612 p.
535 2539 632 2594 52:...
644 2538 689 2595 καὶ
699 2541 746 2595 οὐκ
756 2540 792 2605 εἰς
806 2540 910 2619 μακράν
955 2534 1021 2588 1000
1043 2535 1181 2607 Eunapii,
1208 2552 1266 2606 11110
1290 2553 1342 2607 Pel*
1364 2535 1451 2590 1111111
1474 2531 1524 2600 iim
1546 2537 1597 2592 11711
1621 2535 1733 2607 ’muttit

135 2625 234 2680 πολλῶν
247 2623 295 2682 καὶ
309 2623 459 2700 dirimens
480 2623 684 2682 ἐπιχλοοθέοτων
701 2629 790 2684 κακῶν
806 2618 857 2706 [aa
877 2627 910 2684 τὰ
957 2621 1125 2688 ostenditur,
1142 2640 1204 2689 eos,
1222 2623 1270 2693 qni
1285 2623 1358 2677 intra
1372 2623 1472 2677 urbem
1490 2626 1659 2694 manserint,
1672 2646 1734 2681 ser-

134 2709 178 2786 μὲν
190 2711 217 2768 ἐν
231 2719 287 2776 τοῖς
298 2709 445 2778 διεξοδικοῖς
454 2713 500 2778 τῆς
514 2709 629 2789 ἱστορίας
639 2711 753 2790 εἴρηται,
764 2713 797 2783 τὰ
812 2713 851 2788 δὲ,
866 2713 910 2772 ἐὰν
955 2719 1034 2763 vatos
1047 2727 1104 2763 esse
1122 2727 1128 2762 :
1145 2707 1182 2762 ad
1199 2727 1282 2781 quem
1294 2711 1389 2762 locum
1407 2711 1449 2764 illi
1463 2711 1515 2763 viri
1530 2730 1589 2766 non
1600 2713 1733 2769 attende-

133 2798 256 2880 ι’τιτρέπῃ
267 2801 297 2857 τὸ
309 2804 386 2871 θεῖον,
396 2797 549 2876 λελέξεται),
560 2797 601 2855 ὅτε
612 2798 766 2879 Ἀλλάριχος
775 2801 842 2880 ἔχων
854 2802 911 2869 τοὺς
956 2807 1033 2851 runt.
1058 2793 1198 2868 Equidem
1219 2795 1297 2849 hand
1319 2795 1418 2850 dubito
1442 2797 1472 2851 in
1492 2796 1603 2868 judicio
1625 2800 1658 2855 de
1680 2801 1733 2856 hae

133 2887 280 2966 βαρὸάρους
296 2887 340 2945 διὰ
352 2891 403 2946 τῶν
418 2889 514 2947 Πυλῶν
530 2889 671 2966 παρῆλθεν,
685 2885 774 2971 ὥσπερ
787 2890 831 2948 διὰ
847 2914 910 2950 στα.
956 2883 1058 2936 Zosimi
1075 2882 1237 2936 narratione
1252 2883 1331 2954 sequi
1348 2881 1421 2936 dnos
1433 2884 1598 2938 novissimos
1611 2883 1671 2954 ejus
1684 2903 1734 2939 an·

133 2977 183 3033 iioo
201 2976 248 3034 ui
268 2975 429 3054 ἱποοοκρότου
448 2975 537 3034 πεδίου
557 2975 667 3054 τρέχων,
692 2977 822 3045 Tarsam
841 2982 912 3060 αὐτῷ
956 2981 1101 3025 notatores
1121 2987 1128 3026 :
1145 2987 1268 3042 quornm
1286 2971 1499 3042 Ileitemeyerus
1511 2989 1575 3025 enm
1589 2991 1654 3032 curn
1675 2973 1735 3027 aliis

134 3062 176 3128 ria
187 3063 274 3130 πύλας
285 3061 402 3128 ἀπέδειξε
414 3065 460 3131 τῆς
470 3061 598 3129 Ἑλλάδος
608 3063 657 3134 ἥτε
669 3067 720 3121 τῶν
730 3063 764 3122 cl
775 3065 840 3146 ραιὰ
849 3068 912 3142 ἱμά.
956 3058 986 3110 in
999 3055 1185 3112 concordiam
1201 3055 1291 3130 redigi
1308 3075 1391 3128 posse
1406 3068 1504 3130 putat,
1517 3069 1549 3112 nt
1562 3060 1656 3118 Attica
1668 3069 1734 3113 tan-

132 3173 171 3206 τια
185 3150 303 3228 ἐχόντων
326 3149 468 3214 ἀκωλύτως
481 3150 770 3230 πρασπαρεισελθόντων
787 3153 909 3224 ἀπάθεια,
958 3158 1016 3200 turn
1030 3147 1127 3219 regio,
1140 3146 1222 3199 salvis
1236 3145 1352 3200 Athenis
1365 3147 1444 3218 ipsis,
1461 3147 1585 3200 bostium
1600 3146 1733 3216 injuriam

134 3231 200 3286 uit
211 3233 266 3288 πῶυ
278 3232 463 3308 ἱεροραντικῶν
475 3233 577 3302 θεσμῶν
589 3231 765 3308 παραρραγιλς
776 3231 853 3306 νόμος
866 3233 911 3292 καί
957 3245 1072 3307 experta
1082 3251 1138 3288 esse
1149 3232 1281 3287 credatur
1293 3251 1299 3289 :
1313 3234 1514 3308 philostorgius
1523 3253 1591 3290 vero
1604 3235 1678 3307 (XII,
1691 3234 1730 3309 a),

133 3315 284 3394 αύτθεαμος.
305 3321 620 3393 PostremisEunapius,
637 3322 911 3393 Wyttenbacbioin-
957 3320 1120 3376 Alaricbnm
1145 3319 1260 3374 intrasse
1283 3318 1407 3374 Athenas
1433 3319 1547 3388 dicens,
1572 3319 1610 3373 ad
1629 3322 1734 3375 Zosimi

134 3417 268 3480 terprete‚
291 3405 433 3480 significat
452 3407 624 3462 Christianos
647 3409 803 3464 monachos
829 3413 912 3466 simul
956 3409 1042 3463 verba
1065 3409 1104 3462 ita
1127 3407 1293 3479 explicetur,
1318 3415 1350 3460 nt
1373 3405 1567 3460 duxbostiurn
1588 3424 1648 3460 non
1669 3425 1734 3460 curn

134 3513 196 3550 rann
205 3495 309 3552 Gothis
318 3514 371 3569 per
379 3495 582 3568 Thermopylas
594 3497 622 3550 in
633 3497 769 3551 Graeciam
781 3498 912 3555 invasisse
957 3497 1059 3570 copiis,
1082 3506 1110 3549 et
1134 3494 1240 3548 loedere
1263 3505 1344 3548 antea
1367 3494 1526 3565 composito
1539 3535 1547 3566 ,
1573 3495 1732 3551 intraverit.

133 3593 159 3636 ct
171 3585 267 3657 patria
283 3585 416 3655 avitaque
431 3585 534 3656 templa
548 3585 689 3638 evertisse.
704 3581 807 3656 (Aliter
824 3587 911 3641 Tille-
958 3586 1082 3657 lleynius
1094 3593 1185 3638 autem
1199 3581 1354 3655 prudenter
1366 3591 1504 3654 monetp.
1517 3581 1572 3646 641
1591 3599 1599 3635 :
1616 3606 1628 3629 ι
1639 3584 1733 3651 Quum

133 3673 242 3726 montl.
259 3672 281 3727 l.
303 3673 340 3738 V,
362 3691 392 3745 p.
411 3671 495 3743 111.)
514 3672 547 3724 In
561 3673 615 3726 isto
631 3673 753 3726 tumultu
766 3673 913 3745 perierunt
956 3671 1104 3728 Christiani
1125 3671 1174 3725 illo
1193 3688 1252 3723 avo
1272 3669 1342 3722 nibil
1360 3669 1429 3738 scre,
1452 3668 1531 3740 quod
1552 3669 1734 3724 memorabile

133 3757 243 3812 Priscus
251 3759 311 3824 ille,
319 3759 424 3812 Juliani
432 3759 499 3812 olim
508 3757 911 3831 lavorepollens‚etPr0terius
956 3769 1036 3826 esset,
1047 3760 1104 3812 sine
1113 3757 1250 3810 miraculo
1263 3754 1368 3808 factum
1379 3755 1539 3826 jactarent,
1554 3755 1732 3810 tolerandum

133 3855 159 3898 ct
169 3846 294 3900 Hilarius
304 3844 432 3916 qnidam,
448 3855 517 3898 teste
526 3847 654 3918 Eunapio
664 3847 693 3898 in
702 3847 763 3900 Vita
779 3847 864 3902 Prisci
877 3867 908 3922 p.
955 3865 1020 3902 sane
1041 3855 1102 3901 erat
1115 3845 1145 3898 in
1167 3843 1342 3911 Gentilibus,
1367 3845 1389 3896 si
1412 3854 1440 3897 et
1462 3843 1503 3895 illi
1524 3861 1574 3898 sua
1596 3845 1734 3898 miracula

132 3931 167 4000 67
186 3951 194 3986 τ
218 3929 275 3990 Καὶ
290 3930 335 3987 iai
348 3937 415 3986 πᾶσι
432 3928 462 3988 τὸ
485 3925 548 4008 βαθὺ
571 3929 750 4009 διαφυλάττων
773 3923 833 4001 ἦθος
856 3933 908 4008 (sc.
954 3933 1142 3990 venditarent.
1157 3933 1348 4001 »Quanquam
1360 3930 1452 3983 inhoc
1462 3929 1635 3984 Athenarum
1644 3948 1732 4001 nego·

131 4021 277 4093 Priscus),
300 4016 345 4074 καὶ
367 4018 450 4094 γελῶν
465 4015 511 4087 τὴν
526 4017 689 4095 ἀνθρωπίνην
704 4017 845 4093 ἀσθένειαν,
860 4029 911 4087 τοῖς
955 4021 1010 4088 tio,
1022 4029 1050 4074 et
1064 4018 1176 4090 objecta
1187 4017 1314 4071 hostibus
1323 4017 1415 4088 specie
1423 4017 1556 4070 Minervae
1567 4025 1594 4069 et
1605 4016 1732 4082 Achillis,

130 4108 177 4172 τῆς
191 4103 322 4170 ‘mdlx
334 4107 446 4182 ἱεροῖς...
462 4104 640 4162 συναπώλετο·
652 4107 755 4164 πολλῶν
765 4106 810 4164 καί
824 4107 909 4166 ἄλλων
955 4109 1079 4162 humana
1089 4107 1200 4161 solertia
1208 4105 1324 4158 valuisse
1335 4113 1425 4176 potest
1439 4104 1547 4175 :qualis
1560 4103 1677 4155 valuisse
1690 4101 1734 4154 di-

131 4194 158 4250 ίν
172 4195 240 4272 τῷδε
257 4197 295 4270 τῷ
309 4191 396 4272 χρόνῳ
410 4197 461 4251 τῶν
476 4191 523 4266 μὲν
535 4191 578 4251 διὰ
591 4193 676 4266 λύπην
695 4192 856 4272 προϊεμένων
867 4195 911 4254 τὸν
956 4199 1029 4251 citur
1044 4197 1177 4268 inspecte
1195 4193 1341 4261 Minervae,
1357 4191 1455 4244 AEtolis
1474 4190 1574 4244 urbem
1590 4191 1732 4243 Pellenam

132 4279 199 4354 βίον,
219 4283 244 4339 ai
264 4279 290 4338 δὲ
305 4279 355 4337 ὑπὸ
373 4283 426 4336 τῶν
445 4277 585 4359 βαρύάρων
608 4280 813 4340 κατεκόπτοντο·
827 4285 853 4341 ἒν
875 4273 911 4349 οἷς
956 4282 1184 4358 oppugnantibus
1207 4278 1334 4349 objecta,
1357 4277 1434 4350 apud
1455 4279 1615 4350 Polyaenum
1639 4275 1739 4352 il'lll,

136 4367 278 4446 ΙΙρστέριύς
299 4389 328 4423 τι
341 4358 373 4438 ἦν
391 4390 429 4432 τις
443 4367 473 4424 ἐκ
494 4367 677 4446 Κεφαλληνίας
694 4372 739 4438 τῆς
758 4368 910 4442 vinemari
957 4367 1009 4446 59)
1028 4381 1055 4425 ct
1075 4369 1258 4425 Plutarchum
1272 4367 1301 4418 in
1320 4369 1407 4420 Arato
1427 4383 1457 4438 p.
1485 4371 1575 4433 rolin,
1598 4365 1732 4437 qui,pro

134 4455 305 4534 ἐμαρτυρεῖτο
319 4455 397 4520 καλὸς
418 4455 463 4510 καὶ
480 4455 574 4532 ἀγαθὸς
594 4447 668 4516 εἶναι.
686 4455 796 4532 Ἱλάριον
817 4455 844 4515 δὲ
865 4457 910 4515 καὶ
955 4461 1081 4514 Minerva
1095 4459 1216 4513 Dianam
1230 4454 1379 4522 exhibens,
1396 4463 1488 4508 cetera
1502 4454 1649 4508 consentit.
1665 4476 1677 4500 ι
1695 4485 1733 4493 -

136 4541 507 4620 δταῦταγρύρωνήπίοτατο,
518 4541 598 4621 ἄνδρα
609 4543 714 4602 Βιθυνὸν
725 4541 772 4618 μὲν
784 4543 812 4602 τὸ
825 4542 909 4619 γένος,
955 4545 1040 4618 Quod
1058 4546 1143 4600 Prisci
1162 4553 1282 4598 mortem
1297 4543 1410 4610 attinet,
1431 4558 1492 4594 eam
1507 4559 1566 4594 non
1585 4541 1609 4594 ei
1623 4538 1659 4592 de
1676 4556 1732 4611 (pua

137 4627 257 4700 ’Atrianus
275 4629 303 4688 di
319 4629 559 4710 καταγηράσαντα,
575 4631 637 4710 πρὸς
651 4629 728 4709 ilai)
747 4633 852 4709 καθαρῷ
866 4635 911 4702 τῆς
956 4634 1101 4705 loquimur
1126 4631 1250 4686 Alaricbi
1274 4629 1427 4684 incursioni
1453 4626 1649 4701 assignandam
1673 4644 1730 4682 esse

140 4715 368 4788 ὒληςπαιὸιίας,
382 4716 592 4798 κατὰγραρικὴν
609 4717 911 4797 ούτωριλοσορήσαντα,
956 4719 1190 4792 Wyttenbacbius
1212 4728 1308 4790 putat,
1329 4716 1378 4771 sed
1401 4716 1439 4771 ad
1461 4717 1560 4788 priora
1586 4724 1728 4785 tempora,

140 4801 260 4863 &meix
273 4807 404 4874 ἐτεθνήκει
414 4809 440 4862 ἐν
451 4807 506 4871 ταῖς
520 4806 618 4864 ἐκείνου
627 4805 908 4885 χιρσὶνὸΕύρράνωρ.
954 4808 1139 4880 chronologia
1158 4807 1220 4859 vitae
1241 4805 1327 4858 Prisci
1347 4813 1455 4871 motus,
1481 4802 1580 4857 referri
1605 4799 1729 4866 mavult,

142 4891 195 4948 tint
207 4895 312 4950 θτπῦτα
323 4893 428 4974 γράφων
438 4892 566 4952 itheriam
578 4894 654 4952 αὐτὸν
666 4893 695 4951 τὸ
708 4895 733 4950 ἐν
743 4893 821 4952 εἴδεσι
831 4893 910 4950 καλὸν
930 4889 935 4958 Ι
955 4897 1089 4969 quoniam
1101 4893 1161 4964 jam
1177 4904 1257 4948 antea
1271 4892 1323 4946 sub
1338 4891 1514 4957 Theodosio,
1532 4888 1651 4942 maxime
1665 4886 1731 4940 inde

174 5141 235 5192 Adeo
245 5143 316 5192 ambo
336 5147 405 5194 erant
422 5157 505 5196 revera
516 5144 685 5206 inexorabiles,
701 5147 726 5196 et
742 5145 832 5195 lacinus
855 5063 921 5194 illud6
923 5063 1008 5196 1111111
1026 5142 1147 5194 illustrius.
