3842 5726
210 339 243 388 rc
819 321 975 384 alilllll’ll
998 321 1180 382 sanulalll

205 455 317 517 Ἐνταθθ
304 463 335 516 θα
353 456 368 514 6
388 481 414 515 τε
432 455 592 536 βασιλευς
565 478 649 512 αυτων
668 477 712 512 και
703 453 799 532 etp
783 453 961 532 αρηὸαροι
908 475 978 532 πρη-
1024 455 1058 517 εις
1071 474 1149 528 μεσον
1161 447 1281 521 ἕλκεται
1296 471 1384 507 παντα
1397 447 1580 528 συμπεραιιοιν
1597 449 1641 506 καί
1654 450 1801 527 καταστρά

205 549 254 612 νεῖς
266 544 423 616 ἐκταθέντες,
435 547 536 623 οἰμωγῇ
548 567 575 601 τε
587 541 689 623 άρθὸνω
699 541 768 598 καὶὸ
755 540 889 620 ὀλοφύρσει
899 562 979 618 προσ·
1026 561 1080 618 ρων
1097 537 1178 596 ἐπί
1154 559 1183 595 το
1198 535 1356 615 σαφέστερον
1377 535 1422 593 καὶ
1437 533 1563 614 εὔκριτον,
1580 533 1649 593 ούτιο
1663 536 1708 594 καὶ
1724 536 1804 601 αὐτὸς

205 629 358 709 ικάχρηντο,
380 631 496 707 δεόμενοι
522 629 603 706 μηδὲν
627 627 752 686 ἀδύνατον
782 627 979 686 ἐπιτάττεσθαι·
1026 621 1709 704 ἐπίπράγμασιναἰμηχάνοιςκαίδυσεξύδοις,μετΗ
1686 629 1803 701 οιμωγῆς

204 718 329 776 ἀδύνατον
345 717 491 784 δδαῦτοῖςε
480 707 545 774 εἶναι
560 715 657 772 καί
619 738 677 782 τους
690 712 816 778 πεσόντας
830 716 976 784 ἀναστῆσαι
1025 713 1148 770 ἁπάντων
1160 710 1208 782 τὴν
1223 711 1271 787 μὲν
1291 709 1394 788 εἰρήνην
1408 707 1612 780 αίτούντων,τδν
1625 707 1803 782 δδέπιζητού-

204 805 248 862 καί
262 807 296 862 6
277 805 375 884 ήρους
387 802 524 863 δαῆναι
485 827 544 870 τους
554 800 778 873 τετελευτηκότας.
794 800 937 876 Ιενομίνης
949 799 977 858 δὲ
1026 821 1101 872 μενον
1115 797 1212 876 ὅμηρον
1233 796 1446 874 ἀπαγορευόντων
1462 795 1500 870 μή
1515 793 1535 852 6
1528 817 1594 874 χειν
1612 793 1655 853 τύν
1668 818 1697 854 τε
1715 796 1803 854 νεανί·

204 897 311 964 σιωπῆς,
322 895 383 949 6
348 915 400 950 των
412 896 446 969 β
430 891 553 971 αρὸάρων
566 887 686 969 βασιλεὺς
697 887 845 958 ἀναθοήσας
857 886 978 965 μίγιστον
1026 907 1087 942 σκον
1101 881 1262 964 παραγαγὼν
1277 881 1375 941 ὅπασιν
1389 881 1467 950 ἔδειξε
1485 884 1625 960 βασιλικῶς
1643 883 1707 962 παρ’
1721 886 1804 941 αὐτοῦ

202 975 302 1050 ὅσον,
291 976 379 1036 Εἴθε
393 976 437 1048 ἔζη
450 1000 508 1052 μοι
519 973 751 1056 ρη,δπαις,ίνα
763 997 804 1032 σοι
814 975 857 1032 δο
844 971 930 1039 olel<
909 997 975 1049 οι·ιη
1025 971 1206 1046 διαιτώμενον,
1222 994 1268 1029 και
1257 970 1500 1048 διαλεχθτναιτω
1516 968 1737 1049 πατρλκελεύσας
1751 970 1803 1028 ὅσα

205 1087 258 1170 ppt,
274 1089 295 1121 ω
277 1053 429 1142 Καῖσαρ,
444 1061 680 1141 δουλείανηύτύχει
700 1065 745 1132 τῆς
761 1063 826 1137 ἐμῆς
845 1061 978 1140 βασιλείας
1025 1059 1161 1128 ἐὸούλετο,
1180 1057 1386 1136 περιεσκόπει
1363 1081 1393 1114 το
1410 1055 1636 1166 πραχθησόμενον.
1654 1055 1695 1114 Τά
1712 1056 1768 1115 66’
1756 1059 1801 1116 επὶ

204 1149 445 1230 εὐδαιμονεστέραν.
470 1151 568 1209 Ἀλλ
560 1149 609 1208 urr6
631 1154 676 1208 σοῦ
696 1149 826 1218 τέθνηκεν,
843 1147 978 1226 ἀτυχήσας
1025 1137 1176 1290 τούτοιςήνῖ
1180 1146 1239 1212 ἀξια
1253 1145 1362 1206 τούτοιν.
1380 1143 1474 1203 οὐνι”’
1459 1167 1545 1202 ετεκεν
1566 1143 1664 1214 δήλιος
1677 1145 1801 1215 τοιαύτην

203 1235 265 1302 ἴσως
281 1237 369 1294 καὶτὸ
393 1241 560 1348 ἀγναηβῆναι.
583 1234 699 1314 Πολέμιρ
720 1233 771 1314 γθιρ
793 1234 927 1292 ἐπίστευσε
950 1235 980 1292 r6
1024 1231 1176 1338 ήμάραηί
1150 1257 1206 1292 οαν
1221 1233 1279 1290 τότε
1297 1231 1354 1302 ἐξῆν
1375 1239 1428 1297 τοῖς
1443 1236 1570 1340 παροῦσιν
1591 1233 1710 1311 δρᾶνκαί
1726 1234 1803 1290 ίσπο-

204 1325 281 1398 σῶμα
292 1323 346 1389 νέος
356 1320 403 1394 ὢν,
413 1323 479 1382 δν
453 1347 485 1382 συ
496 1324 573 1400 μόνον
585 1291 704 1390 ἀντάξιον
714 1321 815 1400 εἰρήνης
828 1321 978 1396 θπολαμύά·
1024 1324 1085 1399 ρεῑν.
1101 1322 1135 1378 Ol
1149 1317 1195 1395 μὲν
1210 1317 1260 1397 γάρ
1271 1317 1323 1375 ἀπὸ
1332 1314 1440 1396 θορύὸου
1451 1339 1496 1374 και
1485 1315 1555 1375 6
1524 1339 1607 1395 ρηνων
1621 1319 1743 1390 ἐκπλήξει
1753 1319 1802 1376 καλ

203 1431 263 1474 νεις.
285 1409 388 1469 liet*
358 1433 412 1482 νυν,
428 1435 449 1468 ω
431 1379 589 1489 βάσιλεῦ,
614 1407 645 1466 σθ
666 1407 714 1484 pte
734 1407 866 1474 ἐξαιτεις
853 1432 888 1474 ως
902 1407 978 1478 ὄντα,
1024 1344 1120 1482 θάμὸει
1141 1405 1333 1470 συνδεθέντες’
1322 1427 1346 1469 ες
1361 1402 1390 1461 τδ
1410 1403 1531 1474 άκίνητον
1546 1403 1728 1480 ἕπάγησανᾎ
1710 1429 1802 1484 ωσπερ

204 1495 255 1570 ἐγὼ
271 1496 292 1553 δ’
302 1496 418 1577 άρχομαι
433 1502 544 1576 θρηνεῖν,
556 1519 669 1575 συνορων
680 1517 737 1552 τινα
749 1517 796 1552 ουκ
810 1493 872 1572 ἔχω.
889 1496 978 1552 Παῖδα
1025 1494 1166 1554 Ἰουλιανοῦ
1179 1490 1350 1559 δειξαντος
1320 1491 1449 1556 αυτσιςου
1468 1490 1511 1548 τὸν
1527 1491 1671 1568 νεανίσκον,
1686 1493 1787 1551 ἀλλ’
1763 1517 1802 1550 ει-

203 1583 253 1661 γθιρ
268 1584 491 1662 ὅδυράμενοςδνα,
504 1581 804 1690 καίκσινήνείρήνην·
775 1581 980 1640 τιῗιπαιδίσυνα-
1024 1581 1113 1638 δωλον.
1129 1576 1203 1638 ‘oit
1220 1575 1354 1656 βασιλεὺς,
1369 1575 1532 1656 ἀπεὶήσυχία
1542 1578 1696 1684 μυστηρίων
1714 1579 1800 1636 ἀπάν-

203 1668 353 1729 πολώλεκα.
368 1669 426 1730 Κδν
441 1629 640 1748 μὲύπιστεύσης
655 1673 707 1735 τοῖς
722 1671 793 1745 ἐμοῖς
808 1665 981 1748 ἀτυχήμασι,
1024 1691 1076 1724 των
1086 1665 1188 1743 ἐγίνετο
1198 1688 1248 1723 στα
1250 1663 1434 1744 θερωτέραμιβ
1438 1661 1572 1744 ρθρθεγς’
1557 1687 1651 1741 αμενος
1663 1665 1798 1742 είςμσον,

203 1755 370 1834 παραμυθίαν
381 1756 435 1835 ἔχει
450 1779 494 1832 μοι
505 1758 534 1814 τὸ
547 1756 653 1822 πάθος’
639 1779 673 1820 ως
689 1754 754 1834 ὑπὲρ
770 1754 893 1813 δπάντων
913 1759 978 1826 ήτυ-
1023 1757 1161 1829 «Τοῦτον,
1174 1745 1254 1824 ε’ίπεν,
1270 1756 1283 1809 6
1298 1751 1345 1828 μὲν
1363 1752 1524 1830 θμέτερος,’
1510 1775 1545 1816 ως
1556 1755 1628 1827 ὑμεῖς
1644 1753 1801 1829 θπολαμθά-

203 1840 309 1918 χηκὸτι·
303 1841 353 1900 ·ἀν
367 1842 393 1900 δὲ
406 1843 567 1922 ἀπιστήσῃς,
578 1841 622 1901 καί
635 1840 723 1918 πατήρ
733 1841 890 1920 ἀτυχῆςκαλ
904 1847 978 1919 βασι·
1023 1865 1092 1914 νετε,
1111 1840 1224 1917 πόλεμος
1238 1840 1407 1912 ἀπολώλεκε,
1430 1838 1486 1904 θεὸς
1506 1837 1533 1895 δὲ
1548 1837 1611 1904 ίσως
1629 1837 1718 1897 καίεο
1730 1837 1801 1899 Ῥω-

203 1927 428 2007 λεθςόρθήσομαι.
438 1929 978 2008 Τοῖςγάράμοῖςκακοῒςούκἀκολουθήσει
1024 1927 1108 2007 μαίων
1123 1926 1222 1986 σε’σωκε
1243 1884 1435 2006 ριλάνθρωπύν.
1450 1921 1557 1990 “elifio
1543 1923 1669 1983 δάοιύτὸν
1688 1924 1800 2005 ὅμηρον,

204 2014 276 2089 μὲνδ
290 2038 327 2072 πα
331 2015 425 2094 ρδιτῶν
438 2017 525 2074 ἄλλων
539 2015 626 2088 ἵλεος,
637 2015 720 2094 ὅσπερ
732 2014 831 2074 ἅπασιν
849 2017 979 2096 δρείλεται
1022 2017 1052 2073 06
1066 2014 1132 2094 παρ’
1144 2017 1218 2122 ὑμῶν
1228 2012 1288 2072 καθ’
1301 2011 1452 2114 ὁμολογίαν,
1463 2011 1530 2069 ἀλλά
1541 2011 1640 2155 παρίιἶ
1625 2035 1670 2071 του
1654 2013 1747 2070 “’πολε’
1736 2036 1800 2122 εμου

204 2102 258 2164 τοῖς
272 2103 298 2158 ἐν
310 2125 433 2168 τοιουτοις
441 2101 628 2175 καθεστηκοσι
639 2101 836 2182 προσκεισονται
848 2101 875 2160 el
887 2105 914 2160 αἱ
924 2125 978 2161 κοι
1022 2099 1111 2160 λαύων
1123 2124 1169 2160 και
1183 2125 1220 2158 τοι
1207 2122 1337 2180 κρατειν
1353 2097 1522 2178 ἀρκούμενος.
1540 2090 1640 2158 ltet6
1611 2123 1625 2157 o
1641 2122 1683 2166 τος
1698 2099 1784 2175 μδν’
1759 2122 1801 2157 ou·

204 2187 246 2244 ναί
236 2210 363 2290 ὐσυμρορ
350 2189 403 2266 ραί.
420 2187 777 2268 Καὶούπαραιτήσομαι
738 2213 797 2255 τους
810 2189 978 2256 άλλουςάτυ·
1023 2187 1092 2254 δενδς
1115 2161 1291 2266 ἀτυχήθιι”
1256 2211 1308 2244 των
1331 2184 1479 2244 καλλίστων
1496 2184 1554 2261 ὅμσί
1573 2185 1687 2254 ξυνών*
1677 2195 1801 2262 υμεῖςε
1772 2187 1801 2244 δε

203 2276 278 2350 χιών,
292 2273 360 2332 ἀλλά
375 2277 503 2334 κοινωνεῖν
519 2279 628 2352 ἐμοί’
592 2299 645 2334 των
660 2277 777 2334 δεινών’
763 2276 979 2354 αναγκάσω,το-
1022 2275 1177 2356 πειρώμενοι
1200 2272 1373 2354 παραὸαίνειν
1399 2271 1447 2339 τδις
1475 2271 1604 2343 συνθήκας
1626 2273 1799 2341 ἀποτεύξεσθε

204 2365 294 2417 σοῦτον
310 2361 448 2419 ἀπολαύων
461 2366 507 2434 τῆς
521 2364 657 2441 βασιλικῆς
671 2361 785 2429 ἐξουσίας
799 2363 859 2420 ὅσον
872 2365 979 2442 ἀτυχεῖν
1022 2362 1137 2421 πάντων.
1155 2361 1233 2438 Φημὶ
1259 2359 1286 2419 66
1301 2362 1351 2440 οὐχ
1364 2359 1404 2418 ὅτι
1423 2359 1571 2436 κολάσομαι
1587 2359 1631 2418 τὸν
1645 2362 1753 2440 ὅμηρον,
1767 2361 1797 2419 δν

205 2445 282 2520 μόνος
298 2447 334 2522 μή
353 2447 488 2508 δύνασθαι.
507 2475 517 2500 ι
532 2449 639 2509 Τούτων
654 2448 783 2507 ἀκούοινθ
799 2447 919 2527 βασιλεὺς
931 2449 979 2520 τήν
1023 2448 1080 2508 οὔτε
1105 2449 1225 2528 ἐνέχυρον
1247 2451 1317 2528 rrrnp’¹
1331 2451 1402 2524 ὑμῶν
1423 2446 1518 2525 είληφα
1543 2451 1590 2518 τῆς
1610 2447 1725 2525 εἰρήνης,
1740 2449 1800 2506 ἀλλ’

205 2555 234 2589 τε
253 2534 340 2612 ψυχήν
356 2533 449 2606 ἔπαθε,
465 2535 511 2593 καί
525 2544 577 2601 τοῖς
593 2533 741 2612 λεγιῖμάνοις
758 2537 876 2601 εὖπαθιῗνς
890 2535 977 2603 ἐξιδά·
1023 2535 1141 2613 ἀνδρείας
1156 2533 1285 2602 ἀπόδειξιν
1298 2537 1356 2592 καθ’
1371 2536 1444 2608 ὑμῶν
1454 2532 1522 2612 ἔχω·
1534 2531 1603 2592 δκαί
1615 2535 1700 2600 άλλως
1710 2535 1799 2592 ἀνισον

203 2642 295 2699 κρυσε.
310 2621 363 2680 Καὶ
375 2621 493 2701 καθάπερ
506 2625 532 2680 ἐν
546 2623 599 2689 τοῖς
608 2623 749 2700 δράμασιν,
762 2620 824 2680 ὅταν
835 2625 871 2690 εἰς
882 2623 978 2702 άπορον
1023 2622 1067 2681 καὶ
1078 2619 1212 2698 θεομισὲς,
1225 2619 1285 2688 τοὺς
1295 2619 1368 2678 ούδίν
1378 2621 1530 2686 ἀδικοῦντας
1540 2619 1605 2701 ὑπὲρ
1616 2624 1668 2679 τῶν
1680 2621 1801 2679 ἀδικούν-

205 2706 249 2763 καὶ
262 2706 386 2767 δύσλυτον
398 2712 425 2767 ol
438 2713 489 2767 τῶν
503 2709 678 2786 ὑποκειμένων
689 2709 771 2789 ἔργων
783 2709 979 2788 πλοκαὶγτιλευ-
1022 2731 1073 2767 των
1097 2709 1199 2766 δάκνειν
1222 2707 1268 2765 καί
1291 2705 1458 2782 σπαράττειν,
1481 2705 1572 2786 ὥσπερ
1593 2707 1626 2766 et
1650 2708 1727 2786 θηρία
1742 2707 1802 2774 τοὺς

200 2791 325 2863 τήσωσιν,
343 2799 357 2852 ὁ
378 2794 541 2872 καλούμενος
561 2795 614 2854 ἀπὸ
629 2799 750 2874 μηχανῆς
762 2795 818 2863 θεὸς
836 2797 978 2862 ἐπεισόδιος
1023 2798 1205 2868 ἀπαντῶντας,
1217 2793 1279 2852 ὅταν
1291 2793 1333 2875 ὑφ’
1345 2793 1440 2874 ἑτάρων
1451 2793 1589 2866 διώκηται·
1602 2793 1710 2854 ἀλλ’ὅτι
1721 2799 1798 2876 πρῶ·

198 2960 343 3008 lestarcutur
362 2964 389 3009 ut
398 2963 475 3022 palam
486 2962 574 3012 laceret
591 2975 652 3023 quos
663 2962 752 3022 vellet,
768 2961 854 3012 iterum
869 2974 925 3011 curn
939 2963 975 3012 lits
1023 2961 1119 3023 quando
1131 2974 1169 3010 ree
1183 2961 1299 3010 involutae
1309 2963 1333 3010 et
1344 2961 1465 3023 perplexe
1476 2960 1505 3010 ad
1519 2961 1630 3024 ambigue
1642 2963 1668 3012 et
1679 2963 1800 3025 explicatu

197 3049 307 3087 sermone
318 3039 486 3102 congrediens,
496 3042 601 3102 ipsorum
610 3040 756 3102 regislilluun
769 3041 842 3104 petil,
851 3053 923 3102 quem
937 3053 975 3090 οε-
1018 3039 1125 3088 difficilis
1138 3042 1252 3101 vergunt,
1265 3039 1372 3102 deiloqui
1383 3043 1481 3088 roratur
1491 3052 1522 3088 ex
1531 3039 1641 3090 machina
1655 3040 1800 3090 inmeritum

198 3112 291 3173 ptivunn
305 3114 328 3162 in
340 3127 384 3163 sua
393 3118 510 3177 potestate
521 3117 637 3176 ilabebat,
651 3117 741 3178 fingens
751 3119 866 3180 tauquam
875 3130 923 3166 non
933 3118 975 3166 Ιιιι-
1018 3117 1130 3179 trahitur,
1138 3117 1178 3178 qui
1188 3117 1268 3166 omnin
1277 3117 1400 3179 componit
1413 3119 1438 3166 ct
1446 3117 1523 3166 tristia
1532 3117 1593 3166 lectis
1602 3121 1681 3168 mutat
1691 3137 1697 3166 :
1708 3118 1741 3167 ita
1753 3121 1799 3168 tu·

198 3189 273 3238 lieret.
284 3190 319 3242 ari
331 3192 547 3252 quebnrlierorurn
557 3193 974 3256 rexetlnrnerlpopcoesjeeeotes,
1018 3193 1107 3254 lienus,
1120 3193 1162 3242 ubi
1183 3207 1221 3243 τεε
1242 3195 1267 3243 iu
1283 3207 1368 3256 magna
1384 3193 1525 3243 difficultate
1539 3194 1704 3256 versabantur,
1722 3209 1800 3257 quum

198 3263 255 3312 lietu
269 3266 334 3328 largo
346 3270 371 3316 ct
382 3268 473 3328 ejulatu
490 3269 536 3330 usi,
549 3268 660 3330 precibus
673 3269 857 3331 contenderunt,
875 3270 974 3333 nequid
1018 3285 1163 3322 omneecum
1172 3272 1228 3321 lletu
1236 3285 1317 3335 pacem
1325 3273 1441 3334 peterent,
1449 3284 1525 3334 neque
1532 3271 1727 3335 obsidem,quem
1736 3265 1799 3334 fiete·

198 3342 326 3403 imperaret
344 3344 533 3408 quodpraestere
552 3347 686 3409 nequirent.
719 3349 767 3396 llcc
783 3347 847 3396 enim
865 3360 891 3396 se
907 3360 975 3410 posse
1019 3349 1206 3406 rct,selnabere
1217 3351 1370 3409 testarentur,
1386 3348 1410 3396 ln
1421 3347 1526 3397 medium
1540 3347 1715 3398 adolescentem
1725 3349 1799 3397 ericiu-

199 3429 241 3466 eos
258 3419 301 3480 qul
322 3421 444 3482 periissent
456 3423 481 3471 in
498 3423 573 3471 vllam
591 3436 716 3482 revocare,
730 3426 754 3472 et
767 3437 807 3473 eos
823 3423 864 3486 qul
886 3426 974 3474 mortui
1018 3428 1085 3474 ctum
1092 3427 1200 3474 omnium
1208 3425 1344 3489 conspectui
1351 3425 1506 3487 utqusoculis
1513 3425 1622 3486 subiecit,
1631 3426 1693 3488 regie
1700 3425 1762 3486 apud
1773 3440 1799 3475 se

197 3495 276 3542 esseut
293 3495 387 3546 obsides
398 3497 463 3547 dare.
496 3499 595 3548 Silentio
608 3500 849 3560 lecto,bnrbarorunr
862 3513 975 3551 rexvooe
1019 3504 1135 3554 hobitum.
1149 3508 1278 3568 Quumque
1296 3517 1352 3553 eum
1364 3503 1478 3552 disserere
1489 3515 1545 3551 cum
1557 3506 1624 3564 petre
1636 3515 1691 3565 quce
1703 3502 1798 3554 volebat

197 3582 271 3630 quam
283 3573 390 3621 inaximo
401 3575 479 3635 potuit
490 3575 635 3625 exclamavit
649 3595 655 3624 ι
672 3593 682 3616 ι
698 3577 795 3626 Utinam
806 3577 898 3626 viveret
913 3577 975 3626 filius
1016 3581 1136 3642 jussisset,
1149 3581 1178 3630 ad
1188 3595 1229 3641 ca,
1242 3594 1297 3644 quse
1303 3581 1415 3642 deinceps
1423 3579 1513 3642 agenda
1524 3581 1606 3639 erent,
1617 3579 1727 3628 advertit.
1737 3585 1798 3638 Quae

197 3657 273 3704 meua,
283 3649 310 3696 ut
324 3647 367 3696 tihi
379 3649 480 3698 traditus
490 3649 567 3711 obses,
577 3664 592 3698 o
601 3654 691 3713 cesar,
701 3651 828 3700 feliciorem
840 3667 912 3714 regno
921 3666 975 3702 mco
1018 3661 1074 3708 sunt
1083 3661 1224 3720 consecuta,
1235 3659 1437 3707 lrisconsentanes
1449 3657 1554 3706 luerunt.
1587 3659 1639 3706 lton
1649 3657 1748 3718 protulit
1761 3657 1797 3706 sol

198 3721 261 3782 apud
273 3723 297 3771 te
307 3725 447 3774 servitutem
456 3727 567 3778 serviret!
579 3728 624 3778 sed
635 3727 683 3777 tuis
691 3728 764 3777 ermis
772 3728 866 3790 cecidit,
877 3730 975 3780 concesse
1018 3734 1081 3783 diem
1093 3735 1170 3796 qualia
1179 3735 1219 3785 illa
1234 3735 1294 3796 luit,
1306 3746 1379 3797 quam
1389 3736 1448 3782 tunc
1463 3733 1543 3782 videro
1554 3735 1579 3782 et
1588 3733 1675 3781 intueri
1693 3733 1743 3792 liis,
1755 3733 1797 3794 qui

198 3799 270 3848 ctiam
286 3812 301 3850 ε
318 3801 387 3852 vobis
405 3817 453 3852 non
472 3805 588 3867 cognitus.
622 3807 680 3858 Belli
692 3808 755 3856 enim
778 3808 889 3870 periculis
905 3822 975 3858 auum
1018 3811 1212 3874 ederent,licuit.
1223 3812 1321 3862 lierbari
1330 3810 1536 3872 enim,emoerore
1545 3812 1570 3858 et
1579 3810 1690 3858 lamentis
1698 3815 1797 3871 stupore

197 3890 285 3939 corpus
291 3879 386 3940 juvenis
398 3883 494 3945 objecit,
505 3897 576 3946 quem
591 3885 702 3936 idoneum
713 3887 778 3948 pacis
786 3887 872 3936 vallem
883 3901 974 3950 censes,
1018 3893 1043 3939 ct
1049 3889 1205 3939 admiratione
1213 3890 1323 3952 correpti,
1332 3887 1541 3938 irnmobllcsetflxi
1553 3889 1671 3936 steterunt
1680 3889 1795 3949 tanquam

197 3956 222 4002 ct
233 3956 259 4003 tu
278 3969 342 4006 nunc
357 3971 423 4019 ειιιιι,
436 3974 451 4009 o
464 3963 603 4022 imperator,
624 3965 739 4025 tanquam
757 3965 835 4024 vivat,
857 3966 972 4026 exposcis.
1018 3967 1128 4017 lulianus
1137 3966 1182 4015 illis
1193 3966 1339 4016 exhibuisset
1347 3978 1395 4014 non
1403 3965 1588 4024 adolescentem,
1598 3963 1638 4012 sed
1649 3965 1732 4014 selsam
1739 3965 1796 4012 inna-

197 4033 247 4092 Ego
262 4045 319 4082 vero
332 4035 403 4084 miser
420 4049 484 4086 nunc
496 4039 598 4100 primunr
615 4041 741 4090 lamentari
752 4040 973 4104 incipio,quando·
1018 4044 1097 4105 ginem
1116 4043 1280 4092 adolescentis.
1315 4045 1346 4092 it
1364 4043 1502 4102 imperetur,
1516 4041 1556 4090 ubi
1569 4041 1691 4090 silentium
1713 4041 1794 4100 altius,

197 4108 294 4168 quidem
308 4112 401 4171 qualem
409 4125 456 4161 non
469 4114 581 4177 habeam,
592 4129 656 4166 nunc
664 4117 880 4180 demumlntclligo
888 4119 974 4168 Filium
1018 4135 1091 4182 quoru
1103 4121 1127 4169 in
1138 4121 1253 4183 mysteriis
1262 4120 1373 4180 solitum
1387 4119 1475 4168 lectum
1490 4121 1555 4178 erat,
1568 4118 1672 4180 graviter
1683 4118 1707 4166 in
1717 4118 1796 4167 medio

197 4185 261 4232 enim
274 4187 372 4238 unicum
382 4190 476 4252 lugens,
488 4193 512 4239 el
526 4205 608 4254 pacem
624 4207 776 4243 communem
795 4208 842 4244 una
858 4209 913 4245 cum
926 4197 974 4246 fillo
1019 4196 1795 4261 loquens,ulluncqurdem,rnqu1tutvosextstlmatrsvestrum

197 4262 298 4323 perdidi
310 4266 334 4314 Sl
346 4269 528 4319 meesmiseries
543 4273 621 4322 tantas
632 4285 682 4322 csse
684 4275 801 4336 ,qusntae
819 4277 884 4333 sunt,
900 4275 973 4324 credi·
1018 4275 1106 4325 bellum
1122 4274 1284 4338 perdiderat·
1296 4273 1404 4323 aeddeus
1413 4274 1513 4322 tortasse
1522 4275 1546 4321 et
1556 4274 1717 4320 Romanorum
1728 4272 1794 4320 beni-

197 4337 274 4398 deris,
284 4340 307 4388 ld
318 4343 486 4394 consolationis
496 4344 592 4396 lrebcbrt
601 4347 669 4396 llolor
671 4348 752 4410 ,quod
766 4350 972 4411 prcomniumss-
1017 4354 1093 4416 guttas
1103 4354 1213 4404 restituit
1248 4351 1486 4414 llnbehoegonpsum
1495 4350 1602 4400 obsidem
1610 4364 1703 4413 nequo
1713 4364 1795 4400 eurus

198 4413 248 4462 tute
264 4415 563 4481 hunccesumsubierjm:
583 4423 619 4472 sin
635 4424 705 4474 tidem
721 4424 854 4486 abrogatis,
871 4429 974 4488 etpeter
1017 4430 1306 4492 vobissxconrenlione,
1316 4427 1478 4480 sedebello'
1471 4441 1536 4490 ipsu,
1549 4431 1677 4477 contentus
1695 4428 1794 4490 vicisse;

198 4489 280 4540 infelix
297 4495 321 4542 et
332 4507 375 4544 rex
386 4498 526 4559 conspicior
558 4501 618 4550 Nem
631 4513 679 4550 non
688 4503 766 4550 solum
778 4503 829 4552 alrrs
846 4515 899 4552 mea
910 4505 973 4555 niele
1017 4509 1120 4558 etillum
1133 4507 1232 4570 quidem
1247 4507 1393 4569 amplissima
1410 4518 1514 4568 quisque
1534 4518 1582 4554 nou
1594 4495 1722 4567 leporem,
1734 4507 1793 4555 rlurn

197 4569 427 4622 commiserationem
444 4587 492 4623 nun
513 4576 657 4636 movebunt,
673 4591 728 4638 quae
748 4569 858 4629 omnibu's
872 4580 973 4631 debetur
1016 4598 1069 4634 men
1078 4584 1357 4634 consuetudinelruetur.
1372 4581 1613 4642 Quodeicouabimini
1625 4595 1640 4632 ε
1652 4581 1794 4632 loedererlis-

197 4645 314 4706 ejusmodi
331 4647 455 4700 doloribus
466 4652 573 4706 elllrctrs
593 4653 635 4703 sed
654 4657 768 4706 accedent
785 4658 858 4707 etiam
870 4659 972 4720 politicae
1016 4662 1109 4722 cedere,
1120 4662 1228 4711 omnium
1244 4660 1362 4722 jucturam
1381 4660 1480 4708 societte
1511 4663 1563 4709 lior.
1585 4657 1639 4708 dico
1659 4671 1708 4708 non
1727 4659 1793 4720 quod

197 4723 355 4774 calamitates·
350 4739 446 4790 ,neque
459 4733 551 4779 ceteros
565 4742 580 4779 ε
593 4733 693 4781 ιιιιεειιιε
703 4732 837 4794 delendam
850 4735 971 4784 acdoorn·
1015 4739 1112 4787 eaeuam
1124 4751 1148 4786 ιιι
1162 4737 1268 4786 obsidem
1271 4749 1363 4799 quem
1374 4736 1439 4799 apud
1458 4749 1497 4786 me
1511 4735 1598 4796 liabeo,
1611 4747 1658 4784 non
1677 4737 1792 4797 tanquam

196 4801 324 4852 municabo
332 4816 464 4856 meascum
475 4810 566 4868 multis,
576 4809 655 4859 lnlnoc
668 4813 837 4874 tentumregie
855 4817 972 4874 potestate
1016 4815 1183 4879 pignuapncis,
1194 4815 1236 4865 sed
1252 4827 1313 4864 inere
1321 4827 1377 4876 erga
1394 4827 1438 4864 ιοε
1446 4815 1542 4864 virtutis
1552 4813 1732 4862 documentum
1752 4816 1794 4862 Est

197 4875 277 4927 truens
279 4881 358 4940 ,quod
371 4882 429 4931 milri
443 4883 486 4932 soli
500 4885 614 4934 nonlicet
628 4886 840 4938 ὶιιίείιεειιιεεεε.ι
858 4893 915 4940 Ηεοο
932 4891 971 4940 ulii
1016 4907 1078 4943 ειιιιιι
1090 4907 1189 4955 implum
1198 4895 1222 4942 et
1231 4893 1329 4942 minime
1339 4893 1499 4954 deogrnturn
1508 4892 1609 4952 eosqui
1619 4890 1677 4940 ιιιΙιιΙ
1688 4903 1818 4938 comme·

199 4955 325 5016 imperator
336 4959 437 5019 audivit,
452 4960 514 5022 apud
526 4961 632 5010 animum
644 4975 715 5011 suurn
724 4970 972 5018 summomoeroreest
1016 4972 1116 5019 ruerunt
1117 4982 1175 5031 ,pro
1188 4948 1235 5019 lata
1230 4983 1271 5032 qul
1265 4969 1443 5031 deliquerunt
1454 4981 1535 5017 morsu
1543 4969 1653 5028 appetere
1660 4967 1684 5015 et
1693 4967 1791 5026 laniare,

196 5030 313 5091 ἀθεσιιιε,
331 5038 355 5084 et
364 5049 447 5086 eorum
453 5052 527 5100 ques
536 5039 600 5089 dicte
609 5043 690 5101 erant
698 5043 903 5094 commiseratione
912 5059 970 5107 pun
1017 5049 1043 5096 ut
1053 5046 1108 5096 lem
1122 5047 1203 5096 bestiae
1217 5043 1582 5108 quicquldooeurrlrelonrlurn
1597 5045 1647 5103 est,
1658 5042 1792 5104 siquisoos

196 5109 259 5171 elna,
269 5111 349 5163 tenere
361 5113 519 5167 illacrimarit.
551 5120 969 5187 Elqusmadrnodumincomoerllis,
1016 5125 1172 5188 persequitur.
1205 5124 1250 5176 secl
1267 5120 1791 5188 primumquiserobisiniliuminjurirela-
