3842 5726
221 397 257 446 38
835 387 990 448 EllNAPll
1013 389 1194 454 saeuiunt

216 519 316 580 ίδία
279 545 336 588 τους
348 519 463 600 πρώτους
478 522 562 578 αὐτῶν
577 517 760 578 ἀπολαύών
729 542 775 588 την
789 541 817 578 τε
827 524 873 578 τοῦ
882 543 990 632 arpocra-
1036 523 1112 604 κύρια
1131 527 1182 583 τῶν
1199 528 1363 605 ψυχικῶνρ
1335 525 1398 584 δ’
1351 549 1451 604 ργανων
1468 526 1587 599 συνέτηξε
1601 551 1645 586 και
1635 527 1813 590 διέκαυσεν

215 609 288 667 πείσυ
305 607 381 688 plen
401 607 498 666 ἐδείκνυ
519 603 686 672 attrebati
689 604 855 684 pigmus
846 611 888 686 η’
902 597 938 664 τίεν
961 605 990 664 τί)
1036 611 1078 669 ἐπί
1100 611 1179 670 δέ
1145 635 1195 670 των
1215 617 1273 670 καθ’
1291 617 1361 689 ἡμᾶς
1383 613 1524 692 ἀνθρώπιον
1549 619 1576 673 αἱ
1599 615 1646 692 μὲν
1668 619 1749 676 alaim
1767 626 1813 677 τοῦ

216 694 451 774 μέγεθσςέιςῦίνος
468 693 668 772 tramitum,
689 691 989 760 antepenultimam
1035 698 1224 845 πσίθουςὸιύθεώ
1227 723 1299 808 ρητοι
1318 702 1395 847 (περδί
1413 701 1527 777 τάέντερ
1530 727 1546 760 α
1562 696 1694 782 γάρῆσαν
1710 705 1814 765 ἅπασαι

215 785 375 862 ἀνασχέσθαι
389 781 434 840 καί
456 783 549 850 τλῆναι
563 777 611 851 τὴν
633 779 700 888 όψιγ,
725 779 782 838 τότε
803 779 938 888 παρελθών
953 781 988 846 εἰς

215 871 363 950 ἀνθρώπους
374 869 443 927 καθ’
429 893 463 936 ως
474 868 568 944 μόλις
559 867 747 976 υριρταμένους
758 867 847 937 τὴνθ’
820 871 888 938 θ,εαν
898 867 928 924 τδ
942 869 1056 944 μὲνπ

213 962 316 1037 πρῶτον
337 960 456 1022 ἐπιεικῶς
478 955 523 1014 καί
539 955 648 1034 μετρίως
661 958 705 1025 τῆς
720 957 805 1034 φωνῆς
825 953 918 1021 αὐτούς
938 954 992 1013 διέ·

213 1069 291 1122 γευσε
305 1045 349 1103 καί.
364 1050 409 1102 τοῦ
428 1043 521 1120 μέλους
537 1041 694 1122 (Εὐριπίδου
714 1043 740 1099 δέ
761 1043 808 1113 τὴν
821 1041 990 1152 Ἀνδρομέδαν

214 1141 279 1194 tnta
282 1135 437 1214 ρίνιτο),πρ
401 1132 498 1192 ποίὼν
507 1130 687 1242 δέσφοδρότερ
688 1130 827 1209 ονῆχησε,
840 1131 991 1236 καίύρῆκεν

215 1217 324 1299 αυθις,ε
313 1214 394 1280 ε’ίτα
383 1221 512 1298 επήγαγιν
528 1219 655 1298 ἁρμονίαν
669 1219 798 1290 σύντονον,
813 1217 856 1275 tal
865 1219 951 1328 ταύτῃ
964 1218 991 1278 δὲ

213 1313 292 1369 πάλιν
305 1312 341 1376 είς
356 1309 402 1379 τὴν
415 1311 537 1386 γλυκεῖαν
550 1328 729 1414 περιηντγκεν.
741 1301 813 1384 Ὦρα
826 1295 881 1362 δέ
863 1328 894 1376 ην
905 1305 992 1384 θέρους

214 1403 229 1456 ὅ
245 1421 269 1456 τι
283 1420 332 1475 περ
349 1395 534 1472 ἀκμαιότατον,
549 1417 593 1452 και
584 1392 675 1451 τοθί
665 1415 755 1472 ατρον
772 1393 919 1472 κατείχετο.
938 1393 991 1454 Καί

214 1485 367 1566 δτραγῳδὸς
381 1483 613 1556 ἀναπαυσαμένους
628 1481 699 1552 ἠξίου
709 1490 775 1560 epila
786 1491 877 1559 φοιτᾶν
891 1481 934 1540 ἐπί
943 1480 991 1552 τὴν

214 1575 339 1652 ἀκρόασιν
353 1572 413 1652 περὶ
427 1571 558 1648 λήγουσαν
575 1570 619 1628 καί
634 1568 821 1650 ἀπογύχουσαν
835 1567 952 1646 ἡμέραν·
967 1573 991 1628 σί

214 1661 241 1720 δέ
262 1661 310 1741 πρὸ
329 1663 380 1717 τῶν
395 1661 480 1718 ποδῶν
495 1659 617 1724 πεσόντες
637 1657 681 1715 καί
696 1654 888 1732 κυλινδούμενοι
906 1655 992 1722 πόσας

215 1749 324 1827 ἀρίεσαν
340 1746 426 1826 perid<
447 1745 549 1821 μήποτε
565 1743 657 1810 αὐτούς
675 1746 853 1823 ἀποστερῆσαι
872 1743 992 1816 τοιαύτης

215 1832 405 1913 μακαριότητος
420 1833 466 1892 καὶ
482 1835 582 1904 ἡδονῆς.
601 1832 732 1892 Ἐνταῦθα
747 1835 760 1889 ὁ
774 1832 905 1910 τραγῳδὸς
919 1831 992 1912 ἀφείς

214 1921 304 1982 ἑαυτὸν
320 1920 363 1979 ἐπὶ
376 1920 423 1990 τὴν
439 1919 536 1990 σκηνὴν
551 1919 596 1977 καί
610 1918 640 1976 τὸ
654 1918 749 1990 ποίθσς,
763 1951 801 1966 -·
814 1918 899 1976 καίτοι
914 1942 942 1995 γε
958 1918 991 1976 τδι

213 2011 323 2069 πλεῖστα
333 2007 476 2086 περιῄρητο
487 2010 533 2075 τῆς
543 2005 688 2111 τραγῳδίας
698 2003 762 2082 πρὸς
772 2005 921 2112 ἀνθρώπως
932 2003 991 2072 ἀξυ-

213 2095 309 2168 νέτσυς,
319 2095 395 2202 ὄγκος
406 2116 434 2152 τε
442 2093 533 2150 zain
500 2097 533 2171 βα
537 2091 612 2170 ρύτης
624 2091 729 2162 λέξεων,
743 2091 823 2149 καί
800 2115 829 2150 το
839 2092 898 2170 περί
908 2097 990 2150 ταῦτα

214 2175 292 2252 ειδος,
310 2181 355 2239 καὶ
373 2184 447 2285 ητσῦ
463 2178 557 2257 μέτρου
514 2177 624 2266 χροίρ
611 2201 661 2258 ρος,
673 2178 702 2236 τό
723 2201 752 2238 τε
766 2182 816 2236 τῶν
831 2181 926 2250 ἠθῶν’
915 2201 992 2257 εναρ-

213 2269 269 2348 γές,
284 2269 325 2338 63⁵
313 2266 405 2326 υτατόν
421 2289 449 2324 τε
463 2291 508 2326 και
498 2265 716 2346 ἐπιρορώτατον
732 2267 797 2332 ιίς’
783 2271 862 2336 ακσῆς
876 2266 988 2336 κίνησιν,

213 2357 257 2416 καί
282 2379 344 2436 προς
367 2353 466 2420 τούτοις
489 2352 519 2412 τδ
539 2352 713 2430 γινώσκεσθαι
733 2351 779 2422 τὴν
800 2353 929 2423 ὑπόθεσιν,
952 2387 992 2396 -

214 2445 271 2503 ἀλλ’
283 2441 353 2520 ὅμως
363 2443 460 2501 τούτοιν
472 2440 595 2501 ἁπάντων
605 2439 801 2518 γεγυμνωμένος
811 2443 835 2506 ἐς
845 2441 947 2498 τοσόνδε
957 2445 990 2520 τῇ

213 2553 241 2588 τε
256 2530 368 2609 εὐρωνίορ
380 2528 425 2586 καί
442 2531 479 2608 τῷ
495 2527 567 2603 μέλει
583 2527 652 2606 μόνῳ
667 2525 870 2602 κατεκράτησεν,
883 2525 952 2584 ὥστε
966 2529 990 2584 σί

214 2616 261 2692 μέν
275 2615 421 2694 ἀνεχώρουν
435 2619 636 2695 προσκυνοῦντες
648 2619 681 2681 ὡς
691 2613 759 2688 θεὸν,
772 2615 816 2672 καὶ
830 2613 862 2670 τὰ
874 2613 991 2690 ἐξαίρετα

212 2707 264 2762 τῶν
276 2703 349 2781 παρσί
360 2725 446 2782 σφισιν
456 2703 542 2768 αὐτοῖς
551 2703 620 2782 δῶρα
633 2700 761 2772 ἐκόμιζον,
771 2701 815 2758 καί
826 2701 870 2758 τὸν
878 2705 988 2758 πλοῦτον

213 2795 227 2851 ὁ
239 2789 369 2872 τραγῳδὸς
383 2789 536 2871 ἐθαρύνετο.
555 2787 631 2850 Meet
647 2788 674 2846 δὲ
688 2789 735 2859 τὴν
749 2788 862 2864 ἑόδόμην
875 2793 920 2859 τῆς
932 2791 990 2846 ἐπι-

213 2879 315 2946 δείξεως
326 2877 427 2955 ἡμέραν
442 2877 545 2952 νόσημα
558 2875 721 2956 κατέσκηψεν
737 2877 772 2943 τίς
785 2875 832 2946 τὴν
846 2875 987 2951 πόλιν,
945 2901 991 2934 και

214 2966 308 3032 ποίντες
321 2968 349 3024 οὗ
359 2963 405 3031 τάς
416 2965 496 3033 λέξεις
506 2967 607 3044 σαρῶς,
619 2965 686 3022 ἀλλά
695 2965 725 3021 τὸ
737 2963 829 3039 μέλος,
840 2966 874 3030 ὡς
884 2963 991 3031 ἕκαστος

213 3045 269 3132 εἶχε
291 3051 424 3128 δυνάμεως
436 3053 479 3110 καί
495 3051 613 3132 φύσεως,
630 3050 786 3122 ἐκόοῶντες,
802 3051 847 3108 καί
861 3051 991 3129 διαρροίας

214 3143 342 3221 ἀκρατοῦς
362 3139 418 3216 ίίμα
433 3137 622 3210 ἐπιπεσούσης,
637 3139 663 3196 ἐν
678 3145 730 3203 τοῖς
745 3145 886 3203 στενωποῖς
906 3160 991 3216 παρε-

214 3227 297 3295 θέντες
315 3227 429 3299 ἔκειντο,
445 3231 531 3293 κακῶς
549 3225 598 3284 ὑπὸ
612 3229 658 3296 τῆς
672 3225 842 3305 Ἀνδρομέδας
855 3223 991 3302 ἐπιτριθό-

213 3339 285 3391 μενοι
316 3315 361 3374 καί
377 3314 498 3395 ἐχηρώθη
513 3337 540 3372 τε
554 3315 653 3393 ἀνδρῶν
665 3311 711 3371 καί
723 3317 853 3392 γυναικῶν
868 3315 885 3380 ἡ
900 3313 989 3384 πολις,

212 3402 279 3463 ὥστε
291 3406 380 3462 ἐκτῶν
393 3403 538 3482 προσοίκων
552 3405 739 3473 ἐποικιοθῆναι.
752 3401 822 3461 Ἀλλ’
835 3399 875 3458 ἐπ’
887 3399 990 3457 ἐκείνων

213 3492 261 3567 μὲν
275 3489 403 3568 ε’ύρωνίαν
417 3513 445 3548 τε
466 3483 499 3562 ἦν
516 3490 684 3548 αἰτιάσασθαι
698 3489 744 3545 καί
766 3489 839 3568 ἀέρος
853 3487 988 3566 ύπερὸοίλ-

213 3583 308 3637 λουσαν
328 3577 489 3656 θερμότητα,
507 3577 525 3647 ἢ
542 3577 571 3634 τὸ
587 3576 663 3652 μελος
683 3575 725 3633 δεδι
738 3581 784 3648 τῆς
805 3579 884 3646 ἀκοῆς
896 3575 940 3632 ἐπὶ
953 3572 987 3630 τδι

1035 787 1081 845 καί
1094 787 1144 845 ύπδ
1159 811 1255 868 γαστερ
1232 787 1355 863 ἀ),
1332 791 1403 847 τοδε
1392 788 1468 847 ὲκαί
1482 813 1553 856 τινας
1568 795 1619 849 τών
1635 794 1682 850 οθκ
1695 795 1813 864 ἀνσητων

1036 895 1098 952 προς
1115 879 1190 932 τοῦτο
1205 873 1378 944 ώλισθηκέναι
1398 877 1445 932 οὐκ
1463 879 1499 942 τίς
1519 876 1629 956 ρυσικην
1650 877 1680 934 ἀν
1696 903 1733 945 τις
1746 881 1816 937 είκό·

1037 985 1100 1036 τως,
1115 963 1176 1018 ἀλλ’
1188 963 1222 1028 εἷς
1233 961 1362 1040 θειοτέραν
1377 961 1507 1040 ἀνενέγκοι
1518 965 1631 1040 κίνησιν,
1648 970 1816 1040 ποινηλατεῖ·

1038 1053 1096 1105 σθαι
1110 1052 1197 1130 σαρῶς
1211 1050 1241 1107 τδ
1254 1050 1423 1128 ἀνθρώπινον.

1080 1141 1243 1213 o'l'ragoedi
1264 1141 1381 1196 historia
1400 1143 1468 1214 quin
1490 1143 1525 1196 sit
1539 1142 1636 1197 eadem
1651 1154 1736 1216 atque
1751 1146 1815 1212 illa,

1037 1243 1122 1298 quam
1135 1238 1230 1280 narrat
1242 1227 1383 1282 Lucianus
1401 1228 1521 1301 (Quom.
1537 1230 1601 1286 hist.
1623 1231 1710 1289 scrib.
1734 1251 1759 1285 c.
1782 1252 1792 1286 1
1806 1233 1814 1306 )

1038 1313 1115 1386 apud
1137 1313 1286 1369 Abderitas
1308 1315 1456 1379 accidisse.
1478 1316 1602 1370 dubitari
1628 1337 1686 1370 nou
1707 1329 1815 1392 potest.

1037 1401 1108 1454 Nam
1133 1410 1161 1454 et
1185 1401 1224 1454 ibi
1247 1412 1310 1455 acta
1335 1412 1376 1454 est
1401 1403 1544 1475 Euripidis
1569 1402 1765 1472 Andromeda,
1790 1417 1819 1460 et

1039 1485 1112 1540 idern
1127 1488 1244 1541 morbus
1262 1487 1381 1557 accidit,
1401 1499 1429 1542 et
1451 1501 1544 1543 cetera
1558 1492 1624 1544 satis
1640 1493 1816 1566 conspirant.

1038 1575 1093 1628 Sed
1115 1574 1184 1630 illud
1198 1577 1319 1629 maxime
1343 1575 1488 1630 dissidium
1503 1585 1557 1650 est,
1584 1578 1663 1650 qaod
1679 1579 1819 1635 Lucianus

1037 1679 1097 1716 rem
1107 1665 1188 1736 ponit
1200 1663 1230 1716 in
1241 1663 1399 1734 Lysimachi
1408 1665 1548 1736 regnantis
1561 1667 1752 1738 temporibus,
1765 1669 1821 1722 liu-

1038 1751 1137 1824 napius
1146 1750 1197 1804 sub
1205 1751 1327 1807 Nerone.
1343 1751 1430 1804 »ltin
1444 1751 1568 1805 libinam
1580 1753 1713 1807 acciderit
1724 1755 1818 1808 'ibeo-

1038 1836 1107 1891 dosii
1123 1837 1297 1910 temporibus
1312 1838 1469 1904 calamitas,
1487 1857 1548 1910 quae
1564 1840 1616 1893 sub
1632 1839 1715 1896 linem
1734 1841 1820 1914 hujus

1037 1925 1186 1998 fragmenti
1199 1936 1447 1994 commemoratur,
1462 1945 1521 1980 riou
1533 1929 1622 2000 liquet
1635 1929 1714 1982 inihi.

1404 2053 1452 2111 55.

1077 2179 1144 2234 Eae.
1161 2179 1204 2231 De
1217 2185 1286 2232 sent.
1300 2196 1330 2252 p.
1345 2196 1414 2246 277,
1431 2177 1488 2246 278
1507 2195 1515 2235 :
1532 2175 1623 2236 Φυλαί
1638 2176 1685 2254 μέν
1700 2177 1750 2258 γὰρ
1765 2183 1820 2238 τῶν

1036 2259 1169 2338 πολεμίων
1183 2259 1231 2331 aba
1244 2259 1328 2340 ἀρχὴν
1341 2260 1526 2332 διεῦεόηκεσαν
1538 2261 1648 2342 ἀπειρσι,
1659 2264 1704 2322 καί
1713 2265 1819 2332 πλείους

1038 2351 1220 2422 ἐπιδιέῦαινον,
1234 2350 1334 2416 οὖδινὸς
1348 2350 1503 2418 κωλύοντος·
1516 2353 1575 2410 ἀλλ’
1589 2355 1615 2412 ἐν
1630 2353 1759 2421 τοσούτοις
1772 2380 1820 2414 κα-

1037 2463 1090 2506 κοις
1067 2438 1186 2518 ”κέρδος
1197 2440 1281 2502 αὐτοῖς
1291 2436 1374 2498 ἐδόκει
1381 2439 1486 2516 γνήσιον
1494 2439 1524 2498 τὸ
1534 2441 1732 2519 δωροδοκεῖσθαι
1743 2444 1819 2522 παρὰ

1037 2529 1087 2584 τῶν
1100 2525 1241 2602 πολεμίων.
1256 2519 1321 2604 Εἶχε
1335 2526 1362 2584 δὲ
1351 2527 1472 2598 ἑκοίστη
1485 2526 1552 2606 ρυλὴ
1566 2527 1623 2607 ἱεροί
1635 2553 1663 2587 τι
1673 2529 1771 2590 οίκοθεν
1783 2532 1820 2588 τὰ

1038 2615 1136 2692 ποίτρια
1149 2613 1369 2724 συνερελκομένη,
1384 2613 1429 2672 καί
1446 2615 1529 2692 ἱερέας
1540 2617 1639 2674 τούτων
1654 2617 1699 2677 καί
1711 2619 1774 2676 [τ’
1736 2642 1817 2696 ρειας

1038 2701 1106 2758 ἀλλὰ
1119 2701 1233 2810 στεγοινιίΙ
1240 2725 1276 2766 τις
1287 2727 1318 2772 ην
1328 2702 1387 2759 λίαν
1398 2726 1442 2760 και
1434 2701 1651 2777 ἀδαμάντινοςὴ
1664 2728 1712 2784 περ
1715 2731 1722 2763 ι
1733 2730 1818 2764 ταυτα

1038 2787 1180 2860 σιωπὴ
1139 2813 1184 2848 και
1199 2793 1249 2846 τῶν
1265 2788 1420 2898 ἀπορρητων
1436 2791 1573 2868 ἐγεμυθία,
1588 2797 1647 2863 ἡ
1621 2792 1647 2850 δὲ
1663 2795 1697 2858 εἷς
1718 2794 1747 2852 τδ
1762 2817 1818 2871 ρα-

1036 2899 1108 2956 νερον
1130 2877 1302 2956 προσποίησις
1321 2876 1365 2934 καὶ
1388 2878 1483 2942 πλάσις
1503 2879 1537 2944 τίς
1551 2877 1597 2948 τὴν
1611 2883 1662 2937 τῶν
1682 2857 1819 2954 πολεμίοιν

1038 2965 1143 3034 ἀπάτην
1165 2963 1333 3040 διηρτυμένη.
1353 2963 1407 3023 Καί
1421 2987 1492 3030 τινας
1510 2967 1546 3031 ὡς
1560 2965 1715 3032 ἐπισκόπους
1729 2971 1818 3025 αὐτῶν

1038 3053 1063 3118 ἐς
1075 3051 1104 3108 τὸ
1119 3051 1314 3127 θαυμαζόμενον
1330 3055 1422 3129 σχῆμα
1435 3054 1669 3120 καταστολίσαντες
1684 3057 1729 3112 καὶ
1740 3079 1817 3135 περι-

1037 3137 1194 3219 κρύψαντες,
1208 3139 1253 3196 καί
1268 3140 1365 3210 πολλῆς
1380 3141 1466 3206 αὐτοῖς
1478 3144 1524 3210 τῆς
1543 3139 1677 3208 ἀλώπεκος
1689 3143 1820 3220 ἐπιχέαν-

1037 3249 1091 3297 τες,
1111 3228 1145 3292 εἶς
1156 3225 1186 3283 τδ
1200 3225 1279 3301 μέσον
1291 3226 1459 3332 προερέοσαν,
1475 3235 1611 3308 πανταχοῦ
1624 3228 1653 3286 τδ
1665 3229 1819 3310 ἀρύλακτσν

1038 3312 1129 3369 eit
1094 3337 1146 3370 των
1167 3313 1459 3420 καταρρονουμένωνρ
1431 3310 1447 3370 ὅ
1461 3337 1513 3372 κων
1531 3338 1584 3395 παρ
1586 3315 1727 3386 ἐκείνοις,
1742 3317 1819 3394 παρὰ

1038 3400 1065 3457 δέ
1077 3409 1129 3464 τοῖς
1142 3401 1277 3479 βασιλεῦσι
1292 3401 1390 3512 σρόδρα
1404 3401 1615 3480 φυλαττομένων,
1630 3405 1802 3482 ὑποτρέμοντι
1805 3429 1820 3467 ς

1037 3511 1081 3544 και
1073 3489 1303 3598 κατασκρυοίζοντ
1305 3511 1339 3554 ες.
1354 3478 1408 3547 'lli
1422 3487 1503 3544 δέ
1462 3512 1507 3545 και
1521 3493 1571 3546 τῶν
1583 3491 1752 3567 καλουμένων
1767 3515 1820 3566 μο-

1036 3577 1124 3653 ναχῶν
1137 3577 1202 3653 παρ’
1216 3575 1302 3641 αὐτοῖς
1316 3573 1401 3651 γένος,
1412 3575 1480 3632 κατὰ
1493 3575 1605 3652 μίμησιν
1615 3579 1666 3634 τῶν
1676 3577 1750 3656 παρὰ
1763 3587 1820 3646 τοῖς

211 3779 317 3842 punienti
337 3779 441 3840 cognitio
463 3780 514 3828 erat
536 3797 542 3827 ι
562 3777 717 3827 nibilominus
733 3778 808 3838 actor,
828 3775 864 3824 liis
877 3775 989 3825 omnibus
1032 3775 1112 3825 nescio
1126 3776 1164 3824 cui
1180 3774 1336 3824 commotioni
1348 3776 1433 3824 merito
1448 3777 1601 3826 tribuendum
1617 3779 1653 3826 est
1669 3797 1675 3826 ι
1692 3779 1749 3840 qiiia
1768 3781 1819 3828 sci-

211 3855 987 3918 destitutus,tantumvaliiitsuaritaterocissolaoueliarmonia,
1033 3853 1088 3900 liuet
1104 3853 1170 3902 iuriis
1187 3853 1321 3914 penatibus
1342 3853 1446 3915 agitetur
1469 3855 1599 3916 aliquando
1623 3856 1730 3905 liumaua
1753 3871 1817 3906 con-

211 3939 239 3985 nt
251 3938 397 3998 spectatores
406 3933 436 3983 ad
451 3947 507 3983 eum
519 3935 670 3982 accurrerent
682 3932 805 3993 instarque
815 3933 921 3982 numinis
930 3931 988 3980 ado·
1031 3929 1098 3980 ditio.

210 4017 304 4072 tarent,
315 4017 502 4073 etsiiaquaeque
520 4011 623 4072 pretiosa
639 4010 787 4069 conterrent,
799 4010 831 4057 ita
848 4013 875 4057 ut
886 4023 912 4058 re
927 4009 989 4057 bona
1398 4013 1442 4062 55,

210 4091 487 4152 tragaedusobrueretur.
498 4091 553 4137 Post
562 4087 689 4149 septimum
697 4089 779 4134 autom
786 4084 916 4134 abactione
925 4086 988 4134 diem
1064 4087 1199 4134 innumerae
1210 4084 1314 4134 bostium
1330 4085 1418 4132 tannae
1435 4085 1551 4147 principio
1563 4087 1653 4137 llumen
1668 4089 1812 4150 tranarunt;

211 4161 309 4217 niorbus
320 4166 404 4215 urbem
416 4165 545 4226 corripuit;
558 4177 608 4226 quo
619 4165 770 4222 stimulante,
781 4176 865 4212 onines
878 4163 988 4211 inclama·
1034 4163 1162 4224 plurumae
1173 4167 1261 4211 sectatae
1273 4163 1611 4224 sunt‚prol1ibenteuemiue;
1625 4179 1709 4214 rerum
1724 4167 1748 4214 in
1759 4170 1817 4222 tan-

210 4246 269 4294 bant
282 4259 330 4294 non
338 4245 387 4306 ipsa
399 4242 496 4305 quidem
504 4241 615 4291 distincte
625 4241 745 4302 tragaedim
754 4241 841 4301 rerba,
853 4240 894 4288 set
907 4253 989 4289 nume·
1033 4240 1064 4288 tis
1075 4241 1143 4288 malis
1152 4241 1292 4301 praeclarum
1308 4239 1395 4288 nostris
1405 4240 1530 4288 videbatur
1547 4242 1655 4301 lucrum,
1665 4242 1757 4292 dumse
1771 4243 1816 4292 do-

211 4335 252 4370 ros
269 4323 402 4370 carminum
422 4333 464 4381 pro
482 4331 526 4368 sua
545 4319 646 4380 quisque
662 4318 776 4366 facultate
797 4321 946 4366 acuatum:
965 4320 990 4366 et
1033 4318 1070 4366 nis
1078 4317 1109 4365 ab
1120 4318 1188 4366 inuste
1199 4318 1319 4380 corrumpi
1337 4320 1482 4380 paterentur.
1501 4321 1606 4380 Singulae
1624 4335 1681 4369 rero
1701 4321 1818 4370 barbaro-

210 4397 281 4448 simul
300 4397 420 4445 diarrhaea
437 4396 573 4444 vehementi
596 4395 746 4453 labelaclati,
767 4393 879 4455 jacebant
900 4393 923 4442 in
945 4395 989 4443 riis
1035 4406 1087 4441 rum
1103 4395 1259 4444 tribussacra
1271 4393 1439 4456 patriasecum
1457 4394 1577 4444 vellebant
1597 4411 1653 4446 eum
1674 4399 1760 4446 tiorum
1783 4413 1817 4447 ex

211 4475 348 4534 exanimas,
370 4474 432 4522 male
448 4473 578 4522 admodum
595 4473 626 4520 ab
638 4471 790 4522 Andromeda
807 4473 897 4521 alllicti.
912 4474 988 4534 Atque
1034 4474 1136 4531 utroque
1145 4485 1203 4519 sexu
1211 4471 1331 4519 ministris.
1339 4474 1384 4520 Sed
1394 4471 1456 4521 enim
1467 4474 1816 4535 allumatqueadamanlinum

209 4553 271 4602 adeo
289 4553 344 4601 viris
354 4553 495 4614 feminisque
505 4552 604 4600 viduata
625 4551 682 4600 urbs
694 4552 753 4610 luit,
775 4553 802 4598 ut
820 4563 873 4598 eain
894 4549 987 4598 tinitimi
1033 4547 1063 4595 de
1075 4548 1169 4596 biseral
1185 4548 1306 4596 silentium
1316 4584 1323 4608 ,
1341 4549 1364 4596 et
1376 4550 1544 4609 mysteriorum
1563 4552 1732 4611 lacilirruilas3
1743 4555 1818 4614 quie·

210 4632 362 4692 frequentare
370 4629 502 4677 debuerint.
514 4638 562 4688 Age
573 4641 629 4676 vero
639 4627 796 4676 illisbarbaris
805 4641 902 4676 causam
911 4627 988 4675 morbi
1032 4625 1091 4687 quid
1098 4640 1155 4673 vero
1164 4627 1311 4674 extrinsecus
1321 4639 1362 4687 per
1369 4627 1564 4676 simulamentum
1572 4629 1723 4692 speciemque
1731 4631 1815 4691 tiebat,

210 4709 282 4757 luisse
292 4707 439 4754 harmoniam
449 4709 558 4766 reputare
569 4705 633 4764 licet,
645 4717 690 4752 nec
701 4703 820 4752 nonacris
831 4706 933 4752 calorem
943 4705 987 4752 im·
1033 4703 1138 4752 idemne
1150 4703 1180 4752 ad
1189 4704 1340 4764 decipiendos
1351 4705 1430 4754 hostes
1439 4707 1599 4767 compositum
1611 4710 1814 4773 elaboratumque

211 4783 346 4844 modicum,
366 4782 408 4844 qui
427 4785 526 4830 cantum
547 4794 589 4842 per
608 4793 678 4828 aures
701 4781 725 4828 iu
749 4780 835 4828 aninam
863 4779 988 4828 facultates
1033 4784 1098 4843 erat3
1112 4793 1185 4843 εοηιιο
1195 4781 1343 4830 Christianos
1352 4784 1433 4831 cuuoti
1443 4783 1606 4844 dicebant‚et
1622 4787 1741 4846 quosdam
1756 4803 1816 4839 suos

210 4861 405 4921 dissolutaque
421 4857 531 4919 perussit.
551 4861 578 4906 lu
599 4863 688 4905 nostrae
710 4869 767 4905 vero
786 4855 864 4903 aetatis
883 4856 987 4903 bomini·
1032 4857 1106 4906 veluti
1120 4857 1241 4918 episcopos
1258 4857 1319 4906 uiiro
1337 4859 1381 4906 isto
1398 4858 1479 4907 babilo
1496 4859 1592 4910 indutos
1610 4863 1762 4924 multamque
1784 4867 1815 4914 iis

210 4938 256 4987 bus
271 4949 355 4984 causas
375 4935 490 4996 passionis
508 4935 577 4983 laeile
597 4946 711 4996 agnoscas
729 4933 836 4982 :etenim
854 4935 947 4981 cunctae
964 4932 987 4981 iu
1031 4933 1186 4994 imposturam
1200 4932 1419 4992 circumponentes,
1433 4933 1456 4980 in
1470 4933 1574 4982 medium
1585 4935 1759 4996 producebant.
1774 4941 1815 4988 Sic

209 5017 293 5062 ventre
305 5014 402 5060 luerunt
419 5014 492 5073 atque
510 5011 589 5070 iniis,
607 5025 661 5073 qua·
678 5010 722 5058 sub
738 5014 820 5058 ventre
836 5011 900 5058 atini.
918 5009 987 5064 Quod
1031 5010 1480 5072 enitudabautoperam,utimprorisos
1487 5026 1531 5061 nos
1540 5014 1702 5075 opprimerent
1712 5023 1814 5079 propter

210 5093 291 5139 autem
301 5090 408 5138 nonnulli
418 5102 515 5152 quoque
524 5102 537 5137 e
547 5102 647 5137 nuntero
657 5102 706 5136 non
718 5087 878 5148 insipientium
895 5086 918 5133 in
930 5100 986 5136 eum
1030 5089 1178 5136 sacrariienta
1186 5086 1249 5148 apud
1258 5087 1311 5136 illos
1319 5088 1416 5150 qiiideiu
1426 5091 1572 5152 contempta,
1582 5090 1644 5152 apud
1655 5094 1815 5154 imperatores

210 5179 291 5216 tasum
304 5167 405 5229 prolapsi
418 5161 984 5226 iueriut,idu0ntauinaturali,quaiudii·iuoe
1031 5164 1112 5210 autem
1124 5163 1218 5212 nostros
1229 5161 1335 5222 religiose
1347 5165 1450 5211 servata.
1470 5167 1527 5211 Erat
1541 5169 1656 5226 pra-terea
1673 5168 1738 5228 apud
1749 5169 1815 5231 ipsos
1870 5169 1874 5176 '
