3916 5728
601 331 787 393 DEMETRH
810 332 1020 394 sartham
1052 331 1301 393 FRAGMENTA.
1700 343 1753 392 titt

151 458 281 538 potiusve<
296 459 347 515 τῶν
362 479 389 514 τε
407 453 532 534 ’Λιγάδων
547 453 632 524 νήσων
648 454 691 512 καί
711 460 754 512 τοῦ
769 456 886 526 Κηναίου
901 454 934 513 ri:
981 461 1112 512 Nostrum
1132 459 1284 530 pertinent.
1306 457 1373 528 Quae
1388 474 1456 511 vero
1477 459 1541 528 sint,
1560 459 1623 512 seiri
1641 460 1759 512 omnino

150 545 241 606 πολλὰ
264 543 409 604 καταδῦναί
433 567 511 624 φησι,
532 542 565 600 τά
586 565 613 601 τε
628 543 712 622 θερμδι
735 543 768 600 τὰ
783 547 808 601 ἐν
823 545 935 624 Αἰδηψῷ
982 546 1090 618 nequit.

151 633 201 692 καλ
215 633 405 710 Θερμοπύλαις
419 631 463 689 ἐπὶ
475 637 543 707 τρεῖς
561 630 662 710 ἡμέρας
675 630 844 711 ἐπισχεθέντα
856 631 935 690 πάλιν
1354 630 1381 688 θ-

152 725 264 801 ρνῆναν,
278 718 312 777 αα
324 718 346 776 δ’
361 721 387 778 ἐν
402 720 514 798 mitid?
528 718 573 776 ααλ
588 721 645 782 ναῖ’
658 717 746 798 ἐαίρας
758 721 936 798 α’ῑναρραγῆναι
1022 730 1116 785 Schol.
1141 730 1282 784 'Iheocrit
1293 730 1322 797 1,
1343 728 1379 793 64
1394 745 1401 785 :
1414 725 1564 804 Δημήτριος
1578 725 1605 784 δέ
1620 731 1635 784 ὁ
1651 729 1759 786 Καλλα-

150 807 360 886 πηγᾶι·Ὠρεοῦ
371 805 398 864 δέ
406 808 435 864 τὸ
445 806 509 886 πρὸς
519 807 636 883 θαλάττῃ
645 809 728 884 τοῖχοι
736 805 780 863 καὶ
788 810 838 864 τῶν
848 807 935 863 οἰκιῶν
980 814 1079 886 τιανὸς,
1105 819 1150 872 τοῦ
1174 813 1311 893 Βριάρεω,
1335 813 1388 881 ἐνὸς
1409 817 1461 872 τῶν
1488 813 1649 886 Κυκλώπων,
1663 816 1759 882 παῖδας

151 897 214 976 περὶ
229 893 386 960 ἑπτακοσίας
396 895 553 968 συμπεσεῖν,
573 893 680 972 Ἐχίνου
695 916 723 951 τι
739 893 784 951 καὶ
800 892 935 972 Φαλάρων
981 899 1099 974 γενέσθαι
1123 902 1235 960 Σηιανὸν
1257 901 1302 960 καὶ
1320 901 1428 974 Αἴτνην,
1448 903 1493 981 ἐρ’
1507 893 1537 972 ἧς
1552 899 1583 959 τὸ
1599 901 1680 977 ὄνομα
1695 904 1754 978 (sc.

152 983 200 1040 καί
224 981 385 1060 Ἡρακλείας
404 985 449 1048 τῆς
467 984 612 1059 Τραχῖνος,
630 984 681 1038 τῶν
699 979 746 1056 μὲν
770 979 837 1039 παλῦ
860 980 935 1058 μέρος
981 989 1069 1043 AEtnae
1083 993 1175 1044 monti
1185 991 1206 1064 ).
1228 993 1359 1047 Ceterum
1374 994 1468 1048 nescio
1484 1010 1520 1047 an
1533 992 1592 1047 haec
1606 994 1703 1065 potius
1714 1012 1761 1048 re·

151 1077 254 1142 πεσεῖν,
268 1068 404 1146 Φαλάρων
426 1067 453 1126 δέ
472 1069 517 1126 καλ
531 1069 557 1136 ἐξ
570 1067 678 1148 ἐδάρους
695 1071 894 1148 ἀναστραφῆναι
906 1067 936 1126 τὸ
981 1075 1097 1131 serenda
1108 1079 1164 1132 sint
1175 1079 1211 1134 ad
1223 1080 1448 1135 Commentarios
1463 1082 1493 1133 in
1507 1082 1704 1148 Theocritum,
1717 1083 1761 1136 si-

152 1157 267 1232 κτίσμα.
284 1154 466 1236 Παραπλήσια
481 1153 509 1214 δέ
524 1155 658 1232 συμθῆναι
670 1155 715 1214 καὶ
736 1159 868 1231 depressi
890 1152 935 1211 καὶ
981 1166 1039 1218 cuti
1052 1183 1085 1220 ea
1106 1185 1168 1238 quae
1185 1166 1318 1241 leguntur
1331 1169 1361 1221 in
1381 1169 1468 1222 schol.
1488 1169 1523 1224 ad
1535 1169 1578 1226 ld.
1593 1170 1662 1237 VII,
1681 1169 1731 1225 151
1753 1190 1760 1225 τ

154 1243 321 1324 Λαρισαίοις·
334 1241 379 1300 καὶ
394 1242 545 1322 Σκάρρειαν
567 1243 591 1301 δ’
606 1245 636 1301 ἐκ
648 1242 773 1319 θεμελίων
788 1245 935 1322 ἀναρριρῆ·
981 1249 1024 1306 τὸν
1042 1249 1218 1330 Πολύραμον,
1233 1251 1260 1318 ὃς
1274 1251 1352 1332 ὤρεσι
1364 1262 1427 1318 νᾶας
1442 1252 1561 1313 ἔθαλλεν.
1577 1255 1589 1332 ]
1604 1257 1629 1312 Τ
1630 1253 1658 1311 δν
1674 1255 1762 1313 Πολύ.

153 1355 216 1404 ναι,
232 1332 278 1390 καὶ
301 1331 446 1388 καταδῦναι
461 1329 573 1406 σώματα
591 1329 683 1410 χιλίων
705 1329 750 1388 καλ
773 1328 935 1388 ἑπτακοσίων
981 1359 1067 1416 We„
1079 1338 1122 1396 τὸν
1141 1339 1275 1398 {idaim
1285 1341 1369 1417 λέγει,
1383 1339 1409 1408 ἃς
1422 1339 1479 1398 ἀντὶ
1489 1341 1566 1399 λίθων
1581 1340 1629 1421 ὄρη
1643 1340 1761 1414 igme„

153 1423 202 1478 οὐκ
217 1420 334 1490 ἐλάττω,
349 1417 473 1497 Θρονίους
485 1418 507 1476 δ’
522 1416 587 1497 ὑπὲρ
600 1418 681 1494 ἥμισυ
701 1420 808 1476 τούτων·
823 1418 895 1494 κῦμοί
908 1441 935 1476 τε
981 1419 997 1492 ἢ
1010 1421 1068 1490 τοὺς
1080 1427 1105 1482 ἐν
1115 1429 1168 1492 τοῖς
1180 1425 1250 1506 ὄρεσι
1261 1427 1361 1501 λίθους,
1376 1431 1411 1494 ὡς
1420 1427 1570 1510 Δημήτριός
1580 1451 1653 1510 φησι.
1665 1463 1702 1473 -
1715 1431 1758 1490 ld.

154 1506 260 1588 ἐξαρθὲν
279 1510 374 1587 τριχῆ,
392 1503 422 1562 τὸ
441 1504 489 1582 μὲν
507 1505 571 1584 πρὸς
585 1505 712 1586 Σκάρφην
734 1507 870 1584 ἐνεχθῆναι
890 1506 936 1564 καὶ
982 1512 1019 1566 ad
1028 1513 1070 1568 ld.
1085 1517 1119 1582 V,
1133 1515 1170 1571 83
1186 1536 1193 1570 :
1209 1514 1359 1596 Δηιήτριος
1369 1515 1396 1572 δέ
1409 1515 1537 1592 Κάρνειον
1552 1515 1595 1573 τὸν
1611 1513 1761 1574 Ἀπόλλωνα

153 1595 277 1676 Θρόνιον,
291 1593 322 1651 τὸ
332 1593 359 1651 δέ
369 1591 433 1670 πρὸς
447 1591 637 1672 Θερμοπύλας,
653 1593 718 1650 άλλο
731 1591 757 1650 δὲ
766 1594 800 1657 είς
809 1591 839 1650 τὸ
849 1593 935 1650 πεδίον
981 1601 1219 1677 προσαγορευθῆναί
1233 1624 1310 1677 φησιν
1324 1601 1432 1661 ἀπὸτοῦ
1452 1610 1563 1680 κρᾶναι,
1585 1601 1601 1659 ὅ
1613 1603 1668 1660 ἐστι
1687 1603 1761 1660 τελέ-

154 1683 203 1748 to<
218 1687 264 1740 τοῖν
279 1684 405 1741 Φωκικοῦ
415 1684 587 1758 Δαρνοῦντος.
606 1680 699 1755 Πηγάς
709 1701 736 1736 τι
747 1683 873 1755 ποταμῶν
890 1679 933 1752 ξη-
981 1706 1035 1741 σοι.
1051 1686 1125 1755 Φησὶ
1138 1685 1205 1768 γάρ,
1219 1692 1255 1754 ὡς
1268 1693 1282 1746 θ
1293 1689 1430 1755 Μενέλαος
1443 1687 1602 1769 στρατεύσας
1616 1691 1653 1755 εές
1664 1686 1761 1762 Ἴλιον,

154 1774 282 1850 ρανθῆναι
295 1769 358 1848 πρὸς
370 1768 470 1846 ἡμέρας
488 1767 573 1839 τινας,
590 1767 633 1825 τὸν
650 1768 676 1826 δέ
691 1767 836 1845 Σπερχειὸν
849 1768 935 1825 ἀλλοί-
981 1770 1079 1843 ηὔξατο
1087 1778 1198 1848 τιμῆσαι
1215 1776 1308 1848 αὐτὸν,
1321 1775 1365 1834 ἐὰν
1376 1779 1481 1856 κραίνῃ.

153 1857 198 1926 ξαι
211 1860 242 1917 so
264 1863 362 1938 ῥεῖθρον
383 1857 429 1914 καὶ
441 1859 551 1927 ποιῆσαι
566 1853 672 1921 πλωτδις
685 1853 730 1922 ed<
744 1855 831 1926 ὁδούς,
849 1855 893 1913 τὸν
908 1855 935 1914 δέ
1354 1873 1370 1929 5

154 1946 286 2025 Βσάγριον
297 1948 359 2003 κατ’
370 1945 451 2015 ἄλλης
466 1946 602 2022 ἐνεχθῆναι
610 1944 755 2022 φάραγγος,
768 1943 812 2002 xci
824 1942 935 2016 Ἀλόπης

155 2033 185 2091 δέ
207 2033 256 2092 καὶ
282 2032 369 2094 Κύνου
392 2032 437 2090 καὶ
465 2031 607 2097 Ὀποῦντος
630 2029 716 2089 πολλὰ
733 2031 936 2102 καταὸλαύῆναι
1021 1980 1315 2041 Lunian'Macmb‘c‘
1337 1979 1498 2054 ¹⁰(p'⁶4¹
1514 1975 1761 2058 Βιάοίίῖᾙέω

981 2072 1035 2126 τιδ
1051 2065 1219 2148 Συρακοσίων
1229 2064 1352 2144 τύραννος
1364 2063 1409 2122 δύο
1418 2064 1462 2121 καὶ
1477 2065 1631 2130 ἐνενήκοντα
1643 2066 1708 2123 ἐτῶν
1718 2087 1761 2140 γε·

155 2122 245 2202 μέλην
258 2113 322 2181 οἷον
336 2120 363 2178 δὲ
378 2120 407 2178 τὸ
421 2119 603 2199 ὑπερκείμενον
620 2119 739 2199 φρούρων
755 2129 807 2176 πᾶν
819 2121 934 2228 ἀναξρα“
982 2156 1088 2232 νόμενος
1099 2153 1220 2214 ἐτελεύτα
1234 2156 1326 2222 νοσῶν,
1341 2151 1497 2230 βασιλεύσας
1509 2151 1691 2227 ἐὸδομήκοντα
1704 2153 1761 2224 ἐτη,

153 2215 252 2319 “im
267 2209 407 2316 :mmm
422 2206 449 2265 δὲ
460 2213 506 2266 τοῦ
519 2206 619 2285 τείχους
635 2212 836 2316 καταίρῗγῆναι,
847 2231 934 2287 μεῖον
984 2239 1074 2321 ὥσπερ
1085 2239 1233 2320 Δημήτριός
1253 2262 1282 2297 τε
1300 2242 1313 2296 δ
1328 2238 1508 2304 Καλλατιανὸς
1523 2239 1567 2297 καλ
1582 2239 1657 2299 ἄλλοι
1670 2239 1759 2315 λε’γου·

153 2321 215 2376 περι
228 2296 256 2354 δέ
279 2297 407 2356 Αλπωνον
423 2292 599 2374 θισμυρορίων
614 2291 694 2350 ὄντων
706 2315 784 2351 πεντε
794 2317 840 2352 και
854 2294 936 2353 εἴκοσι

152 2385 297 2464 παρθένους
318 2380 518 2461 άναδραμούσας
535 2383 572 2447 εἰς
592 2379 690 2460 πύργον
712 2385 762 2440 τῶν
781 2382 934 2460 ἐλλιμενίων
983 2354 1032 2389 ⁶²⁹⁸
1045 2335 1134 2388 Hm
1148 2341 1307 2386 mmmm
1323 2329 1380 2384 ²¹6
1393 2347 1419 2388 ³¹
1434 2329 1464 2384 c·

153 2474 224 2532 κατὰ
234 2471 311 2542 θίαν,
329 2469 451 2534 πεσόντος
467 2473 511 2526 τοῦ
522 2469 637 2544 πύργου,
650 2472 738 2526 πεσεῖν
752 2467 798 2526 καὶ
812 2469 891 2534 αὐτας
901 2472 936 2536 είς

155 2558 202 2629 τὴν
217 2560 362 2617 θάλατταν.
376 2554 489 2630 Λέγουσι
500 2554 527 2612 δέ
539 2554 638 2624 καὶτῆς
649 2553 860 2627 ’λταλάντηςτῆς
873 2579 893 2614 π
910 2556 936 2623 ὸς

155 2646 259 2726 Εύύοίρ
273 2645 307 2703 τά
327 2643 412 2720 με’σα,
427 2642 561 2722 ρήγματος
575 2641 731 2720 γενομένου,
756 2644 881 2701 διάπλουν
894 2579 936 2702 δι’·
1017 2598 1333 2688 DEMETRIUS
1360 2597 1719 2685 ERYTHRAEUS·

155 2735 264 2804 ξασθαι,
279 2731 375 2810 μεταξὺ
388 2733 433 2789 καὶ
449 2734 501 2788 τῶν
520 2729 616 2788 πεδίων
628 2730 683 2788 ἔνια
700 2730 746 2788 καλ
760 2731 839 2810 μίχρι
854 2731 936 2790 εἴκοσι
1022 2758 1206 2830 Βροὲθῃεει,
1218 2757 1252 2822 v,
1265 2751 1312 2823 35,
1322 2754 1481 2810 Demetrio,
1491 2763 1760 2827 mmmmm:

155 2821 269 2882 σταδίων
286 2821 492 2894 ἐπικλυσθῆναι,
514 2817 560 2876 καὶ
581 2815 675 2898 τριήρη
689 2817 746 2876 τινα
759 2821 789 2877 ἐκ
806 2822 858 2877 τῶν
869 2842 935 2877 νεω-
982 2833 1093 2904 Ἕκτος,
1122 2831 1287 2910 Ἐρυθραῖος,
1313 2830 1512 2909 ποικιλογράφος
1538 2829 1682 2909 ἄνθρωπος·
1713 2831 1758 2890 καί

155 2909 218 2991 pius
232 2907 407 2988 ἐξαιρεθεῖσαν
418 2909 571 2986 ύπερπεσεῖν
583 2911 629 2964 τοῦ
642 2905 754 2984 τείχους.
982 2923 1073 2998 ἱστρρ
1083 2919 1134 2976 rx&
1146 2919 1190 2976 καὶ
1205 2919 1329 2998 ῥητορικὰ
1344 2918 1471 2988 πεποίηκε
1487 2916 1586 2995 βιύλία,

531 3042 547 3097 3
1023 3011 1141 3064 AEtatem
1161 3009 1284 3062 hominis
1300 3007 1405 3061 indicat
1424 3007 1523 3062 Suidas
1544 3005 1755 3084 εΤοραννίων...

552 3083 558 3096 ’
984 3093 1144 3170 Ἀμισηνύς.,
1166 3091 1277 3171 γεγονὼς
1298 3091 1342 3151 ἐπὶ
1356 3089 1497 3166 Πομπηίου
1510 3098 1555 3150 τοῦ
1572 3092 1697 3170 Μεγάλου
1717 3093 1763 3150 καὶ

195 3181 330 3257 Stephon.
343 3184 406 3255 Byz.
424 3177 591 3256 τ’λντικύρα,
606 3175 692 3244 πόλεις
704 3175 851 3252 δύο·ἡμία
866 3180 935 3237 Φω-
984 3181 1143 3260 πρότερον...
1170 3180 1386 3259 αἰντεσορίστιοσε
1405 3177 1431 3236 δὲ
1455 3180 1599 3258 Δημητρίῳ
1621 3183 1660 3260 τῷ
1680 3180 1762 3260 Ἐρυ-

154 3269 238 3340 κίδσς,
249 3272 284 3334 ὡς
297 3267 447 3347 Δημήτριος
460 3269 473 3324 ὁ
486 3265 683 3338 Καλλατιανὸς,
698 3268 714 3336 ἠ
727 3264 755 3322 δέ
772 3266 799 3322 ἐν
815 3265 935 3324 Μαλιεῢ·
981 3266 1226 3347 θροιίιρ.-λ1ἰυιιι
1237 3270 1411 3326 Demetrium
1428 3269 1605 3339 Erythraeum
1620 3281 1760 3325 memorat

156 3380 209 3428 σιν,
222 3360 257 3423 ὡς
270 3344 473 3434 Ἀπολλόδωρος.
980 3359 1063 3432 Diog.
1078 3361 1109 3412 L.
1122 3358 1142 3411 i.
1163 3359 1185 3414 i.
1201 3357 1236 3422 84
1255 3375 1261 3414 :
1282 3355 1433 3420 Δωδέκατος
1456 3359 1463 3429 ί
1477 3353 1657 3434 Δημήτριος),
1674 3379 1760 3433 γραμ-

195 3449 323 3504 Fortasse
345 3447 397 3500 alia
419 3443 556 3498 nonnulla
576 3461 691 3516 eorum,
712 3442 761 3497 ubi
776 3443 935 3498 Demetrius
983 3441 1105 3518 ματικὸς,
1118 3441 1288 3517 Ἐρυθραῖος,
1299 3441 1531 3518 πολιτογραφηθεὶς
1546 3445 1570 3500 ἐν
1584 3441 1696 3523 Τήμνῳ.

154 3537 215 3591 sine
235 3535 333 3609 patrias
355 3543 424 3588 nota
446 3531 521 3605 apud
542 3531 714 3604 Stephanum
737 3530 878 3598 laudatur,
900 3530 936 3585 ad
1020 3531 1233 3586 DEMETRIUS
1261 3532 1415 3586 lLIEh'SlS
1439 3542 1584 3604 tamquam
1608 3531 1763 3609 Τρωικῶν

155 3699 304 3760 temporibus
321 3710 363 3760 per
383 3697 500 3746 Graeciam
517 3699 593 3744 totam
609 3693 757 3754 acciderunt,
776 3707 933 3754 enumerans,
981 3695 1168 3756 Thesmophoria
1175 3697 1310 3756 agerentur,
1319 3695 1400 3756 viginti
1411 3696 1518 3758 quinque
1528 3695 1629 3757 virgines
1642 3697 1665 3745 in
1677 3697 1763 3746 turrim

156 3775 290 3826 Lichadnm
302 3775 433 3824 insularum
445 3777 469 3822 et
478 3772 557 3822 cenni
568 3773 655 3820 inuitas
665 3773 744 3833 partes
753 3771 873 3844 demersas
883 3784 936 3820 nar·
982 3770 1007 3820 io
1018 3775 1088 3833 portu
1098 3772 1168 3821 sitam
1182 3772 1304 3834 spectandi
1315 3785 1387 3822 causa
1396 3775 1527 3822 accurrisse
1536 3786 1564 3822 ac
1581 3775 1648 3821 ruina
1658 3773 1730 3823 turris
1741 3774 1764 3821 in

157 3856 210 3912 rat,
222 3855 247 3900 et
264 3853 369 3900 thermas
387 3863 443 3913 ηοω
462 3853 519 3898 suot
530 3849 624 3910 AEdepsi
640 3851 713 3910 atque
724 3849 747 3896 iu
761 3849 936 3910 Thermopylis,
982 3861 1048 3897 mare
1065 3848 1189 3898 decidisse.
1208 3853 1299 3898 Ferunt
1315 3853 1339 3898 et
1356 3851 1501 3910 amiantum,
1516 3863 1570 3910 ques
1582 3853 1618 3898 est
1635 3849 1706 3910 justa
1721 3854 1764 3898 Ευ-

157 3943 199 3992 ρετ
208 3929 316 3980 triduum
326 3931 438 3984 retentos,
449 3939 544 3974 rursum
555 3925 659 3986 hucine,
670 3926 702 3973 ita
711 3925 818 3988 quidem,
827 3929 854 3974 ut
865 3927 937 3976 AEde·
983 3923 1075 3982 boeam,
1093 3927 1194 3986 ruptura
1207 3925 1329 3975 accidente
1344 3926 1447 3975 mediam
1462 3925 1564 3974 navibus
1579 3927 1684 3987 persiam
1700 3927 1764 3976 retia·

156 4019 236 4069 passm
246 4005 298 4054 otiis
310 4004 432 4066 eruperint
445 4003 557 4052 tontibus.
573 4004 603 4051 at
615 4001 669 4052 Orsi
683 4015 779 4050 murum
789 4003 936 4052 maritimum
983 4005 1045 4052 ctam
1053 4040 1060 4064 ,
1068 4017 1165 4066 campos
1172 4005 1245 4054 etiam
1256 4003 1371 4067 quomam
1384 4003 1413 4052 ad
1427 4005 1509 4064 viginti
1521 4003 1596 4052 stadia
1610 4018 1685 4066 usque
1697 4007 1766 4054 iuun-

157 4081 313 4132 etdomosad
324 4081 484 4143 septingentas
501 4079 631 4139 corruisse,
645 4080 736 4140 Echini,
749 4079 903 4128 Phalarornm
913 4084 938 4130 et
983 4079 1064 4140 datos,
1076 4084 1100 4129 et
1108 4081 1229 4131 triremem
1237 4081 1382 4144 qrraudame
1395 4081 1475 4129 cavati
1487 4081 1592 4129 ahiatam
1601 4093 1674 4143 supra
1683 4095 1766 4132 muros

157 4159 280 4209 iterantem
293 4159 426 4207 Trachinius
440 4169 550 4217 magnam
566 4155 698 4204 concidisse
714 4159 822 4217 partem,
838 4157 938 4206 Piraisrs
983 4155 1105 4206 decidisse.

157 4236 265 4286 funditus
284 4248 334 4284 esse
344 4247 435 4282 eversa.
453 4233 544 4282 similis
562 4233 667 4282 evenias
680 4233 843 4282 hauniensihus
854 4239 878 4283 et
892 4238 937 4284 La·
1363 4233 1388 4281 3.

156 4313 245 4372 risoeis3
256 4312 426 4374 etscarphiam
439 4310 624 4359 eiundamentis
634 4309 772 4372 subrutam,
785 4313 810 4359 et
818 4311 938 4362 demersos
1015 4313 1126 4372 anticyra
1142 4313 1216 4362 aiters
1230 4315 1266 4361 est
1277 4311 1388 4362 Phocidis
1400 4312 1473 4373 rrrhs,
1493 4315 1521 4362 ut
1542 4313 1677 4362 Demetrius
1688 4313 1766 4363 caiis·

158 4391 267 4438 homines
279 4389 343 4438 mitis
352 4387 505 4450 septingentis
517 4399 564 4436 non
575 4388 713 4448 pauciores,
725 4387 885 4436 Throniorum
900 4389 936 4438 di·
982 4389 1061 4438 tianus
1073 4391 1119 4450 sit,
1132 4391 1207 4439 attera
1223 4391 1287 4453 apud
1300 4391 1423 4440 Matienus
1436 4394 1485 4454 cst,
1505 4395 1533 4441 ut
1554 4393 1713 4455 Apollodorus
1728 4396 1765 4442 te·

157 4469 255 4516 midiam
269 4471 360 4530 partem
374 4467 461 4515 horum
476 4470 501 4516 et
517 4467 636 4529 amptius:
651 4465 793 4516 achacium
808 4469 937 4518 excitatum
983 4467 1067 4515 statur.

156 4547 288 4606 trifariam,
300 4545 368 4606 cujus
379 4557 426 4594 uos
439 4559 493 4607 pars
504 4545 533 4593 ad
543 4545 666 4608 Scarphen
677 4549 701 4594 et
710 4547 840 4595 Thronium
850 4547 937 4609 dotata,
1361 4546 1387 4594 4.

157 4624 233 4673 attera
248 4624 280 4672 sd
297 4623 482 4686 Thermopylas,
499 4622 569 4671 tertis
586 4623 609 4670 in
627 4635 738 4683 campum
755 4637 831 4686 usque
847 4624 877 4673 ad
890 4629 938 4674 iic·
1015 4623 1150 4672 Demetrius
1161 4624 1307 4674 calistianus
1319 4626 1422 4688 Briarei,
1438 4627 1548 4676 uniusex
1561 4625 1718 4689 cyclopihus,
1736 4628 1766 4677 li·

157 4703 292 4764 phnuntem
308 4701 427 4751 Phocidis.
440 4703 527 4750 Fontes
538 4714 634 4762 quoque
649 4700 775 4750 huminum
788 4716 829 4764 per
847 4704 939 4766 aliquot
984 4699 1053 4748 heros
1067 4713 1117 4749 esse
1131 4700 1164 4749 ait
1179 4702 1290 4751 Sicanum
1301 4705 1324 4752 et
1337 4705 1447 4765 AEtnam,
1462 4703 1492 4752 de
1505 4717 1554 4764 qua
1565 4707 1634 4753 AEtca
1647 4717 1765 4754 monsre-

157 4778 640 4840 dissintssesiccatos;Spercheumaiveo
650 4780 802 4828 mutatorias
810 4781 939 4832 reddidisse
984 4779 1053 4826 etius
1065 4780 1110 4825 ffli-

157 4855 462 4918 nevigahiiss3130agrium
487 4855 618 4917 percitam
640 4855 772 4906 decurrisse
791 4859 938 4921 convallem
1361 4867 1387 4916 5.

158 4934 257 4996 aiopcs,
268 4935 329 4996 cyoi
340 4937 365 4985 et
378 4937 481 4996 opuntis
490 4935 579 4983 muitas
588 4936 667 4995 partes
677 4935 759 4984 icesas:
774 4939 848 4986 OEum
858 4941 939 4987 autem
1017 4943 1089 4992 iiiero
1109 4947 1281 5007 Syracusarum
1299 4949 1414 5010 tyrannus
1431 4948 1481 4996 duo
1497 4951 1521 4998 st
1542 4949 1671 5010 consputa
1691 4961 1768 4999 αοποι

158 5011 299 5074 castelium,
310 5013 374 5074 qnod
386 5025 457 5074 sopra
474 5012 556 5060 orbern
568 5013 641 5061 situm
652 5014 710 5074 rua,
721 5016 799 5064 totum
814 5029 939 5078 eversum,
985 5025 1056 5072 natus
1070 5023 1155 5074 morbo
1166 5025 1240 5074 vitans
1249 5025 1340 5088 tinini,
1349 5031 1376 5077 ut
1389 5027 1523 5078 Demetrius
1534 5026 1683 5078 caihtianus
1691 5029 1716 5077 et
1727 5027 1768 5077 alii

158 5091 252 5151 partem
263 5091 326 5139 muri
339 5091 427 5140 Eiatooe
437 5089 569 5140 concidisse
585 5109 590 5138 ι
602 5093 626 5140 et
636 5092 699 5152 apud
717 5091 850 5155 ΑΙροαιιιιι,
863 5109 939 5168 ¹(pirum
985 5101 1090 5153 tradunt.
