3830 5720
237 341 293 390 tiu
636 325 797 389 JOANNIS
820 325 1115 388 arlaunbibbsts
1144 325 1429 387 FRAGMENTUM.

235 462 420 543 παραδίδωσιν,
435 459 522 540 Ὅπερ
534 459 715 520 ἁπάντωντῶν
728 461 778 520 οπο
792 461 934 522 ’ίουστίνου
945 485 1012 540 πρα-
1062 461 1134 540 αὐτῷ
1141 459 1188 529 τλν
1197 457 1259 532 ὅλην
1266 463 1312 518 τοῦ
1324 458 1439 534 πολέμου
1449 457 1583 532 διοίκησιν,
1597 459 1670 542 ἄνδρα
1678 467 1797 529 τοῖςπολε-

234 551 346 630 poturos
359 548 433 629 παρὰ
444 548 488 607 τον
503 553 549 620 τῆς
563 549 697 628 βασιλείας
706 550 798 628 χρόνον
810 547 915 630 ἄριστόν
926 573 954 607 τε
969 547 1013 607 καλ
1061 554 1145 622 μικοῖς
1156 548 1254 622 ἀγῶσιν
1262 545 1419 627 ίντραρίντα
1427 592 1434 618 ,
1443 546 1546 616 ἡλικίας
1559 547 1584 605 δὲ
1593 550 1616 614 ἐς
1628 555 1696 608 τοῦτο
1705 550 1797 628 ἥκοντα,

234 643 259 704 ἐς
279 637 312 696 τίν
333 637 448 714 μάλιστα
473 637 601 716 σωτήριον
624 636 770 713 douleusis,
786 637 915 696 πλείστων
930 636 1013 696 σίτιον
1059 639 1094 704 ῶς
1104 637 1172 714 μήτε
1181 637 1224 696 διὰ
1234 637 1353 710 νεότητος
1366 638 1517 718 προπετείᾳ,
1527 637 1591 714 μήτε
1601 638 1640 696 td
1652 640 1727 719 γήρως
1736 647 1798 701 οσον-

235 729 338 803 οίγαθῶν
347 733 399 790 τοῖς
411 723 553 801 Ῥωμαίων
566 723 656 802 γε’γονε
670 725 817 804 πράγμασι.
828 723 1013 806 Βουλευορίνῳ
1059 725 1115 804 νείᾳ
1130 747 1154 783 τι
1165 725 1307 805 σφαλῆναι.
1325 724 1505 790 Ἰουστινιανος
1518 717 1611 802 μίνοῶν
1625 725 1688 784 κατὰ
1698 725 1738 798 τὴν
1748 729 1799 786 deine

234 815 260 871 δὲ
275 811 389 893 Τιὸερίιρ
411 812 444 870 τὰ
465 811 581 890 παρόντα
601 811 754 892 ίρρωμίνως
768 813 853 873 ίδόκει
872 817 923 872 τῶν
943 836 1012 891 προ·
1059 814 1094 879 ῶς
1102 811 1216 891 τάχιστα
1224 811 1388 892 ἀφικόμενος,
1402 816 1448 882 τῆς
1458 813 1510 870 τῶν
1521 818 1678 892 στρατιωτῶν
1686 817 1800 890 εὐκοσμίας

235 902 345 978 γμοίτων
360 899 558 970 α’ντιλαὸίσθαι,
571 899 608 974 μὴ
623 899 669 958 καί
681 923 706 958 τι
718 899 803 980 ίτερον
817 900 957 970 ἀνήκεστον
971 900 1014 977 pt·
1059 899 1144 957 τεκαὶ
1157 898 1422 975 τοίξοωςὶιτεμελιῖτο.
1435 898 1591 979 Τιὸίριοςδί
1605 904 1617 958 ὁ
1634 903 1727 980 Καῖσαρ
1738 925 1800 981 στρα·

235 1011 369 1060 νηται.....
382 987 482 1060 σώζειν,
495 986 539 1045 καὶ
548 985 593 1054 τίις
602 987 685 1065 ορμίις
697 987 765 1066 opi..
776 985 803 1046 δὲ
813 987 897 1067 ταύτῃ
910 986 1013 1046 δοκούν·
1059 985 1117 1044 ento
1125 988 1172 1045 οὐκ
1185 986 1275 1060 ὀλίγην
1289 986 1358 1046 κατὰ
1373 986 1490 1059 σπουδὴν
1502 985 1640 1065 incipero,
1652 989 1692 1046 καί
1702 988 1738 1046 ld
1750 1013 1801 1047 ταν-

233 1099 296 1152 των,
324 1074 449 1156 πρότερον
476 1073 574 1140 ...εικίς
596 1073 732 1154 Θεόδωρον
761 1078 812 1133 τῶν
838 1078 864 1134 ίν
891 1073 1012 1154 Ἀρμενία
1059 1071 1190 1144 τὸιίςτὴν
1204 1079 1248 1134 τοῶ
1258 1073 1374 1150 πολέμου
1391 1074 1564 1154 παρασκευὴν
1586 1076 1802 1154 ίπονεῖτο,χρτμα’-

233 1163 396 1242 πραγμάτων
414 1159 589 1239 ἡγησάμενον,
610 1161 710 1226 πολλάς
736 1185 764 1220 τε
788 1160 834 1219 καί
853 1160 943 1241 ίτίρας
965 1163 1013 1220 οὐκ
1059 1183 1110 1219 των
1123 1160 1171 1238 μίν
1183 1161 1289 1242 ἄπειρον
1303 1163 1412 1242 ἀριθμὸν
1427 1162 1566 1238 διανέμων,
1581 1167 1732 1242 στρατιωτῶν
1743 1165 1803 1222 δὲτὸ

234 1253 338 1328 οἶρονιῖς
357 1247 439 1328 ἀρχὰς
454 1248 663 1324 διοικησάμενον,
683 1247 760 1325 λόγου
779 1270 807 1306 τε
821 1249 916 1314 ἱκανῶς
934 1246 1012 1324 μετί-
1059 1247 1198 1326 κράτιστόν
1210 1271 1238 1308 τε
1252 1249 1297 1308 κοιλ
1311 1249 1501 1328 μαχιμώτατον
1511 1252 1538 1308 ἓν
1552 1259 1603 1316 τοῖς
1618 1250 1694 1309 ibeo
1709 1253 1804 1327 συναγεί-

233 1359 314 1415 χοντα
337 1337 381 1394 καί
397 1334 426 1394 τὸ
439 1334 495 1394 δίον
509 1336 619 1393 συνιδεῖν
633 1325 662 1393 sd
684 1335 756 1409 μάλα
777 1335 956 1412 δεδυνημίνον,
977 1339 1012 1402 ιἰις
1060 1357 1121 1414 ρων,
1146 1333 1190 1392 καλ
1203 1335 1298 1396 ,πάντα
1312 1337 1370 1395 λίαν
1386 1339 1518 1413 ἐπιμελῶς
1531 1339 1557 1404 ἐς
1575 1337 1617 1395 τὸν
1634 1337 1753 1414 ἐπείγοντα
1765 1338 1804 1395 πί-

233 1422 292 1490 τοὺς
305 1423 451 1503 βαρὸοίρους
465 1423 607 1500 ἐκπέμπει,
631 1421 700 1480 κατὰ
717 1427 795 1482 τοῦτο
809 1419 840 1491 δὴ
863 1421 893 1480 τὸ
906 1445 1011 1499 νενομι-
1059 1424 1139 1498 λεμον
1153 1422 1342 1498 διανοούμενος.
1357 1421 1438 1483 Οὕτω
1459 1423 1485 1482 δὲ
1507 1422 1603 1481 τούτων
1614 1423 1751 1502 προϊόντων,
1770 1422 1805 1480 καί

235 1510 328 1587 σμένον
343 1511 377 1569 τά
395 1533 423 1568 τε
438 1510 503 1590 ἄμμ’
523 1511 601 1569 αὐτὸν
619 1508 768 1590 πραχθίντα
790 1510 886 1580 δηλῶν,
908 1509 1012 1568 καὶτὸν
1061 1513 1106 1568 τοῦ
1127 1514 1220 1588 καιροῦ
1234 1513 1317 1582 τῆςίε
1338 1509 1425 1590 ὀλίγον
1445 1509 1619 1589 γεγενημένης
1637 1513 1807 1588 α’νακιογῆςπε·

234 1595 356 1678 Χοσρόην
375 1599 401 1664 ἐς
419 1597 562 1675 δισλλαγλς
586 1597 739 1676 προτρέπων
766 1595 841 1656 ίίνσιι.
862 1599 959 1677 Μικρῷ
985 1596 1013 1656 δί
1060 1595 1222 1676 ραεωοέντος,
1234 1596 1337 1676 Πέρσαι
1350 1596 1396 1674 μὲν
1412 1598 1480 1656 κατὰ
1496 1598 1623 1677 τὸΔείρας
1638 1597 1733 1662 inumb<
1742 1620 1805 1654 συνσ-

234 1685 339 1764 ίίστερον
354 1684 399 1742 καί
416 1687 441 1753 ἐς
456 1685 503 1758 τὴν
518 1685 585 1744 ίῶοιν
602 1683 726 1750 ὡσαύτως
738 1683 868 1760 ἐκπέμπει
884 1684 952 1742 κατὰ
965 1683 1012 1742 τιί-
1058 1683 1189 1762 γείραντες
1207 1684 1409 1756 Κωνστοιντίνης
1426 1685 1527 1752 πόλεως
1539 1687 1700 1766 ἀφικνοῦνται
1710 1683 1808 1754 πλησίον,

233 1795 278 1851 χος
293 1773 473 1833 Ἰουστινιοινὸν
484 1777 528 1832 τοῦ
541 1774 678 1850 Γερμανοῦ
688 1771 770 1828 παῖδα
782 1815 789 1841 ,
804 1778 856 1838 τοῖς
867 1769 1013 1848 πατρικίοις
1058 1777 1103 1830 τοῦ
1118 1771 1206 1852 Λάρος
1221 1773 1375 1853 ἀφεστώσης
1389 1776 1414 1840 ἐς
1440 1773 1564 1850 δυόμενον
1576 1772 1646 1844 ἥλιον
1659 1770 1758 1838 σταδίοις
1773 1773 1806 1828 b-

233 1865 279 1930 τῆς
299 1859 444 1936 συγκλήτου
464 1861 559 1938 βουλῆς
581 1857 845 1936 ἐγκαταλελεγμίνον,
870 1857 1012 1938 ἐπιτρίψας
1058 1857 1198 1929 νενήκοντα
1212 1859 1257 1918 καὶ
1269 1861 1456 1939 τετρακοσίοις.

233 2039 291 2089 pore
306 2025 365 2088 epit,
380 2025 452 2074 rebus
462 2025 575 2074 Romanis
588 2025 717 2074 multarum
729 2023 860 2073 utilitatum
872 2036 943 2072 causa
960 2024 1012 2073 luit.
1058 2037 1103 2074 nus
1116 2025 1207 2074 bellicis
1228 2026 1350 2076 laboribus
1367 2027 1513 2088 innutritus,
1532 2039 1610 2090 eoque
1627 2029 1726 2087 ternpore
1737 2023 1809 2082 oleis,

234 2103 373 2152 Delibersns
381 2105 463 2153 aulem
476 2101 506 2150 de
520 2102 629 2163 praesenti
642 2101 752 2150 Tiberius
765 2104 847 2151 cursor
860 2101 952 2161 statuit,
968 2101 1013 2150 tor·
1057 2103 1160 2164 quoiam
1171 2115 1214 2152 neo
1224 2103 1466 2165 temeritateJuvenlli
1476 2117 1555 2166 noque
1565 2099 1811 2152 intirmitalcscnectutls

234 2181 290 2230 liter
299 2179 470 2241 rempublicam
479 2191 610 2240 sumsere,
621 2177 716 2241 nequid
728 2177 914 2239 ullrndagitlum
924 2177 1013 2228 aeside·
1057 2179 1115 2240 quid
1136 2184 1256 2242 peccatur.
1277 2183 1313 2230 lta
1331 2181 1416 2230 iuuere
1429 2181 1539 2230 celeriter
1550 2182 1658 2230 conlecto
1674 2180 1698 2228 in
1709 2179 1811 2228 orientem

234 2259 307 2306 τοί...
316 2269 425 2317 serunrc,
434 2257 507 2317 atque
516 2255 619 2314 impetus
632 2253 788 2302 barbarorum
798 2253 956 2316 comprimere
958 2287 1011 2302 ......
1058 2269 1133 2317 quum
1146 2258 1265 2316 renimet,
1278 2258 1384 2306 militum
1400 2257 1430 2307 ad
1441 2257 1552 2307 ordinem
1570 2257 1755 2319 disciplinamque
1766 2255 1813 2302 reia·

234 2337 269 2384 sie
280 2335 348 2393 visis,
359 2335 452 2397 prius...
463 2333 615 2384 Theodorum
633 2333 752 2393 legionum
767 2345 809 2394 per
820 2333 957 2382 Armenium
966 2332 1012 2380 du·
1059 2331 1188 2382 rendorum
1196 2347 1280 2383 euram
1293 2335 1403 2397 suscepit
1413 2331 1812 2394 simulsibuiucceeumnuam

234 2427 298 2472 cem,
313 2412 443 2474 multisque
452 2412 504 2462 aliis
513 2411 628 2473 imperiis,
646 2423 723 2472 noque
737 2409 878 2472 ignobilibus
890 2409 934 2460 illis
943 2447 950 2470 ,
960 2409 1013 2458 iun·
1059 2425 1147 2474 paucas
1156 2413 1238 2462 sedulo
1252 2413 1376 2475 urbmlsit,
1384 2414 1416 2463 ab
1425 2413 1565 2478 bellumque
1574 2413 1707 2464 ranisersum
1720 2411 1814 2459 instruen-

233 2498 313 2552 ctum,
324 2493 413 2554 quique
420 2490 527 2540 doctrine
535 2489 661 2538 liberaliter
672 2488 777 2538 imbutus
785 2489 843 2550 quid
853 2491 914 2538 esset
925 2501 955 2538 ex
968 2501 1012 2537 usu
1057 2490 1116 2540 dum
1127 2493 1205 2541 tolum
1216 2505 1242 2542 sc
1251 2492 1330 2553 dedit,
1338 2493 1494 2554 peormiarum
1505 2495 1529 2542 si
1539 2492 1760 2548 ininitadistributa,
1768 2487 1814 2536 mili·

234 2571 365 2632 intelligere
377 2571 467 2632 optime
478 2571 583 2632 poterat,
594 2569 656 2630 legat
669 2567 698 2617 ad
707 2567 834 2627 barbaros,
848 2568 951 2628 trtiuula
959 2579 1013 2616 con·
1058 2570 1122 2620 libus
1133 2571 1274 2620 firmissimis
1291 2574 1364 2634 alpurc
1380 2572 1515 2622 firmissimis
1532 2586 1564 2622 ex
1580 2571 1685 2622 οετοιιήσ
1700 2566 1814 2622 conductis,

234 2649 384 2699 suetudinem
391 2649 525 2711 principum
532 2661 587 2710 qum
595 2648 626 2697 ibi
634 2647 926 2710 evenissentsiguiioaret,
935 2646 1014 2708 adque
1057 2649 1169 2697 omnibus
1179 2648 1304 2710 diligenter
1313 2649 1444 2700 admodum
1455 2651 1480 2698 in
1495 2663 1584 2711 uergens
1598 2649 1685 2699 bellum
1696 2643 1815 2696 mustitutis.

234 2729 380 2779 simultatem
399 2725 588 2789 componendam
610 2727 739 2776 chosroem
760 2725 905 2774 hortaretur.
930 2726 1014 2775 Paullo
1059 2729 1121 2774 Dum
1133 2725 1186 2774 bno
1196 2727 1230 2774 sio
1244 2729 1368 2788 gerrmtur,
1379 2726 1489 2776 brevium
1504 2727 1656 2776 induciarum
1672 2729 1766 2784 tenpore
1782 2733 1814 2768 tt·

235 2807 287 2868 post
296 2805 353 2854 item
371 2805 396 2854 in
412 2804 534 2854 orientem
548 2804 672 2852 confestim
689 2803 763 2852 mittit
777 2802 938 2852 iustinianum
954 2805 1013 2854 Ger·
1058 2807 1126 2865 octo,
1137 2807 1214 2854 Pcrsae
1225 2804 1371 2877 congregatis
1384 2805 1447 2854 circa
1459 2809 1547 2856 Duram
1558 2807 1632 2870 copiis
1641 2817 1711 2868 prope
1720 2803 1815 2852 commu·

235 2883 400 2943 manitilium,
412 2881 573 2932 Patriciumin
585 2880 693 2928 ordinem
707 2880 853 2929 senatorium
864 2882 1012 2942 cooptatum.
1057 2881 1132 2931 tinam
1144 2882 1288 2944 adveniunt,
1304 2881 1369 2944 quod
1385 2883 1500 2945 oppidum
1511 2897 1525 2933 a
1538 2887 1603 2934 Dara
1614 2881 1814 2946 quadringentorum

236 2962 295 3010 liuto
308 2960 534 3010 administrationem
543 2959 617 3026 totius
625 2958 680 3008 belli
692 2957 816 3022 permittit.
832 2959 888 3007 linat
897 2959 1013 3008 lustiula·
1058 2960 1185 3020 nonaginta
1194 2959 1325 3009 stadiorum
1336 2960 1464 3010 irrtersallo
1470 2962 1623 3012 occidentem
1635 2971 1713 3010 rernm
1722 2955 1815 3006 νοσοίίιΙ
