<?xml version="1.0" encoding="UTF-8"?>
<!DOCTYPE html PUBLIC "-//W3C//DTD XHTML 1.0 Transitional//EN"
    "http://www.w3.org/TR/xhtml1/DTD/xhtml1-transitional.dtd">
<html xmlns="http://www.w3.org/1999/xhtml" xml:lang="en" lang="en">
 <head>
  <title>
</title>
<meta http-equiv="Content-Type" content="text/html;charset=utf-8" />
  <meta name='ocr-system' content='tesseract 3.04.00' />
  <meta name='ocr-capabilities' content='ocr_page ocr_carea ocr_par ocr_line ocrx_word'/>
</head>
<body>
  <div class='ocr_page' id='page_1' title='image "./fragmentahistor01antgoog_0102.png"; bbox 0 0 3792 5728; ppageno 0'>
   <div class='ocr_carea' id='block_1_1' title="bbox 220 338 1166 406">
    <p class='ocr_par' dir='ltr' id='par_1_1' title="bbox 220 338 1166 406">
     <span class='ocr_line' id='line_1_1' title="bbox 220 338 1166 406; baseline -0.01 0"><span class='ocrx_word' id='word_1_1' title='bbox 220 357 257 406; x_wconf 77' lang='lat' dir='ltr'>at</span> <span class='ocrx_word' id='word_1_2' title='bbox 630 359 634 366; x_wconf 89' lang='grc'><em>·</em></span> <span class='ocrx_word' id='word_1_3' title='bbox 868 338 987 399; x_wconf 81' lang='lat' dir='ltr'><strong>retsct</strong></span> <span class='ocrx_word' id='word_1_4' title='bbox 1013 339 1166 400; x_wconf 78' lang='lat' dir='ltr'><strong>PANl&#39;l&#39;AE</strong></span> 
     </span>
    </p>
   </div>
   <div class='ocr_carea' id='block_1_2' title="bbox 218 467 1805 815">
    <p class='ocr_par' dir='ltr' id='par_1_2' title="bbox 218 467 1805 815">
     <span class='ocr_line' id='line_1_2' title="bbox 220 467 1805 554; baseline -0.001 -23"><span class='ocrx_word' id='word_1_5' title='bbox 220 473 278 542; x_wconf 74' lang='grc' dir='ltr'>τοὺς</span> <span class='ocrx_word' id='word_1_6' title='bbox 298 474 390 554; x_wconf 86' lang='grc' dir='ltr'>νόμους</span> <span class='ocrx_word' id='word_1_7' title='bbox 409 471 477 532; x_wconf 72' lang='grc' dir='ltr'>κατὰ</span> <span class='ocrx_word' id='word_1_8' title='bbox 494 472 612 544; x_wconf 89' lang='grc' dir='ltr'>πάντων,</span> <span class='ocrx_word' id='word_1_9' title='bbox 629 471 696 530; x_wconf 82' lang='grc' dir='ltr'>ὥστε</span> <span class='ocrx_word' id='word_1_10' title='bbox 714 475 800 536; x_wconf 83' lang='grc' dir='ltr'>αὐτοῖς</span> <span class='ocrx_word' id='word_1_11' title='bbox 820 468 864 527; x_wconf 84' lang='grc' dir='ltr'>καί</span> <span class='ocrx_word' id='word_1_12' title='bbox 887 472 997 548; x_wconf 76' lang='grc' dir='ltr'>βασιλέα</span> <span class='ocrx_word' id='word_1_13' title='bbox 1041 470 1113 550; x_wconf 88' lang='grc' dir='ltr'>παρθι</span> <span class='ocrx_word' id='word_1_14' title='bbox 1133 483 1182 528; x_wconf 89' lang='lat' dir='ltr'>ent</span> <span class='ocrx_word' id='word_1_15' title='bbox 1202 469 1275 548; x_wconf 79' lang='grc' dir='ltr'>παρὰ</span> <span class='ocrx_word' id='word_1_16' title='bbox 1297 473 1342 528; x_wconf 84' lang='grc' dir='ltr'>τοῦ</span> <span class='ocrx_word' id='word_1_17' title='bbox 1362 467 1455 548; x_wconf 75' lang='grc' dir='ltr'>παρθιί</span> <span class='ocrx_word' id='word_1_18' title='bbox 1475 469 1525 546; x_wconf 84' lang='lat' dir='ltr'>B.)</span> <span class='ocrx_word' id='word_1_19' title='bbox 1548 467 1687 546; x_wconf 84' lang='grc' dir='ltr'>Ῥωμαίων</span> <span class='ocrx_word' id='word_1_20' title='bbox 1708 469 1805 540; x_wconf 76' lang='grc' dir='ltr'>ἥκοντος</span> 
     </span>
     <span class='ocr_line' id='line_1_3' title="bbox 220 553 1804 640; baseline -0.006 -16"><span class='ocrx_word' id='word_1_21' title='bbox 220 564 370 634; x_wconf 86' lang='grc' dir='ltr'>πείθεσθαι,</span> <span class='ocrx_word' id='word_1_22' title='bbox 382 561 426 620; x_wconf 82' lang='grc' dir='ltr'>καλ</span> <span class='ocrx_word' id='word_1_23' title='bbox 439 564 504 640; x_wconf 86' lang='grc' dir='ltr'>οὐχ,</span> <span class='ocrx_word' id='word_1_24' title='bbox 516 560 530 619; x_wconf 89' lang='grc' dir='ltr'>δ</span> <span class='ocrx_word' id='word_1_25' title='bbox 544 565 575 636; x_wconf 81' lang='grc' dir='ltr'>τῇ</span> <span class='ocrx_word' id='word_1_26' title='bbox 590 558 765 618; x_wconf 66' lang='lat' dir='ltr'><strong>attestatae</strong></span> <span class='ocrx_word' id='word_1_27' title='bbox 789 559 947 638; x_wconf 77' lang='grc' dir='ltr'>κατηγορίᾳ,</span> <span class='ocrx_word' id='word_1_28' title='bbox 959 560 998 617; x_wconf 85' lang='grc' dir='ltr'>δτι</span> <span class='ocrx_word' id='word_1_29' title='bbox 1042 556 1211 639; x_wconf 79' lang='grc' dir='ltr'>πρεσόευτοῧ.</span> <span class='ocrx_word' id='word_1_30' title='bbox 1228 555 1277 623; x_wconf 87' lang='grc' dir='ltr'>Ὃς</span> <span class='ocrx_word' id='word_1_31' title='bbox 1292 553 1319 614; x_wconf 81' lang='grc' dir='ltr'>δέ</span> <span class='ocrx_word' id='word_1_32' title='bbox 1332 556 1504 632; x_wconf 75' lang='grc' dir='ltr'>ἀπεκρίνατο,</span> <span class='ocrx_word' id='word_1_33' title='bbox 1517 557 1588 636; x_wconf 82' lang='grc' dir='ltr'>αύτῷ</span> <span class='ocrx_word' id='word_1_34' title='bbox 1601 580 1643 632; x_wconf 92' lang='grc' dir='ltr'>μοι</span> <span class='ocrx_word' id='word_1_35' title='bbox 1659 557 1804 626; x_wconf 68' lang='grc' dir='ltr'>ἐντεύξεσθαι</span> 
     </span>
     <span class='ocr_line' id='line_1_4' title="bbox 218 642 1805 728; baseline -0.003 -20"><span class='ocrx_word' id='word_1_36' title='bbox 218 673 247 726; x_wconf 87' lang='grc' dir='ltr'>γι</span> <span class='ocrx_word' id='word_1_37' title='bbox 263 649 293 722; x_wconf 79' lang='grc' dir='ltr'>δὴ</span> <span class='ocrx_word' id='word_1_38' title='bbox 308 653 331 707; x_wconf 79' lang='grc' dir='ltr'>οἱ</span> <span class='ocrx_word' id='word_1_39' title='bbox 345 649 449 728; x_wconf 90' lang='grc' dir='ltr'>εύποροι</span> <span class='ocrx_word' id='word_1_40' title='bbox 463 648 521 714; x_wconf 85' lang='grc' dir='ltr'>τοὺς</span> <span class='ocrx_word' id='word_1_41' title='bbox 533 648 645 719; x_wconf 85' lang='grc' dir='ltr'>πένητας</span> <span class='ocrx_word' id='word_1_42' title='bbox 659 648 798 711; x_wconf 79' lang='grc' dir='ltr'>ἀκινδύνως</span> <span class='ocrx_word' id='word_1_43' title='bbox 813 647 959 724; x_wconf 82' lang='grc' dir='ltr'>βιάζοιντο,</span> <span class='ocrx_word' id='word_1_44' title='bbox 974 645 999 704; x_wconf 87' lang='grc' dir='ltr'>εί</span> <span class='ocrx_word' id='word_1_45' title='bbox 1043 647 1134 724; x_wconf 86' lang='grc' dir='ltr'>μικρὸν</span> <span class='ocrx_word' id='word_1_46' title='bbox 1147 643 1327 718; x_wconf 76' lang='grc' dir='ltr'>ἀναμείναντι·</span> <span class='ocrx_word' id='word_1_47' title='bbox 1340 643 1443 721; x_wconf 85' lang='grc' dir='ltr'>μέλλειν</span> <span class='ocrx_word' id='word_1_48' title='bbox 1457 642 1508 722; x_wconf 87' lang='grc' dir='ltr'>γδιρ</span> <span class='ocrx_word' id='word_1_49' title='bbox 1520 643 1598 702; x_wconf 84' lang='grc' dir='ltr'>αύτδν</span> <span class='ocrx_word' id='word_1_50' title='bbox 1611 644 1745 712; x_wconf 76' lang='grc' dir='ltr'>ὑπεξιέναι.</span> <span class='ocrx_word' id='word_1_51' title='bbox 1760 646 1805 704; x_wconf 87' lang='grc' dir='ltr'>Καί</span> 
     </span>
     <span class='ocr_line' id='line_1_5' title="bbox 219 725 1804 815; baseline -0.004 -19"><span class='ocrx_word' id='word_1_52' title='bbox 219 738 256 812; x_wconf 77' lang='grc' dir='ltr'>μή</span> <span class='ocrx_word' id='word_1_53' title='bbox 271 762 300 815; x_wconf 88' lang='grc' dir='ltr'>γε</span> <span class='ocrx_word' id='word_1_54' title='bbox 319 735 448 796; x_wconf 87' lang='grc' dir='ltr'>διαλαθόιν</span> <span class='ocrx_word' id='word_1_55' title='bbox 464 759 501 801; x_wconf 92' lang='grc' dir='ltr'>τις</span> <span class='ocrx_word' id='word_1_56' title='bbox 523 734 598 814; x_wconf 86' lang='grc' dir='ltr'>φύγοι</span> <span class='ocrx_word' id='word_1_57' title='bbox 615 734 662 804; x_wconf 81' lang='grc' dir='ltr'>τὴν</span> <span class='ocrx_word' id='word_1_58' title='bbox 682 733 765 805; x_wconf 88' lang='grc' dir='ltr'>δίκην.</span> <span class='ocrx_word' id='word_1_59' title='bbox 784 731 873 814; x_wconf 83' lang='grc' dir='ltr'>Ὅπερ</span> <span class='ocrx_word' id='word_1_60' title='bbox 888 735 934 792; x_wconf 87' lang='grc' dir='ltr'>οὐκ</span> <span class='ocrx_word' id='word_1_61' title='bbox 954 735 997 792; x_wconf 82' lang='grc' dir='ltr'>ἐπὶ</span> <span class='ocrx_word' id='word_1_62' title='bbox 1042 732 1073 804; x_wconf 81' lang='grc' dir='ltr'>δὴ</span> <span class='ocrx_word' id='word_1_63' title='bbox 1088 734 1117 792; x_wconf 86' lang='grc' dir='ltr'>οὐ</span> <span class='ocrx_word' id='word_1_64' title='bbox 1131 735 1229 791; x_wconf 78' lang='grc' dir='ltr'>πολλοῦ</span> <span class='ocrx_word' id='word_1_65' title='bbox 1244 729 1542 810; x_wconf 86' lang='grc' dir='ltr'>διαγινομένουχρόνου,</span> <span class='ocrx_word' id='word_1_66' title='bbox 1552 735 1587 798; x_wconf 66' lang='lat' dir='ltr'>ea</span> <span class='ocrx_word' id='word_1_67' title='bbox 1598 733 1722 810; x_wconf 80' lang='grc' dir='ltr'>προϊόντα</span> <span class='ocrx_word' id='word_1_68' title='bbox 1737 725 1804 810; x_wconf 73' lang='grc' dir='ltr'>εἶδον,</span> 
     </span>
    </p>
   </div>
   <div class='ocr_carea' id='block_1_3' title="bbox 216 822 997 2824">
    <p class='ocr_par' dir='ltr' id='par_1_3' title="bbox 216 822 997 2648">
     <span class='ocr_line' id='line_1_6' title="bbox 218 822 995 903; baseline -0.009 -19"><span class='ocrx_word' id='word_1_69' title='bbox 218 831 268 884; x_wconf 83' lang='grc' dir='ltr'>τῶν</span> <span class='ocrx_word' id='word_1_70' title='bbox 283 826 428 903; x_wconf 81' lang='grc' dir='ltr'>πλουσίων,</span> <span class='ocrx_word' id='word_1_71' title='bbox 440 824 508 882; x_wconf 77' lang='grc' dir='ltr'>α’λλθι</span> <span class='ocrx_word' id='word_1_72' title='bbox 524 825 569 882; x_wconf 82' lang='grc' dir='ltr'>καί</span> <span class='ocrx_word' id='word_1_73' title='bbox 583 825 702 896; x_wconf 77' lang='grc' dir='ltr'>πενήτων</span> <span class='ocrx_word' id='word_1_74' title='bbox 714 823 782 903; x_wconf 79' lang='grc' dir='ltr'>εὕροι</span> <span class='ocrx_word' id='word_1_75' title='bbox 795 846 833 890; x_wconf 84' lang='grc' dir='ltr'>τις</span> <span class='ocrx_word' id='word_1_76' title='bbox 844 822 888 880; x_wconf 83' lang='grc' dir='ltr'>τίν·</span> <span class='ocrx_word' id='word_1_77' title='bbox 907 823 995 898; x_wconf 83' lang='grc' dir='ltr'>πλημ·</span> 
     </span>
     <span class='ocr_line' id='line_1_7' title="bbox 218 907 993 992; baseline -0.004 -20"><span class='ocrx_word' id='word_1_78' title='bbox 218 915 354 990; x_wconf 75' lang='grc' dir='ltr'>μελοθντες</span> <span class='ocrx_word' id='word_1_79' title='bbox 368 911 417 992; x_wconf 83' lang='grc' dir='ltr'>γθιρ</span> <span class='ocrx_word' id='word_1_80' title='bbox 434 911 492 969; x_wconf 78' lang='grc' dir='ltr'>οὐδὲ</span> <span class='ocrx_word' id='word_1_81' title='bbox 507 911 581 969; x_wconf 82' lang='grc' dir='ltr'>αὐτοὶ</span> <span class='ocrx_word' id='word_1_82' title='bbox 595 910 691 990; x_wconf 78' lang='grc' dir='ltr'>άπορίφ</span> <span class='ocrx_word' id='word_1_83' title='bbox 706 911 819 988; x_wconf 81' lang='grc' dir='ltr'>ἐλέγχων</span> <span class='ocrx_word' id='word_1_84' title='bbox 832 909 897 966; x_wconf 79' lang='grc' dir='ltr'>δοῖεν</span> <span class='ocrx_word' id='word_1_85' title='bbox 910 907 993 973; x_wconf 88' lang='grc' dir='ltr'>δίκας.</span> 
     </span>
     <span class='ocr_line' id='line_1_8' title="bbox 218 994 995 1078; baseline -0.01 -20"><span class='ocrx_word' id='word_1_86' title='bbox 218 1001 272 1058; x_wconf 83' lang='grc' dir='ltr'>Καὶ</span> <span class='ocrx_word' id='word_1_87' title='bbox 291 1005 367 1059; x_wconf 82' lang='grc' dir='ltr'>τοῦτο</span> <span class='ocrx_word' id='word_1_88' title='bbox 382 997 454 1078; x_wconf 88' lang='grc' dir='ltr'>παρθι</span> <span class='ocrx_word' id='word_1_89' title='bbox 469 1007 546 1070; x_wconf 76' lang='grc' dir='ltr'>πᾶσι,</span> <span class='ocrx_word' id='word_1_90' title='bbox 569 997 615 1056; x_wconf 84' lang='grc' dir='ltr'>καί</span> <span class='ocrx_word' id='word_1_91' title='bbox 629 999 658 1054; x_wconf 84' lang='grc' dir='ltr'>οὗ</span> <span class='ocrx_word' id='word_1_92' title='bbox 672 997 745 1076; x_wconf 68' lang='grc' dir='ltr'>παρὰ</span> <span class='ocrx_word' id='word_1_93' title='bbox 759 994 904 1072; x_wconf 81' lang='grc' dir='ltr'>Ῥωμαίοις</span> <span class='ocrx_word' id='word_1_94' title='bbox 919 994 995 1071; x_wconf 85' lang='grc' dir='ltr'>μόνον</span> 
     </span>
     <span class='ocr_line' id='line_1_9' title="bbox 217 1081 995 1164; baseline -0.013 -17"><span class='ocrx_word' id='word_1_95' title='bbox 217 1087 361 1164; x_wconf 82' lang='grc' dir='ltr'>συμόαῑνόν</span> <span class='ocrx_word' id='word_1_96' title='bbox 383 1089 449 1145; x_wconf 86' lang='grc' dir='ltr'>ἐστι.</span> <span class='ocrx_word' id='word_1_97' title='bbox 466 1085 552 1164; x_wconf 83' lang='grc' dir='ltr'>Χάριν</span> <span class='ocrx_word' id='word_1_98' title='bbox 574 1084 601 1144; x_wconf 79' lang='grc' dir='ltr'>δέ</span> <span class='ocrx_word' id='word_1_99' title='bbox 622 1087 756 1161; x_wconf 80' lang='grc' dir='ltr'>ὁμολογεῖν</span> <span class='ocrx_word' id='word_1_100' title='bbox 777 1107 808 1162; x_wconf 89' lang='grc' dir='ltr'>τη</span> <span class='ocrx_word' id='word_1_101' title='bbox 824 1081 891 1160; x_wconf 79' lang='grc' dir='ltr'>τύχῃ</span> <span class='ocrx_word' id='word_1_102' title='bbox 906 1081 995 1156; x_wconf 77' lang='grc' dir='ltr'>ἐπθτῇ</span> 
     </span>
     <span class='ocr_line' id='line_1_10' title="bbox 217 1169 995 1254; baseline -0.012 -20"><span class='ocrx_word' id='word_1_103' title='bbox 217 1177 288 1254; x_wconf 76' lang='grc' dir='ltr'>αὐτῷ</span> <span class='ocrx_word' id='word_1_104' title='bbox 311 1173 449 1253; x_wconf 77' lang='grc' dir='ltr'>θπαρξάσῃ</span> <span class='ocrx_word' id='word_1_105' title='bbox 465 1171 612 1253; x_wconf 72' lang='grc' dir='ltr'>ἐλευθερίᾳ,</span> <span class='ocrx_word' id='word_1_106' title='bbox 635 1171 679 1230; x_wconf 84' lang='grc' dir='ltr'>καλ</span> <span class='ocrx_word' id='word_1_107' title='bbox 700 1171 736 1248; x_wconf 74' lang='grc' dir='ltr'>μὴ</span> <span class='ocrx_word' id='word_1_108' title='bbox 759 1175 795 1250; x_wconf 83' lang='grc' dir='ltr'>τῷ</span> <span class='ocrx_word' id='word_1_109' title='bbox 818 1171 861 1227; x_wconf 82' lang='grc' dir='ltr'>ἐπί</span> <span class='ocrx_word' id='word_1_110' title='bbox 882 1169 995 1245; x_wconf 87' lang='grc' dir='ltr'>πόλεμον</span> 
     </span>
     <span class='ocr_line' id='line_1_11' title="bbox 216 1255 996 1338; baseline -0.008 -19"><span class='ocrx_word' id='word_1_111' title='bbox 216 1260 332 1338; x_wconf 81' lang='grc' dir='ltr'>ἐξάγουσι</span> <span class='ocrx_word' id='word_1_112' title='bbox 347 1259 473 1338; x_wconf 78' lang='grc' dir='ltr'>δεσπότῃ,</span> <span class='ocrx_word' id='word_1_113' title='bbox 488 1257 556 1317; x_wconf 85' lang='grc' dir='ltr'>ὥστε</span> <span class='ocrx_word' id='word_1_114' title='bbox 572 1258 648 1318; x_wconf 81' lang='grc' dir='ltr'>αὐτὸν</span> <span class='ocrx_word' id='word_1_115' title='bbox 666 1259 698 1316; x_wconf 91' lang='grc' dir='ltr'>δι’</span> <span class='ocrx_word' id='word_1_116' title='bbox 713 1257 834 1336; x_wconf 80' lang='grc' dir='ltr'>ἀπειρίαν</span> <span class='ocrx_word' id='word_1_117' title='bbox 848 1255 865 1326; x_wconf 81' lang='grc' dir='ltr'>λ</span> <span class='ocrx_word' id='word_1_118' title='bbox 882 1255 930 1314; x_wconf 84' lang='grc' dir='ltr'>ύπδ</span> <span class='ocrx_word' id='word_1_119' title='bbox 945 1259 996 1313; x_wconf 83' lang='grc' dir='ltr'>τῶν</span> 
     </span>
     <span class='ocr_line' id='line_1_12' title="bbox 216 1342 995 1427; baseline -0.008 -21"><span class='ocrx_word' id='word_1_120' title='bbox 216 1349 348 1425; x_wconf 84' lang='grc' dir='ltr'>πολεμίων</span> <span class='ocrx_word' id='word_1_121' title='bbox 359 1351 539 1427; x_wconf 78' lang='grc' dir='ltr'>ἀναιρεθῆναι,</span> <span class='ocrx_word' id='word_1_122' title='bbox 551 1345 568 1417; x_wconf 75' lang='grc' dir='ltr'><strong>ἦ</strong></span> <span class='ocrx_word' id='word_1_123' title='bbox 579 1346 705 1427; x_wconf 86' lang='grc' dir='ltr'>φεύγοντα</span> <span class='ocrx_word' id='word_1_124' title='bbox 716 1346 766 1402; x_wconf 77' lang='grc' dir='ltr'>ὑπὸ</span> <span class='ocrx_word' id='word_1_125' title='bbox 775 1351 819 1403; x_wconf 83' lang='grc' dir='ltr'>τοῦ</span> <span class='ocrx_word' id='word_1_126' title='bbox 831 1342 995 1418; x_wconf 81' lang='grc' dir='ltr'>κτησαμένου</span> 
     </span>
     <span class='ocr_line' id='line_1_13' title="bbox 217 1431 996 1510; baseline -0.01 -15"><span class='ocrx_word' id='word_1_127' title='bbox 217 1440 381 1504; x_wconf 79' lang='grc' dir='ltr'>κολάζεσθαι.</span> <span class='ocrx_word' id='word_1_128' title='bbox 402 1435 521 1510; x_wconf 83' lang='grc' dir='ltr'>Ἄμεινον</span> <span class='ocrx_word' id='word_1_129' title='bbox 536 1434 564 1492; x_wconf 79' lang='grc' dir='ltr'>δέ</span> <span class='ocrx_word' id='word_1_130' title='bbox 584 1434 629 1492; x_wconf 77' lang='grc' dir='ltr'>καὶ</span> <span class='ocrx_word' id='word_1_131' title='bbox 648 1437 701 1499; x_wconf 89' lang='grc' dir='ltr'>τοῖς</span> <span class='ocrx_word' id='word_1_132' title='bbox 720 1431 831 1498; x_wconf 80' lang='grc' dir='ltr'>οἰκέταις</span> <span class='ocrx_word' id='word_1_133' title='bbox 850 1432 996 1490; x_wconf 82' lang='grc' dir='ltr'>διατελοῦσι</span> 
     </span>
     <span class='ocr_line' id='line_1_14' title="bbox 217 1518 997 1600; baseline -0.01 -19"><span class='ocrx_word' id='word_1_134' title='bbox 217 1522 347 1598; x_wconf 83' lang='grc' dir='ltr'>Ῥωμαῖοι</span> <span class='ocrx_word' id='word_1_135' title='bbox 367 1519 508 1600; x_wconf 82' lang='grc' dir='ltr'>χρώμενοι.</span> <span class='ocrx_word' id='word_1_136' title='bbox 533 1521 659 1600; x_wconf 84' lang='grc' dir='ltr'>Πατέριον</span> <span class='ocrx_word' id='word_1_137' title='bbox 682 1519 732 1599; x_wconf 80' lang='grc' dir='ltr'>γάρ</span> <span class='ocrx_word' id='word_1_138' title='bbox 751 1519 767 1590; x_wconf 79' lang='grc' dir='ltr'>ἢ</span> <span class='ocrx_word' id='word_1_139' title='bbox 787 1518 950 1576; x_wconf 78' lang='grc' dir='ltr'>διδασκάλων</span> <span class='ocrx_word' id='word_1_140' title='bbox 972 1519 997 1581; x_wconf 82' lang='grc' dir='ltr'>ἐς</span> 
     </span>
     <span class='ocr_line' id='line_1_15' title="bbox 218 1597 995 1688; baseline -0.005 -22"><span class='ocrx_word' id='word_1_141' title='bbox 218 1608 309 1674; x_wconf 82' lang='grc' dir='ltr'>αὐτοὺς</span> <span class='ocrx_word' id='word_1_142' title='bbox 321 1609 384 1687; x_wconf 85' lang='grc' dir='ltr'>ἔργα</span> <span class='ocrx_word' id='word_1_143' title='bbox 397 1607 598 1679; x_wconf 84' lang='grc' dir='ltr'>ἐπιδεικνύντες,</span> <span class='ocrx_word' id='word_1_144' title='bbox 614 1609 652 1688; x_wconf 88' lang='grc' dir='ltr'>ἐφ’</span> <span class='ocrx_word' id='word_1_145' title='bbox 670 1597 691 1687; x_wconf 77' lang='grc' dir='ltr'>ᾧ</span> <span class='ocrx_word' id='word_1_146' title='bbox 710 1610 761 1664; x_wconf 86' lang='grc' dir='ltr'>τῶν</span> <span class='ocrx_word' id='word_1_147' title='bbox 775 1604 881 1686; x_wconf 79' lang='grc' dir='ltr'>φαύλων</span> <span class='ocrx_word' id='word_1_148' title='bbox 896 1611 995 1683; x_wconf 82' lang='grc' dir='ltr'>ἀπεχο-</span> 
     </span>
     <span class='ocr_line' id='line_1_16' title="bbox 218 1693 997 1775; baseline -0.005 -21"><span class='ocrx_word' id='word_1_149' title='bbox 218 1696 309 1771; x_wconf 87' lang='grc' dir='ltr'>μένους</span> <span class='ocrx_word' id='word_1_150' title='bbox 323 1695 439 1772; x_wconf 86' lang='grc' dir='ltr'>μετιέναι</span> <span class='ocrx_word' id='word_1_151' title='bbox 452 1695 519 1775; x_wconf 76' lang='grc' dir='ltr'>άπερ</span> <span class='ocrx_word' id='word_1_152' title='bbox 535 1696 621 1760; x_wconf 81' lang='grc' dir='ltr'>αὐτοῖς</span> <span class='ocrx_word' id='word_1_153' title='bbox 636 1694 705 1752; x_wconf 82' lang='grc' dir='ltr'>καλθι</span> <span class='ocrx_word' id='word_1_154' title='bbox 718 1693 884 1770; x_wconf 83' lang='grc' dir='ltr'>νενόμισται,</span> <span class='ocrx_word' id='word_1_155' title='bbox 898 1713 997 1772; x_wconf 88' lang='grc' dir='ltr'>σωφρο-</span> 
     </span>
     <span class='ocr_line' id='line_1_17' title="bbox 217 1777 997 1862; baseline -0.001 -24"><span class='ocrx_word' id='word_1_156' title='bbox 217 1782 314 1851; x_wconf 83' lang='grc' dir='ltr'>νίζουσι</span> <span class='ocrx_word' id='word_1_157' title='bbox 324 1792 391 1862; x_wconf 76' lang='grc' dir='ltr'>σφᾶς</span> <span class='ocrx_word' id='word_1_158' title='bbox 402 1781 445 1840; x_wconf 78' lang='grc' dir='ltr'>ἐπὶ</span> <span class='ocrx_word' id='word_1_159' title='bbox 455 1790 509 1848; x_wconf 82' lang='grc' dir='ltr'>τοῖς</span> <span class='ocrx_word' id='word_1_160' title='bbox 519 1780 718 1862; x_wconf 77' lang='grc' dir='ltr'>ἁμαρτήμασιν,</span> <span class='ocrx_word' id='word_1_161' title='bbox 726 1779 815 1860; x_wconf 79' lang='grc' dir='ltr'>ὥσπερ</span> <span class='ocrx_word' id='word_1_162' title='bbox 826 1779 882 1845; x_wconf 81' lang='grc' dir='ltr'>τούς</span> <span class='ocrx_word' id='word_1_163' title='bbox 890 1777 997 1845; x_wconf 78' lang='grc' dir='ltr'>οἰκείους</span> 
     </span>
     <span class='ocr_line' id='line_1_18' title="bbox 218 1865 995 1950; baseline -0.004 -23"><span class='ocrx_word' id='word_1_164' title='bbox 218 1873 321 1936; x_wconf 83' lang='grc' dir='ltr'>παῖδας.</span> <span class='ocrx_word' id='word_1_165' title='bbox 341 1871 381 1928; x_wconf 81' lang='grc' dir='ltr'>Οὐ</span> <span class='ocrx_word' id='word_1_166' title='bbox 397 1870 429 1942; x_wconf 80' lang='grc' dir='ltr'>δὴ</span> <span class='ocrx_word' id='word_1_167' title='bbox 443 1869 494 1950; x_wconf 83' lang='grc' dir='ltr'>γθρ</span> <span class='ocrx_word' id='word_1_168' title='bbox 508 1869 565 1928; x_wconf 80' lang='grc' dir='ltr'>οὐδὲ</span> <span class='ocrx_word' id='word_1_169' title='bbox 582 1871 668 1936; x_wconf 85' lang='grc' dir='ltr'>αὐτοῖς</span> <span class='ocrx_word' id='word_1_170' title='bbox 679 1869 806 1945; x_wconf 84' lang='grc' dir='ltr'>θάνατον,</span> <span class='ocrx_word' id='word_1_171' title='bbox 819 1865 907 1947; x_wconf 77' lang='grc' dir='ltr'>ὥσπερ</span> <span class='ocrx_word' id='word_1_172' title='bbox 923 1866 995 1926; x_wconf 88' lang='grc' dir='ltr'>Σκύ-</span> 
     </span>
     <span class='ocr_line' id='line_1_19' title="bbox 218 1955 996 2035; baseline -0.008 -19"><span class='ocrx_word' id='word_1_173' title='bbox 218 1965 287 2029; x_wconf 89' lang='grc' dir='ltr'>θαις,</span> <span class='ocrx_word' id='word_1_174' title='bbox 298 1956 402 2033; x_wconf 84' lang='grc' dir='ltr'>ἐπείγειν</span> <span class='ocrx_word' id='word_1_175' title='bbox 414 1957 497 2032; x_wconf 88' lang='grc' dir='ltr'>θέμις.</span> <span class='ocrx_word' id='word_1_176' title='bbox 514 1957 679 2034; x_wconf 79' lang='grc' dir='ltr'>Ἐλευθερίας</span> <span class='ocrx_word' id='word_1_177' title='bbox 692 1956 719 2013; x_wconf 81' lang='grc' dir='ltr'>δέ</span> <span class='ocrx_word' id='word_1_178' title='bbox 731 1957 821 2035; x_wconf 79' lang='grc' dir='ltr'>τρόπον</span> <span class='ocrx_word' id='word_1_179' title='bbox 836 1958 899 2033; x_wconf 90' lang='grc' dir='ltr'>παρ’</span> <span class='ocrx_word' id='word_1_180' title='bbox 911 1955 996 2019; x_wconf 79' lang='grc' dir='ltr'>αὐτοῖς</span> 
     </span>
     <span class='ocr_line' id='line_1_20' title="bbox 217 2042 996 2124; baseline -0.005 -23"><span class='ocrx_word' id='word_1_181' title='bbox 217 2048 348 2116; x_wconf 86' lang='grc' dir='ltr'>πλεῖστοι,</span> <span class='ocrx_word' id='word_1_182' title='bbox 360 2045 392 2115; x_wconf 85' lang='grc' dir='ltr'>ἣν</span> <span class='ocrx_word' id='word_1_183' title='bbox 404 2046 432 2102; x_wconf 85' lang='grc' dir='ltr'>οὐ</span> <span class='ocrx_word' id='word_1_184' title='bbox 445 2043 522 2120; x_wconf 89' lang='grc' dir='ltr'>μόνον</span> <span class='ocrx_word' id='word_1_185' title='bbox 535 2043 679 2124; x_wconf 83' lang='grc' dir='ltr'>περιόντες,</span> <span class='ocrx_word' id='word_1_186' title='bbox 692 2043 760 2101; x_wconf 84' lang='grc' dir='ltr'>οίλλθι</span> <span class='ocrx_word' id='word_1_187' title='bbox 772 2042 817 2100; x_wconf 87' lang='grc' dir='ltr'>καί</span> <span class='ocrx_word' id='word_1_188' title='bbox 828 2044 996 2108; x_wconf 86' lang='grc' dir='ltr'>τελευτῶντες</span> 
     </span>
     <span class='ocr_line' id='line_1_21' title="bbox 217 2127 995 2210; baseline -0.005 -21"><span class='ocrx_word' id='word_1_189' title='bbox 217 2131 385 2210; x_wconf 78' lang='grc' dir='ltr'>χαρίζονται,</span> <span class='ocrx_word' id='word_1_190' title='bbox 401 2131 581 2198; x_wconf 76' lang='grc' dir='ltr'>διατάττοντας</span> <span class='ocrx_word' id='word_1_191' title='bbox 595 2129 663 2188; x_wconf 90' lang='grc' dir='ltr'>κατδι</span> <span class='ocrx_word' id='word_1_192' title='bbox 676 2135 722 2202; x_wconf 69' lang='grc' dir='ltr'>τῆς</span> <span class='ocrx_word' id='word_1_193' title='bbox 734 2129 883 2208; x_wconf 88' lang='grc' dir='ltr'>περιουσίας</span> <span class='ocrx_word' id='word_1_194' title='bbox 897 2127 925 2186; x_wconf 91' lang='grc' dir='ltr'>δν</span> <span class='ocrx_word' id='word_1_195' title='bbox 939 2128 995 2207; x_wconf 86' lang='grc' dir='ltr'>βού·</span> 
     </span>
     <span class='ocr_line' id='line_1_22' title="bbox 217 2213 996 2296; baseline -0.005 -20"><span class='ocrx_word' id='word_1_196' title='bbox 217 2221 304 2276; x_wconf 91' lang='grc' dir='ltr'>λονται</span> <span class='ocrx_word' id='word_1_197' title='bbox 319 2217 421 2296; x_wconf 89' lang='grc' dir='ltr'>τρόπον.</span> <span class='ocrx_word' id='word_1_198' title='bbox 436 2216 489 2276; x_wconf 75' lang='grc' dir='ltr'>Καὶ</span> <span class='ocrx_word' id='word_1_199' title='bbox 502 2215 579 2293; x_wconf 87' lang='grc' dir='ltr'>νόμος</span> <span class='ocrx_word' id='word_1_200' title='bbox 592 2218 658 2274; x_wconf 76' lang='grc' dir='ltr'>ἐστίν</span> <span class='ocrx_word' id='word_1_201' title='bbox 676 2213 739 2296; x_wconf 89' lang='grc' dir='ltr'>όπερ</span> <span class='ocrx_word' id='word_1_202' title='bbox 752 2216 859 2281; x_wconf 76' lang='grc' dir='ltr'>ἕκαστος</span> <span class='ocrx_word' id='word_1_203' title='bbox 872 2217 996 2273; x_wconf 84' lang='grc' dir='ltr'>τελευτῶν</span> 
     </span>
     <span class='ocr_line' id='line_1_23' title="bbox 217 2300 995 2384; baseline -0.005 -22"><span class='ocrx_word' id='word_1_204' title='bbox 217 2305 276 2384; x_wconf 82' lang='grc' dir='ltr'>περὶ</span> <span class='ocrx_word' id='word_1_205' title='bbox 291 2307 342 2362; x_wconf 88' lang='grc' dir='ltr'>τῶν</span> <span class='ocrx_word' id='word_1_206' title='bbox 356 2303 541 2383; x_wconf 83' lang='grc' dir='ltr'>προσηκόντων</span> <span class='ocrx_word' id='word_1_207' title='bbox 557 2301 731 2381; x_wconf 87' lang='grc' dir='ltr'>βουλεύσοιτο.</span> <span class='ocrx_word' id='word_1_208' title='bbox 753 2332 764 2354; x_wconf 79' lang='grc' dir='ltr'>ν</span> <span class='ocrx_word' id='word_1_209' title='bbox 784 2302 838 2361; x_wconf 83' lang='grc' dir='ltr'>Καὶ</span> <span class='ocrx_word' id='word_1_210' title='bbox 854 2301 881 2367; x_wconf 90' lang='grc' dir='ltr'>δς</span> <span class='ocrx_word' id='word_1_211' title='bbox 897 2300 995 2379; x_wconf 90' lang='grc' dir='ltr'>δακρύ-</span> 
     </span>
     <span class='ocr_line' id='line_1_24' title="bbox 219 2387 996 2470; baseline -0.005 -21"><span class='ocrx_word' id='word_1_212' title='bbox 219 2415 265 2456; x_wconf 85' lang='grc' dir='ltr'>σας</span> <span class='ocrx_word' id='word_1_213' title='bbox 279 2391 344 2470; x_wconf 79' lang='grc' dir='ltr'>έφη,</span> <span class='ocrx_word' id='word_1_214' title='bbox 361 2395 395 2458; x_wconf 80' lang='grc' dir='ltr'>ὡς</span> <span class='ocrx_word' id='word_1_215' title='bbox 408 2395 432 2448; x_wconf 80' lang='grc' dir='ltr'>οἱ</span> <span class='ocrx_word' id='word_1_216' title='bbox 454 2391 501 2466; x_wconf 82' lang='grc' dir='ltr'>μὲν</span> <span class='ocrx_word' id='word_1_217' title='bbox 519 2390 593 2465; x_wconf 89' lang='grc' dir='ltr'>νόμοι</span> <span class='ocrx_word' id='word_1_218' title='bbox 614 2389 688 2448; x_wconf 83' lang='grc' dir='ltr'>καλοί</span> <span class='ocrx_word' id='word_1_219' title='bbox 702 2389 747 2447; x_wconf 86' lang='grc' dir='ltr'>καί</span> <span class='ocrx_word' id='word_1_220' title='bbox 763 2395 779 2459; x_wconf 82' lang='grc' dir='ltr'>ἡ</span> <span class='ocrx_word' id='word_1_221' title='bbox 793 2389 912 2447; x_wconf 86' lang='grc' dir='ltr'>πολιτεία</span> <span class='ocrx_word' id='word_1_222' title='bbox 928 2387 996 2448; x_wconf 86' lang='grc' dir='ltr'>Ῥω·</span> 
     </span>
     <span class='ocr_line' id='line_1_25' title="bbox 218 2476 996 2557; baseline -0.005 -21"><span class='ocrx_word' id='word_1_223' title='bbox 218 2479 302 2556; x_wconf 85' lang='grc' dir='ltr'>μαίων</span> <span class='ocrx_word' id='word_1_224' title='bbox 322 2477 421 2557; x_wconf 76' lang='grc' dir='ltr'>ἀγαθὴ,</span> <span class='ocrx_word' id='word_1_225' title='bbox 438 2480 462 2535; x_wconf 83' lang='lat' dir='ltr'>ol</span> <span class='ocrx_word' id='word_1_226' title='bbox 482 2479 505 2534; x_wconf 80' lang='grc' dir='ltr'>δ1</span> <span class='ocrx_word' id='word_1_227' title='bbox 529 2477 653 2556; x_wconf 82' lang='grc' dir='ltr'>ἄρχοντες</span> <span class='ocrx_word' id='word_1_228' title='bbox 670 2481 719 2556; x_wconf 87' lang='grc' dir='ltr'>οὗχ</span> <span class='ocrx_word' id='word_1_229' title='bbox 740 2476 817 2554; x_wconf 85' lang='grc' dir='ltr'>ὅμοια</span> <span class='ocrx_word' id='word_1_230' title='bbox 841 2477 892 2543; x_wconf 82' lang='grc' dir='ltr'>τοῖς</span> <span class='ocrx_word' id='word_1_231' title='bbox 913 2477 996 2534; x_wconf 89' lang='grc' dir='ltr'>πάλαι</span> 
     </span>
     <span class='ocr_line' id='line_1_26' title="bbox 218 2567 698 2648; baseline -0.002 -20"><span class='ocrx_word' id='word_1_232' title='bbox 218 2575 368 2648; x_wconf 73' lang='grc' dir='ltr'>φρονοῦντες</span> <span class='ocrx_word' id='word_1_233' title='bbox 383 2568 462 2638; x_wconf 73' lang='grc' dir='ltr'>αὐτὴν</span> <span class='ocrx_word' id='word_1_234' title='bbox 476 2567 698 2644; x_wconf 88' lang='grc' dir='ltr'>διαλυμαίνονται.</span> 
     </span>
    </p>

    <p class='ocr_par' dir='ltr' id='par_1_4' title="bbox 218 2655 997 2824">
     <span class='ocr_line' id='line_1_27' title="bbox 258 2655 996 2734; baseline -0.007 -16"><span class='ocrx_word' id='word_1_235' title='bbox 258 2663 350 2718; x_wconf 76' lang='grc' dir='ltr'>Ταῦτα</span> <span class='ocrx_word' id='word_1_236' title='bbox 362 2657 551 2733; x_wconf 89' lang='grc' dir='ltr'>διαλεγομένων</span> <span class='ocrx_word' id='word_1_237' title='bbox 567 2659 656 2730; x_wconf 70' lang='grc' dir='ltr'>ἡμῶν,</span> <span class='ocrx_word' id='word_1_238' title='bbox 670 2655 819 2734; x_wconf 82' lang='grc' dir='ltr'>προσελθών</span> <span class='ocrx_word' id='word_1_239' title='bbox 831 2679 870 2721; x_wconf 88' lang='grc' dir='ltr'>τις</span> <span class='ocrx_word' id='word_1_240' title='bbox 882 2659 933 2715; x_wconf 82' lang='grc' dir='ltr'>τῶν</span> <span class='ocrx_word' id='word_1_241' title='bbox 952 2655 996 2714; x_wconf 87' lang='grc' dir='ltr'>έν-</span> 
     </span>
     <span class='ocr_line' id='line_1_28' title="bbox 218 2743 997 2824; baseline -0.003 -20"><span class='ocrx_word' id='word_1_242' title='bbox 218 2747 289 2804; x_wconf 87' lang='grc' dir='ltr'>δοθεν</span> <span class='ocrx_word' id='word_1_243' title='bbox 304 2744 400 2822; x_wconf 81' lang='grc' dir='ltr'>ἀνοίγει</span> <span class='ocrx_word' id='word_1_244' title='bbox 414 2743 460 2810; x_wconf 81' lang='grc' dir='ltr'>τθς</span> <span class='ocrx_word' id='word_1_245' title='bbox 471 2743 549 2822; x_wconf 86' lang='grc' dir='ltr'>θύρας</span> <span class='ocrx_word' id='word_1_246' title='bbox 561 2749 605 2802; x_wconf 80' lang='grc' dir='ltr'>τοῦ</span> <span class='ocrx_word' id='word_1_247' title='bbox 619 2743 769 2824; x_wconf 82' lang='grc' dir='ltr'>περιόόλου.</span> <span class='ocrx_word' id='word_1_248' title='bbox 787 2743 861 2822; x_wconf 84' lang='grc' dir='ltr'>Ἐγὼ</span> <span class='ocrx_word' id='word_1_249' title='bbox 878 2743 905 2802; x_wconf 85' lang='grc' dir='ltr'>δέ</span> <span class='ocrx_word' id='word_1_250' title='bbox 919 2767 997 2822; x_wconf 89' lang='grc' dir='ltr'>προσ·</span> 
     </span>
    </p>
   </div>
   <div class='ocr_carea' id='block_1_4' title="bbox 218 2830 994 2999">
    <p class='ocr_par' dir='ltr' id='par_1_5' title="bbox 218 2830 994 2999">
     <span class='ocr_line' id='line_1_29' title="bbox 218 2830 994 2913; baseline -0.008 -19"><span class='ocrx_word' id='word_1_251' title='bbox 218 2835 325 2913; x_wconf 82' lang='grc' dir='ltr'>δραμὼν</span> <span class='ocrx_word' id='word_1_252' title='bbox 335 2833 467 2908; x_wconf 82' lang='grc' dir='ltr'>ἐπυθόμην</span> <span class='ocrx_word' id='word_1_253' title='bbox 483 2831 498 2890; x_wconf 80' lang='grc' dir='ltr'>ό</span> <span class='ocrx_word' id='word_1_254' title='bbox 516 2855 542 2890; x_wconf 89' lang='grc' dir='ltr'>τι</span> <span class='ocrx_word' id='word_1_255' title='bbox 555 2830 677 2911; x_wconf 89' lang='grc' dir='ltr'>πράττων</span> <span class='ocrx_word' id='word_1_256' title='bbox 689 2831 845 2906; x_wconf 77' lang='grc' dir='ltr'>Ὀνηγήσιος</span> <span class='ocrx_word' id='word_1_257' title='bbox 858 2831 994 2909; x_wconf 90' lang='grc' dir='ltr'>τυγχάνοι·</span> 
     </span>
     <span class='ocr_line' id='line_1_30' title="bbox 219 2916 993 2999; baseline -0.005 -21"><span class='ocrx_word' id='word_1_258' title='bbox 219 2921 375 2999; x_wconf 79' lang='grc' dir='ltr'>ἀπαγγεῖλαι</span> <span class='ocrx_word' id='word_1_259' title='bbox 388 2917 438 2997; x_wconf 68' lang='grc' dir='ltr'>γάρ</span> <span class='ocrx_word' id='word_1_260' title='bbox 454 2920 525 2998; x_wconf 78' lang='grc' dir='ltr'>αὐτῷ</span> <span class='ocrx_word' id='word_1_261' title='bbox 540 2941 573 2994; x_wconf 82' lang='grc' dir='ltr'>με</span> <span class='ocrx_word' id='word_1_262' title='bbox 588 2917 727 2997; x_wconf 83' lang='grc' dir='ltr'>βούλεσθαί</span> <span class='ocrx_word' id='word_1_263' title='bbox 743 2941 767 2974; x_wconf 89' lang='grc' dir='ltr'>τι</span> <span class='ocrx_word' id='word_1_264' title='bbox 780 2916 852 2996; x_wconf 86' lang='grc' dir='ltr'>παρδι</span> <span class='ocrx_word' id='word_1_265' title='bbox 871 2924 916 2975; x_wconf 83' lang='grc' dir='ltr'>τοῦ</span> <span class='ocrx_word' id='word_1_266' title='bbox 934 2920 993 2994; x_wconf 79' lang='grc' dir='ltr'>(τοῦ</span> 
     </span>
    </p>
   </div>
   <div class='ocr_carea' id='block_1_5' title="bbox 217 3113 998 5194">
    <p class='ocr_par' dir='ltr' id='par_1_6' title="bbox 217 3113 998 4803">
     <span class='ocr_line' id='line_1_31' title="bbox 218 3113 996 3182; baseline -0.005 -16"><span class='ocrx_word' id='word_1_267' title='bbox 218 3120 295 3168; x_wconf 77' lang='grc' dir='ltr'>θείοιο</span> <span class='ocrx_word' id='word_1_268' title='bbox 313 3133 408 3182; x_wconf 85' lang='lat' dir='ltr'><strong>posnam</strong></span> <span class='ocrx_word' id='word_1_269' title='bbox 427 3117 549 3180; x_wconf 78' lang='lat' dir='ltr'><strong>effugerit:</strong></span> <span class='ocrx_word' id='word_1_270' title='bbox 568 3117 634 3179; x_wconf 88' lang='lat' dir='ltr'><strong>quod</strong></span> <span class='ocrx_word' id='word_1_271' title='bbox 652 3129 701 3166; x_wconf 89' lang='lat' dir='ltr'>non</span> <span class='ocrx_word' id='word_1_272' title='bbox 714 3117 792 3164; x_wconf 80' lang='lat' dir='ltr'><strong>solum</strong></span> <span class='ocrx_word' id='word_1_273' title='bbox 810 3115 939 3174; x_wconf 86' lang='lat' dir='ltr'><strong>divitibus,</strong></span> <span class='ocrx_word' id='word_1_274' title='bbox 956 3113 996 3163; x_wconf 86' lang='lat' dir='ltr'>sed</span> 
     </span>
     <span class='ocr_line' id='line_1_32' title="bbox 217 3193 998 3260; baseline -0.006 -13"><span class='ocrx_word' id='word_1_275' title='bbox 217 3201 289 3247; x_wconf 87' lang='lat' dir='ltr'><strong>ettam</strong></span> <span class='ocrx_word' id='word_1_276' title='bbox 300 3199 410 3260; x_wconf 89' lang='lat' dir='ltr'><strong>inopibus</strong></span> <span class='ocrx_word' id='word_1_277' title='bbox 420 3211 465 3246; x_wconf 90' lang='lat' dir='ltr'>nsu</span> <span class='ocrx_word' id='word_1_278' title='bbox 475 3197 556 3256; x_wconf 79' lang='lat' dir='ltr'><strong>renit3</strong></span> <span class='ocrx_word' id='word_1_279' title='bbox 567 3209 622 3245; x_wconf 89' lang='lat' dir='ltr'>nam</span> <span class='ocrx_word' id='word_1_280' title='bbox 633 3196 656 3244; x_wconf 88' lang='lat' dir='ltr'>bi</span> <span class='ocrx_word' id='word_1_281' title='bbox 665 3209 772 3257; x_wconf 77' lang='lat' dir='ltr'><strong>quoqtn,</strong></span> <span class='ocrx_word' id='word_1_282' title='bbox 780 3195 798 3243; x_wconf 89' lang='lat' dir='ltr'>si</span> <span class='ocrx_word' id='word_1_283' title='bbox 808 3197 949 3256; x_wconf 84' lang='lat' dir='ltr'><strong>argumenta</strong></span> <span class='ocrx_word' id='word_1_284' title='bbox 958 3193 998 3242; x_wconf 91' lang='lat' dir='ltr'>de·</span> 
     </span>
     <span class='ocr_line' id='line_1_33' title="bbox 218 3271 997 3338; baseline -0.006 -15"><span class='ocrx_word' id='word_1_285' title='bbox 218 3276 313 3335; x_wconf 89' lang='lat' dir='ltr'><strong>tiriunt,</strong></span> <span class='ocrx_word' id='word_1_286' title='bbox 328 3279 483 3338; x_wconf 85' lang='lat' dir='ltr'><strong>peccalorum</strong></span> <span class='ocrx_word' id='word_1_287' title='bbox 495 3287 578 3334; x_wconf 76' lang='lat' dir='ltr'><strong>pianes</strong></span> <span class='ocrx_word' id='word_1_288' title='bbox 592 3287 640 3321; x_wconf 92' lang='lat' dir='ltr'>non</span> <span class='ocrx_word' id='word_1_289' title='bbox 654 3274 760 3322; x_wconf 86' lang='lat' dir='ltr'><strong>solvunt.</strong></span> <span class='ocrx_word' id='word_1_290' title='bbox 777 3272 847 3330; x_wconf 81' lang='lat' dir='ltr'><strong>Quod</strong></span> <span class='ocrx_word' id='word_1_291' title='bbox 859 3286 907 3321; x_wconf 90' lang='lat' dir='ltr'>uon</span> <span class='ocrx_word' id='word_1_292' title='bbox 920 3271 997 3320; x_wconf 87' lang='lat' dir='ltr'><strong>solum</strong></span> 
     </span>
     <span class='ocr_line' id='line_1_34' title="bbox 217 3349 997 3414; baseline -0.006 -14"><span class='ocrx_word' id='word_1_293' title='bbox 217 3352 280 3414; x_wconf 91' lang='lat' dir='ltr'><strong>apud</strong></span> <span class='ocrx_word' id='word_1_294' title='bbox 293 3355 421 3411; x_wconf 86' lang='lat' dir='ltr'><strong>ltomanos,</strong></span> <span class='ocrx_word' id='word_1_295' title='bbox 431 3351 471 3400; x_wconf 88' lang='lat' dir='ltr'>sed</span> <span class='ocrx_word' id='word_1_296' title='bbox 482 3351 554 3400; x_wconf 89' lang='lat' dir='ltr'><strong>eliam</strong></span> <span class='ocrx_word' id='word_1_297' title='bbox 565 3351 655 3412; x_wconf 78' lang='lat' dir='ltr'><strong>ubique</strong></span> <span class='ocrx_word' id='word_1_298' title='bbox 666 3351 772 3412; x_wconf 73' lang='lat' dir='ltr'><strong>gentilem</strong></span> <span class='ocrx_word' id='word_1_299' title='bbox 783 3349 878 3398; x_wconf 91' lang='lat' dir='ltr'><strong>accidit.</strong></span> <span class='ocrx_word' id='word_1_300' title='bbox 890 3350 997 3398; x_wconf 85' lang='lat' dir='ltr'><strong>Gratiam</strong></span> 
     </span>
     <span class='ocr_line' id='line_1_35' title="bbox 218 3425 995 3491; baseline -0.004 -15"><span class='ocrx_word' id='word_1_301' title='bbox 218 3443 275 3478; x_wconf 85' lang='lat' dir='ltr'><strong>rero</strong></span> <span class='ocrx_word' id='word_1_302' title='bbox 283 3429 411 3491; x_wconf 86' lang='lat' dir='ltr'><strong>plurimam</strong></span> <span class='ocrx_word' id='word_1_303' title='bbox 422 3429 500 3490; x_wconf 86' lang='lat' dir='ltr'><strong>ipsum</strong></span> <span class='ocrx_word' id='word_1_304' title='bbox 512 3441 556 3490; x_wconf 86' lang='lat' dir='ltr'><strong>pro</strong></span> <span class='ocrx_word' id='word_1_305' title='bbox 564 3431 658 3489; x_wconf 85' lang='lat' dir='ltr'><strong>recepta</strong></span> <span class='ocrx_word' id='word_1_306' title='bbox 667 3428 778 3476; x_wconf 87' lang='lat' dir='ltr'><strong>libertale</strong></span> <span class='ocrx_word' id='word_1_307' title='bbox 788 3427 891 3474; x_wconf 83' lang='lat' dir='ltr'><strong>lorlrrnae</strong></span> <span class='ocrx_word' id='word_1_308' title='bbox 899 3425 995 3485; x_wconf 90' lang='lat' dir='ltr'><strong>debere,</strong></span> 
     </span>
     <span class='ocr_line' id='line_1_36' title="bbox 217 3504 997 3569; baseline -0.006 -13"><span class='ocrx_word' id='word_1_309' title='bbox 217 3521 296 3569; x_wconf 82' lang='lat' dir='ltr'><strong>neque</strong></span> <span class='ocrx_word' id='word_1_310' title='bbox 308 3521 361 3556; x_wconf 91' lang='lat' dir='ltr'>eam</span> <span class='ocrx_word' id='word_1_311' title='bbox 376 3507 473 3556; x_wconf 88' lang='lat' dir='ltr'><strong>domino</strong></span> <span class='ocrx_word' id='word_1_312' title='bbox 489 3509 612 3566; x_wconf 84' lang='lat' dir='ltr'><strong>acceptam</strong></span> <span class='ocrx_word' id='word_1_313' title='bbox 623 3506 719 3554; x_wconf 85' lang='lat' dir='ltr'><strong>reterre.</strong></span> <span class='ocrx_word' id='word_1_314' title='bbox 737 3508 818 3564; x_wconf 86' lang='lat' dir='ltr'><strong>Quum</strong></span> <span class='ocrx_word' id='word_1_315' title='bbox 829 3506 892 3553; x_wconf 91' lang='lat' dir='ltr'><strong>enim</strong></span> <span class='ocrx_word' id='word_1_316' title='bbox 904 3517 959 3551; x_wconf 89' lang='lat' dir='ltr'>enm</span> <span class='ocrx_word' id='word_1_317' title='bbox 974 3504 997 3551; x_wconf 91' lang='lat' dir='ltr'>in</span> 
     </span>
     <span class='ocr_line' id='line_1_37' title="bbox 217 3580 998 3644; baseline -0.006 -11"><span class='ocrx_word' id='word_1_318' title='bbox 217 3585 309 3634; x_wconf 87' lang='lat' dir='ltr'><strong>bellurn</strong></span> <span class='ocrx_word' id='word_1_319' title='bbox 317 3584 437 3642; x_wconf 78' lang='lat' dir='ltr'><strong>eduxerit,</strong></span> <span class='ocrx_word' id='word_1_320' title='bbox 449 3583 555 3643; x_wconf 88' lang='lat' dir='ltr'><strong>potuisse</strong></span> <span class='ocrx_word' id='word_1_321' title='bbox 569 3583 600 3630; x_wconf 90' lang='lat' dir='ltr'>ab</span> <span class='ocrx_word' id='word_1_322' title='bbox 611 3582 720 3630; x_wconf 80' lang='lat' dir='ltr'><strong>hostibus</strong></span> <span class='ocrx_word' id='word_1_323' title='bbox 731 3585 828 3644; x_wconf 89' lang='lat' dir='ltr'><strong>propter</strong></span> <span class='ocrx_word' id='word_1_324' title='bbox 838 3581 870 3630; x_wconf 91' lang='lat' dir='ltr'>rei</span> <span class='ocrx_word' id='word_1_325' title='bbox 888 3580 998 3628; x_wconf 89' lang='lat' dir='ltr'><strong>militaris</strong></span> 
     </span>
     <span class='ocr_line' id='line_1_38' title="bbox 217 3659 997 3724; baseline -0.004 -14"><span class='ocrx_word' id='word_1_326' title='bbox 217 3663 362 3724; x_wconf 73' lang='lat' dir='ltr'><strong>imperitiam</strong></span> <span class='ocrx_word' id='word_1_327' title='bbox 374 3660 462 3721; x_wconf 90' lang='lat' dir='ltr'><strong>occidi,</strong></span> <span class='ocrx_word' id='word_1_328' title='bbox 476 3662 517 3708; x_wconf 85' lang='lat' dir='ltr'>aut</span> <span class='ocrx_word' id='word_1_329' title='bbox 529 3659 548 3708; x_wconf 91' lang='lat' dir='ltr'>si</span> <span class='ocrx_word' id='word_1_330' title='bbox 564 3659 668 3720; x_wconf 77' lang='lat' dir='ltr'><strong>tragisset,</strong></span> <span class='ocrx_word' id='word_1_331' title='bbox 681 3659 711 3707; x_wconf 91' lang='lat' dir='ltr'>eb</span> <span class='ocrx_word' id='word_1_332' title='bbox 726 3673 764 3718; x_wconf 90' lang='lat' dir='ltr'>ee,</span> <span class='ocrx_word' id='word_1_333' title='bbox 775 3660 798 3707; x_wconf 91' lang='lat' dir='ltr'>in</span> <span class='ocrx_word' id='word_1_334' title='bbox 813 3660 881 3719; x_wconf 76' lang='lat' dir='ltr'><strong>cuitus</strong></span> <span class='ocrx_word' id='word_1_335' title='bbox 890 3659 997 3707; x_wconf 87' lang='lat' dir='ltr'><strong>dominio</strong></span> 
     </span>
     <span class='ocr_line' id='line_1_39' title="bbox 218 3735 998 3799; baseline -0.001 -13"><span class='ocrx_word' id='word_1_336' title='bbox 218 3741 283 3798; x_wconf 85' lang='lat' dir='ltr'><strong>eret,</strong></span> <span class='ocrx_word' id='word_1_337' title='bbox 294 3737 381 3799; x_wconf 88' lang='lat' dir='ltr'><strong>puniri.</strong></span> <span class='ocrx_word' id='word_1_338' title='bbox 417 3739 496 3798; x_wconf 81' lang='lat' dir='ltr'><strong>Longe</strong></span> <span class='ocrx_word' id='word_1_339' title='bbox 508 3740 589 3786; x_wconf 78' lang='lat' dir='ltr'><strong>erilem</strong></span> <span class='ocrx_word' id='word_1_340' title='bbox 606 3735 705 3785; x_wconf 82' lang='lat' dir='ltr'><strong>Rotnani</strong></span> <span class='ocrx_word' id='word_1_341' title='bbox 721 3736 844 3797; x_wconf 81' lang='lat' dir='ltr'><strong>benignius</strong></span> <span class='ocrx_word' id='word_1_342' title='bbox 857 3736 932 3785; x_wconf 85' lang='lat' dir='ltr'><strong>serris</strong></span> <span class='ocrx_word' id='word_1_343' title='bbox 941 3749 998 3785; x_wconf 91' lang='lat' dir='ltr'><strong>con·</strong></span> 
     </span>
     <span class='ocr_line' id='line_1_40' title="bbox 218 3815 998 3886; baseline -0.004 -19"><span class='ocrx_word' id='word_1_344' title='bbox 218 3819 353 3868; x_wconf 89' lang='lat' dir='ltr'><strong>soluerunt.</strong></span> <span class='ocrx_word' id='word_1_345' title='bbox 374 3817 471 3864; x_wconf 85' lang='lat' dir='ltr'><strong>Paturrn</strong></span> <span class='ocrx_word' id='word_1_346' title='bbox 484 3815 548 3886; x_wconf 71' lang='lat' dir='ltr'><strong>enim</strong></span> <span class='ocrx_word' id='word_1_347' title='bbox 563 3818 606 3864; x_wconf 88' lang='lat' dir='ltr'>aut</span> <span class='ocrx_word' id='word_1_348' title='bbox 618 3816 792 3876; x_wconf 86' lang='lat' dir='ltr'><strong>praeceptorum</strong></span> <span class='ocrx_word' id='word_1_349' title='bbox 810 3815 924 3864; x_wconf 87' lang='lat' dir='ltr'><strong>allectum</strong></span> <span class='ocrx_word' id='word_1_350' title='bbox 942 3829 998 3877; x_wconf 83' lang='lat' dir='ltr'><strong>erga</strong></span> 
     </span>
     <span class='ocr_line' id='line_1_41' title="bbox 217 3893 997 3952; baseline -0.003 -9"><span class='ocrx_word' id='word_1_351' title='bbox 217 3908 258 3943; x_wconf 87' lang='lat' dir='ltr'>eos</span> <span class='ocrx_word' id='word_1_352' title='bbox 272 3893 397 3951; x_wconf 83' lang='lat' dir='ltr'><strong>exiribenl,</strong></span> <span class='ocrx_word' id='word_1_353' title='bbox 407 3895 432 3942; x_wconf 90' lang='lat' dir='ltr'>et</span> <span class='ocrx_word' id='word_1_354' title='bbox 447 3896 499 3942; x_wconf 89' lang='lat' dir='ltr'>ute</span> <span class='ocrx_word' id='word_1_355' title='bbox 513 3893 583 3940; x_wconf 88' lang='lat' dir='ltr'><strong>melis</strong></span> <span class='ocrx_word' id='word_1_356' title='bbox 595 3893 745 3950; x_wconf 87' lang='lat' dir='ltr'><strong>abstineant,</strong></span> <span class='ocrx_word' id='word_1_357' title='bbox 757 3895 853 3952; x_wconf 88' lang='lat' dir='ltr'><strong>curent,</strong></span> <span class='ocrx_word' id='word_1_358' title='bbox 866 3894 889 3940; x_wconf 91' lang='lat' dir='ltr'>et</span> <span class='ocrx_word' id='word_1_359' title='bbox 898 3905 997 3952; x_wconf 86' lang='lat' dir='ltr'><strong>eorum,</strong></span> 
     </span>
     <span class='ocr_line' id='line_1_42' title="bbox 218 3967 998 4033; baseline 0 -15"><span class='ocrx_word' id='word_1_360' title='bbox 218 3985 273 4033; x_wconf 85' lang='lat' dir='ltr'><strong>quae</strong></span> <span class='ocrx_word' id='word_1_361' title='bbox 284 3971 383 4018; x_wconf 84' lang='lat' dir='ltr'><strong>honesta</strong></span> <span class='ocrx_word' id='word_1_362' title='bbox 392 3969 493 4026; x_wconf 87' lang='lat' dir='ltr'><strong>ducunt,</strong></span> <span class='ocrx_word' id='word_1_363' title='bbox 501 3969 627 4032; x_wconf 77' lang='lat' dir='ltr'><strong>participes</strong></span> <span class='ocrx_word' id='word_1_364' title='bbox 635 3969 749 4018; x_wconf 81' lang='lat' dir='ltr'><strong>efficiunt.</strong></span> <span class='ocrx_word' id='word_1_365' title='bbox 759 3967 868 4030; x_wconf 87' lang='lat' dir='ltr'><strong>Denique</strong></span> <span class='ocrx_word' id='word_1_366' title='bbox 877 3970 998 4032; x_wconf 83' lang='lat' dir='ltr'><strong>corrigunt</strong></span> 
     </span>
     <span class='ocr_line' id='line_1_43' title="bbox 218 4045 997 4108; baseline -0.004 -12"><span class='ocrx_word' id='word_1_367' title='bbox 218 4061 258 4096; x_wconf 84' lang='lat' dir='ltr'>ena</span> <span class='ocrx_word' id='word_1_368' title='bbox 272 4047 295 4095; x_wconf 89' lang='lat' dir='ltr'>in</span> <span class='ocrx_word' id='word_1_369' title='bbox 308 4046 353 4101; x_wconf 80' lang='lat' dir='ltr'><strong>liis,</strong></span> <span class='ocrx_word' id='word_1_370' title='bbox 365 4060 420 4108; x_wconf 76' lang='lat' dir='ltr'><strong>qnae</strong></span> <span class='ocrx_word' id='word_1_371' title='bbox 432 4045 585 4108; x_wconf 86' lang='lat' dir='ltr'><strong>delinquunt,</strong></span> <span class='ocrx_word' id='word_1_372' title='bbox 598 4047 659 4096; x_wconf 87' lang='lat' dir='ltr'><strong>siout</strong></span> <span class='ocrx_word' id='word_1_373' title='bbox 668 4047 692 4094; x_wconf 94' lang='lat' dir='ltr'>et</span> <span class='ocrx_word' id='word_1_374' title='bbox 702 4061 758 4095; x_wconf 84' lang='lat' dir='ltr'><strong>suus</strong></span> <span class='ocrx_word' id='word_1_375' title='bbox 770 4047 864 4096; x_wconf 88' lang='lat' dir='ltr'><strong>liberos.</strong></span> <span class='ocrx_word' id='word_1_376' title='bbox 876 4050 925 4096; x_wconf 87' lang='lat' dir='ltr'>Nec</span> <span class='ocrx_word' id='word_1_377' title='bbox 934 4048 997 4094; x_wconf 88' lang='lat' dir='ltr'><strong>enim</strong></span> 
     </span>
     <span class='ocr_line' id='line_1_44' title="bbox 218 4122 998 4186; baseline 0.001 -15"><span class='ocrx_word' id='word_1_378' title='bbox 218 4137 302 4172; x_wconf 82' lang='lat' dir='ltr'><strong>seruos</strong></span> <span class='ocrx_word' id='word_1_379' title='bbox 312 4127 390 4172; x_wconf 89' lang='lat' dir='ltr'><strong>morte</strong></span> <span class='ocrx_word' id='word_1_380' title='bbox 397 4122 499 4184; x_wconf 81' lang='lat' dir='ltr'><strong>allicere,</strong></span> <span class='ocrx_word' id='word_1_381' title='bbox 511 4123 574 4172; x_wconf 88' lang='lat' dir='ltr'><strong>sicut</strong></span> <span class='ocrx_word' id='word_1_382' title='bbox 584 4122 646 4186; x_wconf 88' lang='lat' dir='ltr'><strong>epod</strong></span> <span class='ocrx_word' id='word_1_383' title='bbox 656 4124 764 4184; x_wconf 75' lang='lat' dir='ltr'><strong>Scythas,</strong></span> <span class='ocrx_word' id='word_1_384' title='bbox 773 4125 809 4172; x_wconf 85' lang='lat' dir='ltr'>las</span> <span class='ocrx_word' id='word_1_385' title='bbox 818 4126 861 4172; x_wconf 85' lang='lat' dir='ltr'><strong>est.</strong></span> <span class='ocrx_word' id='word_1_386' title='bbox 874 4124 998 4173; x_wconf 71' lang='lat' dir='ltr'><strong>Libertatis</strong></span> 
     </span>
     <span class='ocr_line' id='line_1_45' title="bbox 218 4199 998 4264; baseline 0 -15"><span class='ocrx_word' id='word_1_387' title='bbox 218 4215 276 4250; x_wconf 82' lang='lat' dir='ltr'><strong>vero</strong></span> <span class='ocrx_word' id='word_1_388' title='bbox 293 4200 451 4263; x_wconf 75' lang='lat' dir='ltr'><strong>adipiscendae</strong></span> <span class='ocrx_word' id='word_1_389' title='bbox 470 4201 550 4262; x_wconf 85' lang='lat' dir='ltr'><strong>plures</strong></span> <span class='ocrx_word' id='word_1_390' title='bbox 563 4203 620 4250; x_wconf 88' lang='lat' dir='ltr'><strong>strut</strong></span> <span class='ocrx_word' id='word_1_391' title='bbox 636 4199 710 4250; x_wconf 89' lang='lat' dir='ltr'><strong>modi.</strong></span> <span class='ocrx_word' id='word_1_392' title='bbox 725 4205 777 4251; x_wconf 84' lang='lat' dir='ltr'>Non</span> <span class='ocrx_word' id='word_1_393' title='bbox 790 4202 853 4250; x_wconf 91' lang='lat' dir='ltr'><strong>euim</strong></span> <span class='ocrx_word' id='word_1_394' title='bbox 867 4203 944 4250; x_wconf 87' lang='lat' dir='ltr'><strong>solum</strong></span> <span class='ocrx_word' id='word_1_395' title='bbox 956 4201 998 4264; x_wconf 89' lang='lat' dir='ltr'>qui</span> 
     </span>
     <span class='ocr_line' id='line_1_46' title="bbox 218 4276 997 4338; baseline 0.003 -12"><span class='ocrx_word' id='word_1_396' title='bbox 218 4278 269 4326; x_wconf 84' lang='lat' dir='ltr'><strong>rita</strong></span> <span class='ocrx_word' id='word_1_397' title='bbox 282 4279 408 4336; x_wconf 79' lang='lat' dir='ltr'><strong>fruuntur,</strong></span> <span class='ocrx_word' id='word_1_398' title='bbox 424 4276 549 4327; x_wconf 89' lang='lat' dir='ltr'><strong>sedetiam</strong></span> <span class='ocrx_word' id='word_1_399' title='bbox 562 4278 602 4338; x_wconf 78' lang='lat' dir='ltr'><strong>orti</strong></span> <span class='ocrx_word' id='word_1_400' title='bbox 615 4291 629 4326; x_wconf 87' lang='lat' dir='ltr'>e</span> <span class='ocrx_word' id='word_1_401' title='bbox 641 4278 702 4325; x_wconf 82' lang='lat' dir='ltr'><strong>viris</strong></span> <span class='ocrx_word' id='word_1_402' title='bbox 716 4277 850 4338; x_wconf 78' lang='lat' dir='ltr'><strong>excedunt,</strong></span> <span class='ocrx_word' id='word_1_403' title='bbox 864 4279 997 4328; x_wconf 77' lang='lat' dir='ltr'><strong>libertatem</strong></span> 
     </span>
     <span class='ocr_line' id='line_1_47' title="bbox 218 4353 997 4416; baseline 0.003 -14"><span class='ocrx_word' id='word_1_404' title='bbox 218 4356 323 4404; x_wconf 87' lang='lat' dir='ltr'><strong>tribuere</strong></span> <span class='ocrx_word' id='word_1_405' title='bbox 337 4358 448 4415; x_wconf 61' lang='lat' dir='ltr'><strong>imunt,</strong></span> <span class='ocrx_word' id='word_1_406' title='bbox 460 4368 537 4416; x_wconf 91' lang='lat' dir='ltr'><strong>quurn</strong></span> <span class='ocrx_word' id='word_1_407' title='bbox 550 4353 581 4403; x_wconf 89' lang='lat' dir='ltr'>de</span> <span class='ocrx_word' id='word_1_408' title='bbox 595 4354 664 4403; x_wconf 89' lang='lat' dir='ltr'><strong>bonis</strong></span> <span class='ocrx_word' id='word_1_409' title='bbox 674 4355 735 4414; x_wconf 82' lang='lat' dir='ltr'><strong>stris,</strong></span> <span class='ocrx_word' id='word_1_410' title='bbox 759 4360 785 4402; x_wconf 92' lang='lat' dir='ltr'><strong>ut</strong></span> <span class='ocrx_word' id='word_1_411' title='bbox 794 4355 880 4416; x_wconf 85' lang='lat' dir='ltr'><strong>eoique</strong></span> <span class='ocrx_word' id='word_1_412' title='bbox 891 4356 997 4416; x_wconf 89' lang='lat' dir='ltr'><strong>placeat,</strong></span> 
     </span>
     <span class='ocr_line' id='line_1_48' title="bbox 218 4431 997 4493; baseline 0 -13"><span class='ocrx_word' id='word_1_413' title='bbox 218 4435 322 4480; x_wconf 76' lang='lat' dir='ltr'><strong>statuere</strong></span> <span class='ocrx_word' id='word_1_414' title='bbox 338 4431 416 4490; x_wconf 85' lang='lat' dir='ltr'><strong>liceat,</strong></span> <span class='ocrx_word' id='word_1_415' title='bbox 429 4434 454 4480; x_wconf 90' lang='lat' dir='ltr'>et</span> <span class='ocrx_word' id='word_1_416' title='bbox 470 4431 631 4493; x_wconf 84' lang='lat' dir='ltr'><strong>qtrodcuuque</strong></span> <span class='ocrx_word' id='word_1_417' title='bbox 645 4431 699 4492; x_wconf 81' lang='lat' dir='ltr'><strong>quis</strong></span> <span class='ocrx_word' id='word_1_418' title='bbox 715 4432 818 4480; x_wconf 86' lang='lat' dir='ltr'><strong>moriens</strong></span> <span class='ocrx_word' id='word_1_419' title='bbox 829 4431 859 4480; x_wconf 87' lang='lat' dir='ltr'>de</span> <span class='ocrx_word' id='word_1_420' title='bbox 871 4433 942 4480; x_wconf 88' lang='lat' dir='ltr'><strong>rebus</strong></span> <span class='ocrx_word' id='word_1_421' title='bbox 954 4433 997 4480; x_wconf 90' lang='lat' dir='ltr'>do·</span> 
     </span>
     <span class='ocr_line' id='line_1_49' title="bbox 218 4506 998 4571; baseline 0.003 -14"><span class='ocrx_word' id='word_1_422' title='bbox 218 4508 325 4558; x_wconf 82' lang='lat' dir='ltr'><strong>mesticis</strong></span> <span class='ocrx_word' id='word_1_423' title='bbox 337 4506 444 4569; x_wconf 71' lang='lat' dir='ltr'><strong>iusserit,</strong></span> <span class='ocrx_word' id='word_1_424' title='bbox 458 4509 497 4556; x_wconf 84' lang='lat' dir='ltr'><strong>lor</strong></span> <span class='ocrx_word' id='word_1_425' title='bbox 507 4509 547 4556; x_wconf 90' lang='lat' dir='ltr'><strong>sit.</strong></span> <span class='ocrx_word' id='word_1_426' title='bbox 568 4528 579 4550; x_wconf 83' lang='grc' dir='ltr'>ν</span> <span class='ocrx_word' id='word_1_427' title='bbox 594 4512 655 4558; x_wconf 87' lang='lat' dir='ltr'><strong>Turn</strong></span> <span class='ocrx_word' id='word_1_428' title='bbox 672 4508 711 4556; x_wconf 85' lang='lat' dir='ltr'><strong>ille</strong></span> <span class='ocrx_word' id='word_1_429' title='bbox 725 4510 820 4569; x_wconf 87' lang='lat' dir='ltr'><strong>plorans</strong></span> <span class='ocrx_word' id='word_1_430' title='bbox 834 4509 919 4570; x_wconf 85' lang='lat' dir='ltr'><strong>inquit,</strong></span> <span class='ocrx_word' id='word_1_431' title='bbox 937 4511 998 4571; x_wconf 78' lang='lat' dir='ltr'><strong>leges</strong></span> 
     </span>
     <span class='ocr_line' id='line_1_50' title="bbox 218 4585 997 4649; baseline -0.001 -13"><span class='ocrx_word' id='word_1_432' title='bbox 218 4586 281 4649; x_wconf 91' lang='lat' dir='ltr'><strong>apnd</strong></span> <span class='ocrx_word' id='word_1_433' title='bbox 291 4590 409 4636; x_wconf 82' lang='lat' dir='ltr'><strong>[ternanos</strong></span> <span class='ocrx_word' id='word_1_434' title='bbox 418 4585 492 4634; x_wconf 80' lang='lat' dir='ltr'><strong>borlas</strong></span> <span class='ocrx_word' id='word_1_435' title='bbox 501 4589 524 4635; x_wconf 92' lang='lat' dir='ltr'>el</span> <span class='ocrx_word' id='word_1_436' title='bbox 534 4585 710 4648; x_wconf 88' lang='lat' dir='ltr'><strong>rempublicam</strong></span> <span class='ocrx_word' id='word_1_437' title='bbox 720 4587 833 4646; x_wconf 79' lang='lat' dir='ltr'><strong>praeclare</strong></span> <span class='ocrx_word' id='word_1_438' title='bbox 842 4587 997 4636; x_wconf 87' lang='lat' dir='ltr'><strong>constitutam</strong></span> 
     </span>
     <span class='ocr_line' id='line_1_51' title="bbox 218 4662 995 4726; baseline -0.003 -12"><span class='ocrx_word' id='word_1_439' title='bbox 218 4677 278 4726; x_wconf 79' lang='lat' dir='ltr'><strong>arse,</strong></span> <span class='ocrx_word' id='word_1_440' title='bbox 289 4663 330 4712; x_wconf 86' lang='lat' dir='ltr'>sed</span> <span class='ocrx_word' id='word_1_441' title='bbox 340 4663 504 4723; x_wconf 79' lang='lat' dir='ltr'><strong>magistratus,</strong></span> <span class='ocrx_word' id='word_1_442' title='bbox 515 4662 613 4724; x_wconf 88' lang='lat' dir='ltr'><strong>quinon</strong></span> <span class='ocrx_word' id='word_1_443' title='bbox 624 4676 694 4723; x_wconf 86' lang='lat' dir='ltr'><strong>aeque</strong></span> <span class='ocrx_word' id='word_1_444' title='bbox 707 4677 735 4710; x_wconf 90' lang='lat' dir='ltr'>ac</span> <span class='ocrx_word' id='word_1_445' title='bbox 745 4663 815 4724; x_wconf 84' lang='lat' dir='ltr'><strong>prisci</strong></span> <span class='ocrx_word' id='word_1_446' title='bbox 826 4663 894 4725; x_wconf 92' lang='lat' dir='ltr'><strong>probi</strong></span> <span class='ocrx_word' id='word_1_447' title='bbox 904 4666 929 4713; x_wconf 87' lang='lat' dir='ltr'>et</span> <span class='ocrx_word' id='word_1_448' title='bbox 940 4677 995 4726; x_wconf 89' lang='lat' dir='ltr'><strong>pru·</strong></span> 
     </span>
     <span class='ocr_line' id='line_1_52' title="bbox 218 4742 764 4803; baseline -0.005 -10"><span class='ocrx_word' id='word_1_449' title='bbox 218 4745 301 4794; x_wconf 82' lang='lat' dir='ltr'><strong>dentes</strong></span> <span class='ocrx_word' id='word_1_450' title='bbox 309 4743 365 4802; x_wconf 87' lang='lat' dir='ltr'><strong>aiut,</strong></span> <span class='ocrx_word' id='word_1_451' title='bbox 374 4755 427 4790; x_wconf 88' lang='lat' dir='ltr'>eam</span> <span class='ocrx_word' id='word_1_452' title='bbox 438 4742 579 4790; x_wconf 76' lang='lat' dir='ltr'><strong>labefactare</strong></span> <span class='ocrx_word' id='word_1_453' title='bbox 587 4743 611 4790; x_wconf 88' lang='lat' dir='ltr'>et</span> <span class='ocrx_word' id='word_1_454' title='bbox 621 4745 764 4803; x_wconf 83' lang='lat' dir='ltr'><strong>pervertere.</strong></span> 
     </span>
    </p>

    <p class='ocr_par' dir='ltr' id='par_1_7' title="bbox 219 4818 997 5194">
     <span class='ocr_line' id='line_1_53' title="bbox 251 4818 995 4879; baseline -0.001 -9"><span class='ocrx_word' id='word_1_455' title='bbox 251 4825 308 4870; x_wconf 75' lang='lat' dir='ltr'><strong>llaec</strong></span> <span class='ocrx_word' id='word_1_456' title='bbox 320 4820 381 4867; x_wconf 88' lang='lat' dir='ltr'><strong>inter</strong></span> <span class='ocrx_word' id='word_1_457' title='bbox 398 4833 442 4866; x_wconf 90' lang='lat' dir='ltr'>nos</span> <span class='ocrx_word' id='word_1_458' title='bbox 455 4818 626 4867; x_wconf 84' lang='lat' dir='ltr'><strong>disserentibus</strong></span> <span class='ocrx_word' id='word_1_459' title='bbox 638 4819 724 4879; x_wconf 86' lang='lat' dir='ltr'><strong>aliquis</strong></span> <span class='ocrx_word' id='word_1_460' title='bbox 737 4831 767 4866; x_wconf 88' lang='lat' dir='ltr'>ex</span> <span class='ocrx_word' id='word_1_461' title='bbox 777 4818 913 4868; x_wconf 85' lang='lat' dir='ltr'><strong>domesticis</strong></span> <span class='ocrx_word' id='word_1_462' title='bbox 930 4823 995 4869; x_wconf 86' lang='lat' dir='ltr'><strong>One-</strong></span> 
     </span>
     <span class='ocr_line' id='line_1_54' title="bbox 219 4895 997 4959; baseline -0.001 -12"><span class='ocrx_word' id='word_1_463' title='bbox 219 4899 276 4958; x_wconf 74' lang='lat' dir='ltr'><strong>gesii</strong></span> <span class='ocrx_word' id='word_1_464' title='bbox 292 4901 415 4959; x_wconf 87' lang='lat' dir='ltr'><strong>septorum</strong></span> <span class='ocrx_word' id='word_1_465' title='bbox 428 4895 514 4943; x_wconf 90' lang='lat' dir='ltr'><strong>rlomus</strong></span> <span class='ocrx_word' id='word_1_466' title='bbox 523 4895 586 4943; x_wconf 84' lang='lat' dir='ltr'><strong>tores</strong></span> <span class='ocrx_word' id='word_1_467' title='bbox 599 4896 701 4956; x_wconf 89' lang='lat' dir='ltr'><strong>aperuit.</strong></span> <span class='ocrx_word' id='word_1_468' title='bbox 712 4898 762 4955; x_wconf 79' lang='lat' dir='ltr'>Ego</span> <span class='ocrx_word' id='word_1_469' title='bbox 776 4895 857 4944; x_wconf 87' lang='lat' dir='ltr'><strong>statim</strong></span> <span class='ocrx_word' id='word_1_470' title='bbox 871 4909 997 4946; x_wconf 87' lang='lat' dir='ltr'><strong>accurrere</strong></span> 
     </span>
     <span class='ocr_line' id='line_1_55' title="bbox 219 4974 997 5038; baseline 0.003 -14"><span class='ocrx_word' id='word_1_471' title='bbox 219 4980 243 5024; x_wconf 87' lang='lat' dir='ltr'>et</span> <span class='ocrx_word' id='word_1_472' title='bbox 258 4989 374 5038; x_wconf 77' lang='lat' dir='ltr'><strong>quaerere,</strong></span> <span class='ocrx_word' id='word_1_473' title='bbox 387 4989 493 5037; x_wconf 82' lang='lat' dir='ltr'><strong>quaeres</strong></span> <span class='ocrx_word' id='word_1_474' title='bbox 507 4977 588 5035; x_wconf 84' lang='lat' dir='ltr'><strong>ageret</strong></span> <span class='ocrx_word' id='word_1_475' title='bbox 599 4974 740 5034; x_wconf 75' lang='grc' dir='ltr'>Οιιοςςεοίυος</span> <span class='ocrx_word' id='word_1_476' title='bbox 756 4989 794 5024; x_wconf 91' lang='lat' dir='ltr'>me</span> <span class='ocrx_word' id='word_1_477' title='bbox 810 4975 873 5024; x_wconf 88' lang='lat' dir='ltr'><strong>enim</strong></span> <span class='ocrx_word' id='word_1_478' title='bbox 885 4975 997 5026; x_wconf 88' lang='lat' dir='ltr'><strong>baborea</strong></span> 
     </span>
     <span class='ocr_line' id='line_1_56' title="bbox 219 5053 997 5116; baseline 0 -13"><span class='ocrx_word' id='word_1_479' title='bbox 219 5057 360 5114; x_wconf 80' lang='lat' dir='ltr'><strong>Maximino,</strong></span> <span class='ocrx_word' id='word_1_480' title='bbox 371 5055 414 5116; x_wconf 84' lang='lat' dir='ltr'>qui</span> <span class='ocrx_word' id='word_1_481' title='bbox 429 5055 521 5114; x_wconf 77' lang='lat' dir='ltr'><strong>legatus</strong></span> <span class='ocrx_word' id='word_1_482' title='bbox 532 5067 546 5102; x_wconf 88' lang='lat' dir='ltr'>a</span> <span class='ocrx_word' id='word_1_483' title='bbox 559 5055 672 5102; x_wconf 87' lang='lat' dir='ltr'><strong>itomanis</strong></span> <span class='ocrx_word' id='word_1_484' title='bbox 687 5055 801 5114; x_wconf 79' lang='lat' dir='ltr'><strong>venisset,</strong></span> <span class='ocrx_word' id='word_1_485' title='bbox 812 5053 876 5116; x_wconf 85' lang='lat' dir='ltr'><strong>quod</strong></span> <span class='ocrx_word' id='word_1_486' title='bbox 887 5055 920 5102; x_wconf 92' lang='lat' dir='ltr'><strong>illi</strong></span> <span class='ocrx_word' id='word_1_487' title='bbox 932 5055 997 5103; x_wconf 85' lang='lat' dir='ltr'><strong>‹liee-</strong></span> 
     </span>
     <span class='ocr_line' id='line_1_57' title="bbox 221 5131 996 5194; baseline 0.001 -14"><span class='ocrx_word' id='word_1_488' title='bbox 221 5145 281 5180; x_wconf 89' lang='lat' dir='ltr'><strong>rem.</strong></span> <span class='ocrx_word' id='word_1_489' title='bbox 301 5134 342 5180; x_wconf 85' lang='lat' dir='ltr'><strong>llle</strong></span> <span class='ocrx_word' id='word_1_490' title='bbox 356 5145 412 5180; x_wconf 80' lang='lat' dir='ltr'><strong>uero</strong></span> <span class='ocrx_word' id='word_1_491' title='bbox 428 5132 570 5194; x_wconf 81' lang='lat' dir='ltr'><strong>Onegesimn</strong></span> <span class='ocrx_word' id='word_1_492' title='bbox 586 5132 642 5180; x_wconf 83' lang='lat' dir='ltr'><strong>nubi</strong></span> <span class='ocrx_word' id='word_1_493' title='bbox 658 5134 694 5182; x_wconf 87' lang='lat' dir='ltr'>sui</span> <span class='ocrx_word' id='word_1_494' title='bbox 709 5132 827 5182; x_wconf 88' lang='lat' dir='ltr'><strong>lecturum</strong></span> <span class='ocrx_word' id='word_1_495' title='bbox 844 5131 938 5193; x_wconf 83' lang='lat' dir='ltr'><strong>copiam</strong></span> <span class='ocrx_word' id='word_1_496' title='bbox 958 5145 996 5181; x_wconf 86' lang='lat' dir='ltr'>re·</span> 
     </span>
    </p>
   </div>
   <div class='ocr_carea' id='block_1_6' title="bbox 1041 817 1816 2997">
    <p class='ocr_par' dir='ltr' id='par_1_8' title="bbox 1041 817 1816 2997">
     <span class='ocr_line' id='line_1_58' title="bbox 1042 817 1806 898; baseline -0.001 -22"><span class='ocrx_word' id='word_1_497' title='bbox 1042 818 1189 898; x_wconf 81' lang='grc' dir='ltr'>προσελθὼν</span> <span class='ocrx_word' id='word_1_498' title='bbox 1205 817 1310 894; x_wconf 74' lang='grc' dir='ltr'>ἔλεγον,</span> <span class='ocrx_word' id='word_1_499' title='bbox 1327 821 1393 884; x_wconf 82' lang='grc' dir='ltr'>ὡςθ</span> <span class='ocrx_word' id='word_1_500' title='bbox 1415 817 1555 894; x_wconf 82' lang='grc' dir='ltr'>Ῥωμαίων</span> <span class='ocrx_word' id='word_1_501' title='bbox 1576 821 1653 877; x_wconf 77' lang='grc' dir='ltr'>αὐτὸν</span> <span class='ocrx_word' id='word_1_502' title='bbox 1673 821 1806 887; x_wconf 79' lang='grc' dir='ltr'>ἀσπάζεται</span> 
     </span>
     <span class='ocr_line' id='line_1_59' title="bbox 1041 905 1806 988; baseline 0 -24"><span class='ocrx_word' id='word_1_503' title='bbox 1041 905 1215 987; x_wconf 75' lang='grc' dir='ltr'>πρεσὸευτὴς,</span> <span class='ocrx_word' id='word_1_504' title='bbox 1229 907 1273 965; x_wconf 80' lang='grc' dir='ltr'>καί</span> <span class='ocrx_word' id='word_1_505' title='bbox 1287 908 1357 988; x_wconf 83' lang='grc' dir='ltr'>δῶρα</span> <span class='ocrx_word' id='word_1_506' title='bbox 1371 905 1396 974; x_wconf 78' lang='grc' dir='ltr'>ἐξ</span> <span class='ocrx_word' id='word_1_507' title='bbox 1411 909 1490 964; x_wconf 83' lang='grc' dir='ltr'>αὐτοῦ</span> <span class='ocrx_word' id='word_1_508' title='bbox 1501 907 1558 976; x_wconf 71' lang='grc' dir='ltr'>ἥκω</span> <span class='ocrx_word' id='word_1_509' title='bbox 1571 907 1653 986; x_wconf 88' lang='grc' dir='ltr'>φέροιν</span> <span class='ocrx_word' id='word_1_510' title='bbox 1669 909 1713 966; x_wconf 86' lang='grc' dir='ltr'>σθν</span> <span class='ocrx_word' id='word_1_511' title='bbox 1724 907 1806 986; x_wconf 78' lang='grc' dir='ltr'>καὶτῷ</span> 
     </span>
     <span class='ocr_line' id='line_1_60' title="bbox 1041 993 1807 1074; baseline 0 -22"><span class='ocrx_word' id='word_1_512' title='bbox 1041 995 1113 1072; x_wconf 88' lang='grc' dir='ltr'>παρδι</span> <span class='ocrx_word' id='word_1_513' title='bbox 1144 997 1270 1073; x_wconf 83' lang='grc' dir='ltr'>βασιλέως</span> <span class='ocrx_word' id='word_1_514' title='bbox 1298 993 1442 1070; x_wconf 74' lang='grc' dir='ltr'>πεμφθέντι</span> <span class='ocrx_word' id='word_1_515' title='bbox 1466 993 1576 1074; x_wconf 83' lang='grc' dir='ltr'>χρυσίῳ·</span> <span class='ocrx_word' id='word_1_516' title='bbox 1601 996 1768 1053; x_wconf 80' lang='grc' dir='ltr'>ἐσπουδακότι</span> <span class='ocrx_word' id='word_1_517' title='bbox 1783 995 1807 1052; x_wconf 79' lang='grc' dir='ltr'>δέ</span> 
     </span>
     <span class='ocr_line' id='line_1_61' title="bbox 1042 1073 1804 1160; baseline 0.003 -20"><span class='ocrx_word' id='word_1_518' title='bbox 1042 1085 1067 1149; x_wconf 76' lang='grc' dir='ltr'>ἐς</span> <span class='ocrx_word' id='word_1_519' title='bbox 1088 1083 1177 1160; x_wconf 88' lang='grc' dir='ltr'>λόγους</span> <span class='ocrx_word' id='word_1_520' title='bbox 1200 1081 1299 1158; x_wconf 82' lang='grc' dir='ltr'>ἐλθεῖν,</span> <span class='ocrx_word' id='word_1_521' title='bbox 1316 1073 1342 1139; x_wconf 82' lang='grc' dir='ltr'>οἶ</span> <span class='ocrx_word' id='word_1_522' title='bbox 1354 1082 1399 1138; x_wconf 82' lang='grc' dir='ltr'>καί</span> <span class='ocrx_word' id='word_1_523' title='bbox 1421 1080 1484 1139; x_wconf 88' lang='grc' dir='ltr'>πότι</span> <span class='ocrx_word' id='word_1_524' title='bbox 1505 1082 1626 1159; x_wconf 86' lang='grc' dir='ltr'>βούλεται</span> <span class='ocrx_word' id='word_1_525' title='bbox 1641 1082 1804 1158; x_wconf 87' lang='grc' dir='ltr'>διαλέγεσθαι.</span> 
     </span>
     <span class='ocr_line' id='line_1_62' title="bbox 1043 1167 1807 1248; baseline -0.005 -18"><span class='ocrx_word' id='word_1_526' title='bbox 1043 1169 1095 1230; x_wconf 83' lang='grc' dir='ltr'>Καί</span> <span class='ocrx_word' id='word_1_527' title='bbox 1106 1169 1133 1235; x_wconf 88' lang='grc' dir='ltr'>ὃς</span> <span class='ocrx_word' id='word_1_528' title='bbox 1146 1167 1176 1227; x_wconf 89' lang='grc' dir='ltr'>τό</span> <span class='ocrx_word' id='word_1_529' title='bbox 1194 1191 1222 1226; x_wconf 92' lang='grc' dir='ltr'>τε</span> <span class='ocrx_word' id='word_1_530' title='bbox 1237 1167 1344 1247; x_wconf 89' lang='grc' dir='ltr'>χρυσίον</span> <span class='ocrx_word' id='word_1_531' title='bbox 1358 1167 1392 1226; x_wconf 87' lang='grc' dir='ltr'>τά</span> <span class='ocrx_word' id='word_1_532' title='bbox 1407 1191 1435 1226; x_wconf 92' lang='grc' dir='ltr'>τε</span> <span class='ocrx_word' id='word_1_533' title='bbox 1450 1171 1519 1246; x_wconf 83' lang='grc' dir='ltr'>δῶρα</span> <span class='ocrx_word' id='word_1_534' title='bbox 1534 1168 1652 1227; x_wconf 77' lang='grc' dir='ltr'>ἐκελευσε</span> <span class='ocrx_word' id='word_1_535' title='bbox 1666 1168 1723 1234; x_wconf 73' lang='grc' dir='ltr'>τούς</span> <span class='ocrx_word' id='word_1_536' title='bbox 1736 1191 1807 1248; x_wconf 84' lang='grc' dir='ltr'>προσ·</span> 
     </span>
     <span class='ocr_line' id='line_1_63' title="bbox 1041 1253 1807 1335; baseline -0.001 -21"><span class='ocrx_word' id='word_1_537' title='bbox 1041 1258 1151 1328; x_wconf 75' lang='grc' dir='ltr'>ήκοντας</span> <span class='ocrx_word' id='word_1_538' title='bbox 1166 1255 1301 1329; x_wconf 76' lang='grc' dir='ltr'>δέξασθαι,</span> <span class='ocrx_word' id='word_1_539' title='bbox 1319 1253 1365 1331; x_wconf 78' lang='grc' dir='ltr'>ε’μέ</span> <span class='ocrx_word' id='word_1_540' title='bbox 1382 1256 1409 1314; x_wconf 76' lang='grc' dir='ltr'>δέ</span> <span class='ocrx_word' id='word_1_541' title='bbox 1427 1256 1600 1334; x_wconf 83' lang='grc' dir='ltr'>ἀπαγγέλλειν</span> <span class='ocrx_word' id='word_1_542' title='bbox 1614 1256 1764 1335; x_wconf 80' lang='grc' dir='ltr'>Μαξιμίνιρ,</span> <span class='ocrx_word' id='word_1_543' title='bbox 1777 1259 1807 1321; x_wconf 83' lang='grc' dir='ltr'>ὡς</span> 
     </span>
     <span class='ocr_line' id='line_1_64' title="bbox 1041 1343 1808 1422; baseline -0.005 -20"><span class='ocrx_word' id='word_1_544' title='bbox 1041 1345 1098 1416; x_wconf 75' lang='grc' dir='ltr'>ἥξοι</span> <span class='ocrx_word' id='word_1_545' title='bbox 1113 1344 1206 1402; x_wconf 81' lang='grc' dir='ltr'>αὐτίκα</span> <span class='ocrx_word' id='word_1_546' title='bbox 1220 1347 1282 1422; x_wconf 84' lang='grc' dir='ltr'>παρ’</span> <span class='ocrx_word' id='word_1_547' title='bbox 1296 1343 1384 1404; x_wconf 83' lang='grc' dir='ltr'>αὐτόν.</span> <span class='ocrx_word' id='word_1_548' title='bbox 1405 1343 1536 1418; x_wconf 74' lang='grc' dir='ltr'>Ἐριήνυον</span> <span class='ocrx_word' id='word_1_549' title='bbox 1557 1345 1641 1403; x_wconf 90' lang='grc' dir='ltr'>τοίνυν</span> <span class='ocrx_word' id='word_1_550' title='bbox 1659 1344 1808 1413; x_wconf 78' lang='grc' dir='ltr'>ἐπανελθὼν,</span> 
     </span>
     <span class='ocr_line' id='line_1_65' title="bbox 1042 1425 1809 1510; baseline -0.007 -19"><span class='ocrx_word' id='word_1_551' title='bbox 1042 1433 1084 1491; x_wconf 85' lang='grc' dir='ltr'>τὸν</span> <span class='ocrx_word' id='word_1_552' title='bbox 1102 1431 1260 1510; x_wconf 74' lang='grc' dir='ltr'>Ὀνηγάσιον</span> <span class='ocrx_word' id='word_1_553' title='bbox 1274 1431 1477 1510; x_wconf 87' lang='grc' dir='ltr'>παραγίνεσθαι·</span> <span class='ocrx_word' id='word_1_554' title='bbox 1497 1431 1542 1490; x_wconf 82' lang='grc' dir='ltr'>καί</span> <span class='ocrx_word' id='word_1_555' title='bbox 1561 1432 1634 1498; x_wconf 83' lang='grc' dir='ltr'>εὐθὺς</span> <span class='ocrx_word' id='word_1_556' title='bbox 1648 1425 1710 1504; x_wconf 75' lang='grc' dir='ltr'>ἧκεν</span> <span class='ocrx_word' id='word_1_557' title='bbox 1728 1433 1752 1497; x_wconf 83' lang='grc' dir='ltr'>ἐς</span> <span class='ocrx_word' id='word_1_558' title='bbox 1768 1430 1809 1501; x_wconf 71' lang='grc' dir='ltr'>τὴν</span> 
     </span>
     <span class='ocr_line' id='line_1_66' title="bbox 1042 1517 1809 1600; baseline -0.007 -22"><span class='ocrx_word' id='word_1_559' title='bbox 1042 1517 1150 1592; x_wconf 71' lang='grc' dir='ltr'>σκηνήν.</span> <span class='ocrx_word' id='word_1_560' title='bbox 1173 1518 1328 1598; x_wconf 82' lang='grc' dir='ltr'>Προσειπθνν</span> <span class='ocrx_word' id='word_1_561' title='bbox 1344 1519 1370 1576; x_wconf 83' lang='grc' dir='ltr'>δέ</span> <span class='ocrx_word' id='word_1_562' title='bbox 1392 1518 1435 1577; x_wconf 87' lang='grc' dir='ltr'>τὸν</span> <span class='ocrx_word' id='word_1_563' title='bbox 1456 1519 1605 1596; x_wconf 84' lang='grc' dir='ltr'>Μαξιμῖνον</span> <span class='ocrx_word' id='word_1_564' title='bbox 1626 1519 1722 1600; x_wconf 82' lang='grc' dir='ltr'>ἔφασκε</span> <span class='ocrx_word' id='word_1_565' title='bbox 1740 1520 1809 1598; x_wconf 80' lang='grc' dir='ltr'>χάριν</span> 
     </span>
     <span class='ocr_line' id='line_1_67' title="bbox 1043 1605 1810 1687; baseline -0.005 -21"><span class='ocrx_word' id='word_1_566' title='bbox 1043 1609 1178 1684; x_wconf 81' lang='grc' dir='ltr'>ὁμολογεῖν</span> <span class='ocrx_word' id='word_1_567' title='bbox 1193 1607 1258 1687; x_wconf 76' lang='grc' dir='ltr'>ὑπέρ</span> <span class='ocrx_word' id='word_1_568' title='bbox 1279 1611 1330 1664; x_wconf 80' lang='grc' dir='ltr'>τῶν</span> <span class='ocrx_word' id='word_1_569' title='bbox 1345 1607 1433 1685; x_wconf 85' lang='grc' dir='ltr'>δώρων</span> <span class='ocrx_word' id='word_1_570' title='bbox 1451 1609 1522 1686; x_wconf 79' lang='grc' dir='ltr'>αὐτῷ</span> <span class='ocrx_word' id='word_1_571' title='bbox 1543 1607 1630 1666; x_wconf 76' lang='grc' dir='ltr'>τεκαὶ</span> <span class='ocrx_word' id='word_1_572' title='bbox 1646 1608 1759 1686; x_wconf 84' lang='grc' dir='ltr'>βασιλεῖ,</span> <span class='ocrx_word' id='word_1_573' title='bbox 1771 1605 1810 1663; x_wconf 85' lang='grc' dir='ltr'>καί</span> 
     </span>
     <span class='ocr_line' id='line_1_68' title="bbox 1044 1692 1808 1775; baseline -0.005 -23"><span class='ocrx_word' id='word_1_574' title='bbox 1044 1692 1164 1775; x_wconf 80' lang='grc' dir='ltr'>ἀνηρώτα</span> <span class='ocrx_word' id='word_1_575' title='bbox 1177 1693 1192 1750; x_wconf 84' lang='grc' dir='ltr'>ό</span> <span class='ocrx_word' id='word_1_576' title='bbox 1207 1716 1232 1750; x_wconf 90' lang='grc' dir='ltr'>τι</span> <span class='ocrx_word' id='word_1_577' title='bbox 1251 1693 1335 1770; x_wconf 89' lang='grc' dir='ltr'>λέγειν</span> <span class='ocrx_word' id='word_1_578' title='bbox 1352 1693 1508 1771; x_wconf 73' lang='grc' dir='ltr'>βουλόμενος</span> <span class='ocrx_word' id='word_1_579' title='bbox 1529 1693 1607 1751; x_wconf 81' lang='grc' dir='ltr'>αὐτόν</span> <span class='ocrx_word' id='word_1_580' title='bbox 1622 1693 1808 1772; x_wconf 73' lang='grc' dir='ltr'>μετεπέμψατο.</span> 
     </span>
     <span class='ocr_line' id='line_1_69' title="bbox 1044 1779 1811 1862; baseline -0.009 -19"><span class='ocrx_word' id='word_1_581' title='bbox 1044 1782 1078 1843; x_wconf 85' lang='grc' dir='ltr'>Ὁ</span> <span class='ocrx_word' id='word_1_582' title='bbox 1095 1783 1121 1839; x_wconf 82' lang='grc' dir='ltr'>δὲ</span> <span class='ocrx_word' id='word_1_583' title='bbox 1137 1779 1247 1862; x_wconf 81' lang='grc' dir='ltr'>ἔφασκεν</span> <span class='ocrx_word' id='word_1_584' title='bbox 1265 1781 1339 1850; x_wconf 84' lang='grc' dir='ltr'>ἥκειν</span> <span class='ocrx_word' id='word_1_585' title='bbox 1352 1781 1457 1861; x_wconf 80' lang='grc' dir='ltr'>καιρόν,</span> <span class='ocrx_word' id='word_1_586' title='bbox 1477 1781 1544 1839; x_wconf 83' lang='grc' dir='ltr'>θίστε</span> <span class='ocrx_word' id='word_1_587' title='bbox 1561 1781 1719 1858; x_wconf 71' lang='grc' dir='ltr'>Ὀνηγῆσιον</span> <span class='ocrx_word' id='word_1_588' title='bbox 1735 1785 1811 1856; x_wconf 79' lang='grc' dir='ltr'>μεῖζον</span> 
     </span>
     <span class='ocr_line' id='line_1_70' title="bbox 1043 1865 1810 1949; baseline -0.007 -22"><span class='ocrx_word' id='word_1_589' title='bbox 1043 1873 1069 1928; x_wconf 84' lang='grc' dir='ltr'>ἐν</span> <span class='ocrx_word' id='word_1_590' title='bbox 1088 1867 1232 1949; x_wconf 76' lang='grc' dir='ltr'>ἀνθρώποις</span> <span class='ocrx_word' id='word_1_591' title='bbox 1248 1867 1310 1936; x_wconf 79' lang='grc' dir='ltr'>ἕξειν</span> <span class='ocrx_word' id='word_1_592' title='bbox 1330 1868 1416 1940; x_wconf 87' lang='grc' dir='ltr'>κλέος,</span> <span class='ocrx_word' id='word_1_593' title='bbox 1434 1867 1507 1947; x_wconf 83' lang='grc' dir='ltr'>εἴπερ</span> <span class='ocrx_word' id='word_1_594' title='bbox 1521 1868 1593 1948; x_wconf 81' lang='grc' dir='ltr'>παρὰ</span> <span class='ocrx_word' id='word_1_595' title='bbox 1614 1867 1724 1946; x_wconf 82' lang='grc' dir='ltr'>βασιλέα</span> <span class='ocrx_word' id='word_1_596' title='bbox 1739 1865 1810 1924; x_wconf 81' lang='grc' dir='ltr'>ἐλθὼν</span> 
     </span>
     <span class='ocr_line' id='line_1_71' title="bbox 1044 1954 1812 2036; baseline -0.004 -21"><span class='ocrx_word' id='word_1_597' title='bbox 1044 1956 1214 2034; x_wconf 74' lang='grc' dir='ltr'>διευκρινήσει</span> <span class='ocrx_word' id='word_1_598' title='bbox 1229 1955 1261 2014; x_wconf 81' lang='grc' dir='ltr'>τά</span> <span class='ocrx_word' id='word_1_599' title='bbox 1277 1955 1411 2036; x_wconf 79' lang='grc' dir='ltr'>άμφίόολα</span> <span class='ocrx_word' id='word_1_600' title='bbox 1423 1959 1454 2034; x_wconf 83' lang='grc' dir='ltr'>τῇ</span> <span class='ocrx_word' id='word_1_601' title='bbox 1467 1955 1579 2036; x_wconf 79' lang='grc' dir='ltr'>σφετέρφ</span> <span class='ocrx_word' id='word_1_602' title='bbox 1591 1955 1694 2014; x_wconf 89' lang='grc' dir='ltr'>συνέσει</span> <span class='ocrx_word' id='word_1_603' title='bbox 1705 1956 1746 2013; x_wconf 80' lang='grc' dir='ltr'>καὶ</span> <span class='ocrx_word' id='word_1_604' title='bbox 1757 1954 1812 2030; x_wconf 78' lang='grc' dir='ltr'>ὁμό-</span> 
     </span>
     <span class='ocr_line' id='line_1_72' title="bbox 1043 2043 1812 2120; baseline -0.007 -17"><span class='ocrx_word' id='word_1_605' title='bbox 1043 2067 1112 2103; x_wconf 89' lang='grc' dir='ltr'>νοιαν</span> <span class='ocrx_word' id='word_1_606' title='bbox 1126 2043 1267 2120; x_wconf 85' lang='grc' dir='ltr'>Ῥωμαίοις</span> <span class='ocrx_word' id='word_1_607' title='bbox 1281 2045 1325 2102; x_wconf 84' lang='grc' dir='ltr'>καί</span> <span class='ocrx_word' id='word_1_608' title='bbox 1339 2043 1447 2110; x_wconf 85' lang='grc' dir='ltr'>Ούννοις</span> <span class='ocrx_word' id='word_1_609' title='bbox 1459 2044 1666 2116; x_wconf 74' lang='grc' dir='ltr'>καταστήσεται.</span> <span class='ocrx_word' id='word_1_610' title='bbox 1681 2043 1812 2112; x_wconf 76' lang='grc' dir='ltr'>Γενησεται</span> 
     </span>
     <span class='ocr_line' id='line_1_73' title="bbox 1042 2125 1810 2213; baseline -0.001 -25"><span class='ocrx_word' id='word_1_611' title='bbox 1042 2129 1093 2213; x_wconf 70' lang='grc' dir='ltr'>γάρ</span> <span class='ocrx_word' id='word_1_612' title='bbox 1109 2129 1207 2190; x_wconf 87' lang='grc' dir='ltr'>ἐνθένδε</span> <span class='ocrx_word' id='word_1_613' title='bbox 1222 2135 1250 2188; x_wconf 88' lang='grc' dir='ltr'>ού</span> <span class='ocrx_word' id='word_1_614' title='bbox 1264 2131 1342 2206; x_wconf 92' lang='grc' dir='ltr'>μόνον</span> <span class='ocrx_word' id='word_1_615' title='bbox 1357 2133 1410 2198; x_wconf 86' lang='grc' dir='ltr'>τοῖς</span> <span class='ocrx_word' id='word_1_616' title='bbox 1430 2130 1527 2189; x_wconf 82' lang='grc' dir='ltr'>ἔθνεσιν</span> <span class='ocrx_word' id='word_1_617' title='bbox 1544 2131 1700 2210; x_wconf 81' lang='grc' dir='ltr'>ἀμφοτέροις</span> <span class='ocrx_word' id='word_1_618' title='bbox 1719 2125 1810 2207; x_wconf 82' lang='grc' dir='ltr'>συμφέ-</span> 
     </span>
     <span class='ocr_line' id='line_1_74' title="bbox 1043 2217 1810 2298; baseline -0.004 -22"><span class='ocrx_word' id='word_1_619' title='bbox 1043 2241 1085 2296; x_wconf 88' lang='grc' dir='ltr'>ρον</span> <span class='ocrx_word' id='word_1_620' title='bbox 1095 2242 1101 2255; x_wconf 88' lang='grc'><em>·</em></span> <span class='ocrx_word' id='word_1_621' title='bbox 1112 2217 1180 2276; x_wconf 76' lang='lat' dir='ltr'><strong>elil</strong></span> <span class='ocrx_word' id='word_1_622' title='bbox 1193 2219 1237 2276; x_wconf 84' lang='grc' dir='ltr'>καθ</span> <span class='ocrx_word' id='word_1_623' title='bbox 1248 2223 1286 2297; x_wconf 83' lang='grc' dir='ltr'>τῷ</span> <span class='ocrx_word' id='word_1_624' title='bbox 1300 2219 1414 2298; x_wconf 82' lang='grc' dir='ltr'>σφετέρῳ</span> <span class='ocrx_word' id='word_1_625' title='bbox 1426 2217 1488 2298; x_wconf 86' lang='grc' dir='ltr'>οίκῳ</span> <span class='ocrx_word' id='word_1_626' title='bbox 1501 2218 1585 2295; x_wconf 79' lang='grc' dir='ltr'>ἀγαθά</span> <span class='ocrx_word' id='word_1_627' title='bbox 1597 2219 1706 2297; x_wconf 79' lang='grc' dir='ltr'>παρέξει</span> <span class='ocrx_word' id='word_1_628' title='bbox 1718 2217 1810 2288; x_wconf 72' lang='grc' dir='ltr'>πολλὰ,</span> 
     </span>
     <span class='ocr_line' id='line_1_75' title="bbox 1043 2305 1813 2383; baseline -0.005 -19"><span class='ocrx_word' id='word_1_629' title='bbox 1043 2305 1187 2375; x_wconf 76' lang='grc' dir='ltr'>ἐπιτήδειος</span> <span class='ocrx_word' id='word_1_630' title='bbox 1200 2305 1270 2362; x_wconf 85' lang='grc' dir='ltr'>ἐσαεί</span> <span class='ocrx_word' id='word_1_631' title='bbox 1286 2305 1363 2372; x_wconf 86' lang='grc' dir='ltr'>αὐτός</span> <span class='ocrx_word' id='word_1_632' title='bbox 1376 2328 1404 2362; x_wconf 85' lang='grc' dir='ltr'>τε</span> <span class='ocrx_word' id='word_1_633' title='bbox 1418 2307 1463 2363; x_wconf 87' lang='grc' dir='ltr'>καί</span> <span class='ocrx_word' id='word_1_634' title='bbox 1479 2309 1502 2364; x_wconf 85' lang='grc' dir='ltr'>οἱ</span> <span class='ocrx_word' id='word_1_635' title='bbox 1520 2309 1597 2364; x_wconf 84' lang='grc' dir='ltr'>αὐτοῦ</span> <span class='ocrx_word' id='word_1_636' title='bbox 1612 2309 1706 2372; x_wconf 87' lang='grc' dir='ltr'>παῖδες</span> <span class='ocrx_word' id='word_1_637' title='bbox 1721 2307 1813 2383; x_wconf 82' lang='grc' dir='ltr'>βασιλεῖ</span> 
     </span>
     <span class='ocr_line' id='line_1_76' title="bbox 1044 2392 1814 2472; baseline 0 -22"><span class='ocrx_word' id='word_1_638' title='bbox 1044 2417 1072 2451; x_wconf 91' lang='grc' dir='ltr'>τε</span> <span class='ocrx_word' id='word_1_639' title='bbox 1093 2393 1139 2452; x_wconf 83' lang='grc' dir='ltr'>καί</span> <span class='ocrx_word' id='word_1_640' title='bbox 1160 2397 1196 2472; x_wconf 81' lang='grc' dir='ltr'>τῷ</span> <span class='ocrx_word' id='word_1_641' title='bbox 1212 2392 1307 2452; x_wconf 84' lang='grc' dir='ltr'>ἐκείνου</span> <span class='ocrx_word' id='word_1_642' title='bbox 1329 2393 1447 2470; x_wconf 81' lang='grc' dir='ltr'>ἐσόμενοι</span> <span class='ocrx_word' id='word_1_643' title='bbox 1462 2394 1539 2468; x_wconf 88' lang='grc' dir='ltr'>γένει.</span> <span class='ocrx_word' id='word_1_644' title='bbox 1561 2393 1596 2453; x_wconf 88' lang='grc' dir='ltr'>Ὁ</span> <span class='ocrx_word' id='word_1_645' title='bbox 1617 2393 1645 2452; x_wconf 80' lang='grc' dir='ltr'>δέ</span> <span class='ocrx_word' id='word_1_646' title='bbox 1669 2393 1814 2469; x_wconf 74' lang='grc' dir='ltr'>Ὀνηγήσιος</span> 
     </span>
     <span class='ocr_line' id='line_1_77' title="bbox 1045 2479 1813 2559; baseline -0.005 -21"><span class='ocrx_word' id='word_1_647' title='bbox 1045 2479 1109 2559; x_wconf 81' lang='grc' dir='ltr'>ἔφη·</span> <span class='ocrx_word' id='word_1_648' title='bbox 1130 2480 1175 2538; x_wconf 85' lang='grc' dir='ltr'>καλ</span> <span class='ocrx_word' id='word_1_649' title='bbox 1189 2479 1213 2537; x_wconf 87' lang='grc' dir='ltr'>τί</span> <span class='ocrx_word' id='word_1_650' title='bbox 1233 2483 1365 2544; x_wconf 82' lang='grc' dir='ltr'>ποιοῦντες</span> <span class='ocrx_word' id='word_1_651' title='bbox 1383 2479 1578 2558; x_wconf 82' lang='grc' dir='ltr'>κεχαρισμένοις</span> <span class='ocrx_word' id='word_1_652' title='bbox 1595 2483 1701 2559; x_wconf 84' lang='grc' dir='ltr'>βασιλεῖ</span> <span class='ocrx_word' id='word_1_653' title='bbox 1718 2480 1734 2551; x_wconf 77' lang='grc' dir='ltr'>ἢ</span> <span class='ocrx_word' id='word_1_654' title='bbox 1752 2479 1813 2544; x_wconf 84' lang='grc' dir='ltr'>δπως</span> 
     </span>
     <span class='ocr_line' id='line_1_78' title="bbox 1043 2565 1813 2646; baseline 0 -22"><span class='ocrx_word' id='word_1_655' title='bbox 1043 2569 1107 2646; x_wconf 83' lang='grc' dir='ltr'>παρ’</span> <span class='ocrx_word' id='word_1_656' title='bbox 1116 2570 1193 2626; x_wconf 84' lang='grc' dir='ltr'>αὐτοῦ</span> <span class='ocrx_word' id='word_1_657' title='bbox 1205 2567 1237 2625; x_wconf 83' lang='grc' dir='ltr'>τότ</span> <span class='ocrx_word' id='word_1_658' title='bbox 1249 2565 1383 2646; x_wconf 61' lang='lat' dir='ltr'><strong>&amp;epitola</strong></span> <span class='ocrx_word' id='word_1_659' title='bbox 1397 2567 1483 2638; x_wconf 82' lang='grc' dir='ltr'>λυθείη</span> <span class='ocrx_word' id='word_1_660' title='bbox 1493 2591 1500 2638; x_wconf 91' lang='lat'>;</span> <span class='ocrx_word' id='word_1_661' title='bbox 1512 2566 1729 2646; x_wconf 79' lang='grc' dir='ltr'>Ἀποκριναμένου</span> <span class='ocrx_word' id='word_1_662' title='bbox 1740 2569 1774 2638; x_wconf 82' lang='grc' dir='ltr'>δὲ,</span> <span class='ocrx_word' id='word_1_663' title='bbox 1783 2571 1813 2632; x_wconf 81' lang='grc' dir='ltr'>ὡς</span> 
     </span>
     <span class='ocr_line' id='line_1_79' title="bbox 1045 2653 1813 2736; baseline -0.004 -24"><span class='ocrx_word' id='word_1_664' title='bbox 1045 2653 1135 2722; x_wconf 82' lang='grc' dir='ltr'>διαόθς</span> <span class='ocrx_word' id='word_1_665' title='bbox 1150 2654 1196 2730; x_wconf 79' lang='grc' dir='ltr'>μέν</span> <span class='ocrx_word' id='word_1_666' title='bbox 1208 2657 1243 2720; x_wconf 84' lang='grc' dir='ltr'>εἷς</span> <span class='ocrx_word' id='word_1_667' title='bbox 1254 2653 1302 2724; x_wconf 78' lang='grc' dir='ltr'>τὴν</span> <span class='ocrx_word' id='word_1_668' title='bbox 1316 2655 1459 2730; x_wconf 87' lang='grc' dir='ltr'>Ῥωμαίων</span> <span class='ocrx_word' id='word_1_669' title='bbox 1474 2658 1576 2734; x_wconf 88' lang='grc' dir='ltr'>βασιλεῖ</span> <span class='ocrx_word' id='word_1_670' title='bbox 1590 2660 1636 2726; x_wconf 83' lang='grc' dir='ltr'>τὴν</span> <span class='ocrx_word' id='word_1_671' title='bbox 1652 2657 1729 2736; x_wconf 88' lang='grc' dir='ltr'>χάριν</span> <span class='ocrx_word' id='word_1_672' title='bbox 1740 2679 1813 2714; x_wconf 86' lang='grc' dir='ltr'>κατα-</span> 
     </span>
     <span class='ocr_line' id='line_1_80' title="bbox 1044 2739 1813 2822; baseline -0.005 -21"><span class='ocrx_word' id='word_1_673' title='bbox 1044 2743 1134 2816; x_wconf 76' lang='grc' dir='ltr'>θήσει,</span> <span class='ocrx_word' id='word_1_674' title='bbox 1150 2741 1321 2822; x_wconf 63' lang='grc' dir='ltr'>διευκρινῆσαι</span> <span class='ocrx_word' id='word_1_675' title='bbox 1334 2743 1361 2800; x_wconf 82' lang='grc' dir='ltr'>δὲ</span> <span class='ocrx_word' id='word_1_676' title='bbox 1372 2739 1406 2799; x_wconf 84' lang='grc' dir='ltr'>τόν</span> <span class='ocrx_word' id='word_1_677' title='bbox 1421 2742 1556 2822; x_wconf 85' lang='grc' dir='ltr'>άμφίόολα</span> <span class='ocrx_word' id='word_1_678' title='bbox 1566 2743 1613 2810; x_wconf 79' lang='grc' dir='ltr'>τὰς</span> <span class='ocrx_word' id='word_1_679' title='bbox 1628 2744 1714 2808; x_wconf 85' lang='grc' dir='ltr'>αἰτίας</span> <span class='ocrx_word' id='word_1_680' title='bbox 1726 2746 1813 2819; x_wconf 79' lang='grc' dir='ltr'>διερευ-</span> 
     </span>
     <span class='ocr_line' id='line_1_81' title="bbox 1045 2829 1815 2908; baseline 0.001 -24"><span class='ocrx_word' id='word_1_681' title='bbox 1045 2835 1095 2887; x_wconf 75' lang='grc' dir='ltr'>νεῗιν</span> <span class='ocrx_word' id='word_1_682' title='bbox 1107 2831 1152 2888; x_wconf 79' lang='grc' dir='ltr'>καί</span> <span class='ocrx_word' id='word_1_683' title='bbox 1163 2830 1259 2894; x_wconf 89' lang='grc' dir='ltr'>ταύτας</span> <span class='ocrx_word' id='word_1_684' title='bbox 1270 2829 1337 2886; x_wconf 74' lang='grc' dir='ltr'>κατὰ</span> <span class='ocrx_word' id='word_1_685' title='bbox 1349 2829 1392 2887; x_wconf 76' lang='grc' dir='ltr'>τὸν</span> <span class='ocrx_word' id='word_1_686' title='bbox 1402 2834 1448 2899; x_wconf 75' lang='grc' dir='ltr'>τῆς</span> <span class='ocrx_word' id='word_1_687' title='bbox 1458 2829 1559 2906; x_wconf 72' lang='grc' dir='ltr'>εἰρήνης</span> <span class='ocrx_word' id='word_1_688' title='bbox 1567 2830 1636 2888; x_wconf 87' lang='grc' dir='ltr'>λύων</span> <span class='ocrx_word' id='word_1_689' title='bbox 1647 2829 1749 2905; x_wconf 82' lang='grc' dir='ltr'>θεσμόν,</span> <span class='ocrx_word' id='word_1_690' title='bbox 1760 2830 1815 2908; x_wconf 84' lang='grc' dir='ltr'>έφα·</span> 
     </span>
     <span class='ocr_line' id='line_1_82' title="bbox 1045 2916 1816 2997; baseline -0.005 -22"><span class='ocrx_word' id='word_1_691' title='bbox 1045 2940 1105 2975; x_wconf 88' lang='grc' dir='ltr'>σκεν</span> <span class='ocrx_word' id='word_1_692' title='bbox 1118 2921 1203 2976; x_wconf 84' lang='grc' dir='ltr'>ἐκεῖνα</span> <span class='ocrx_word' id='word_1_693' title='bbox 1218 2917 1283 2996; x_wconf 79' lang='grc' dir='ltr'>ἐρεῖν</span> <span class='ocrx_word' id='word_1_694' title='bbox 1299 2918 1400 2994; x_wconf 83' lang='grc' dir='ltr'>βασιλεῖ</span> <span class='ocrx_word' id='word_1_695' title='bbox 1409 2941 1436 2975; x_wconf 90' lang='grc' dir='ltr'>τε</span> <span class='ocrx_word' id='word_1_696' title='bbox 1448 2917 1494 2973; x_wconf 85' lang='grc' dir='ltr'>καί</span> <span class='ocrx_word' id='word_1_697' title='bbox 1509 2920 1561 2982; x_wconf 85' lang='grc' dir='ltr'>τοῖς</span> <span class='ocrx_word' id='word_1_698' title='bbox 1572 2920 1637 2997; x_wconf 79' lang='grc' dir='ltr'>ἄμφ’</span> <span class='ocrx_word' id='word_1_699' title='bbox 1652 2918 1744 2990; x_wconf 75' lang='grc' dir='ltr'>αὐτόν,</span> <span class='ocrx_word' id='word_1_700' title='bbox 1755 2916 1816 2992; x_wconf 83' lang='grc' dir='ltr'>θίπερ</span> 
     </span>
    </p>
   </div>
   <div class='ocr_carea' id='block_1_7' title="bbox 1042 3113 1820 5194">
    <p class='ocr_par' dir='ltr' id='par_1_9' title="bbox 1042 3113 1820 5194">
     <span class='ocr_line' id='line_1_83' title="bbox 1042 3113 1817 3177; baseline -0.004 -15"><span class='ocrx_word' id='word_1_701' title='bbox 1042 3113 1171 3175; x_wconf 75' lang='grc' dir='ltr'>εροιιθθ,οἰ</span> <span class='ocrx_word' id='word_1_702' title='bbox 1178 3115 1546 3177; x_wconf 81' lang='lat' dir='ltr'><strong>paullumopperirer;eriturrrm</strong></span> <span class='ocrx_word' id='word_1_703' title='bbox 1553 3115 1685 3166; x_wconf 79' lang='lat' dir='ltr'><strong>animasse.</strong></span> <span class='ocrx_word' id='word_1_704' title='bbox 1695 3119 1742 3166; x_wconf 84' lang='lat' dir='ltr'>Nec</span> <span class='ocrx_word' id='word_1_705' title='bbox 1748 3115 1817 3164; x_wconf 89' lang='lat' dir='ltr'><strong>mullo</strong></span> 
     </span>
     <span class='ocr_line' id='line_1_84' title="bbox 1044 3191 1818 3254; baseline -0.003 -15"><span class='ocrx_word' id='word_1_706' title='bbox 1044 3191 1158 3252; x_wconf 87' lang='lat' dir='ltr'><strong>temporis</strong></span> <span class='ocrx_word' id='word_1_707' title='bbox 1174 3191 1250 3253; x_wconf 87' lang='lat' dir='ltr'><strong>spolio</strong></span> <span class='ocrx_word' id='word_1_708' title='bbox 1264 3191 1398 3252; x_wconf 80' lang='lat' dir='ltr'><strong>interjecto,</strong></span> <span class='ocrx_word' id='word_1_709' title='bbox 1411 3194 1437 3241; x_wconf 91' lang='lat' dir='ltr'><strong>ut</strong></span> <span class='ocrx_word' id='word_1_710' title='bbox 1449 3192 1525 3253; x_wconf 86' lang='lat' dir='ltr'><strong>ipsum</strong></span> <span class='ocrx_word' id='word_1_711' title='bbox 1542 3195 1672 3242; x_wconf 80' lang='lat' dir='ltr'><strong>exeuntem</strong></span> <span class='ocrx_word' id='word_1_712' title='bbox 1688 3193 1745 3252; x_wconf 81' lang='lat' dir='ltr'><strong>ridi,</strong></span> <span class='ocrx_word' id='word_1_713' title='bbox 1765 3205 1818 3254; x_wconf 89' lang='lat' dir='ltr'><strong>pro-</strong></span> 
     </span>
     <span class='ocr_line' id='line_1_85' title="bbox 1043 3269 1815 3331; baseline -0.001 -15"><span class='ocrx_word' id='word_1_714' title='bbox 1043 3281 1138 3328; x_wconf 84' lang='lat' dir='ltr'><strong>gressus</strong></span> <span class='ocrx_word' id='word_1_715' title='bbox 1147 3269 1196 3318; x_wconf 83' lang='lat' dir='ltr'><strong>diri</strong></span> <span class='ocrx_word' id='word_1_716' title='bbox 1210 3289 1239 3318; x_wconf 67' lang='lat' dir='ltr'>:a</span> <span class='ocrx_word' id='word_1_717' title='bbox 1250 3272 1284 3318; x_wconf 84' lang='lat' dir='ltr'>Te</span> <span class='ocrx_word' id='word_1_718' title='bbox 1294 3274 1455 3320; x_wconf 84' lang='lat' dir='ltr'><strong>Romanorum</strong></span> <span class='ocrx_word' id='word_1_719' title='bbox 1466 3271 1556 3331; x_wconf 82' lang='lat' dir='ltr'><strong>legatus</strong></span> <span class='ocrx_word' id='word_1_720' title='bbox 1564 3272 1665 3331; x_wconf 90' lang='lat' dir='ltr'><strong>salutat,</strong></span> <span class='ocrx_word' id='word_1_721' title='bbox 1675 3276 1700 3320; x_wconf 86' lang='lat' dir='ltr'>et</span> <span class='ocrx_word' id='word_1_722' title='bbox 1708 3271 1768 3320; x_wconf 89' lang='lat' dir='ltr'><strong>dona</strong></span> <span class='ocrx_word' id='word_1_723' title='bbox 1778 3269 1815 3318; x_wconf 87' lang='lat' dir='ltr'><strong>tibi</strong></span> 
     </span>
     <span class='ocr_line' id='line_1_86' title="bbox 1043 3346 1818 3408; baseline -0.001 -14"><span class='ocrx_word' id='word_1_724' title='bbox 1043 3346 1074 3394; x_wconf 87' lang='lat' dir='ltr'>ab</span> <span class='ocrx_word' id='word_1_725' title='bbox 1090 3347 1140 3408; x_wconf 84' lang='lat' dir='ltr'><strong>ipso</strong></span> <span class='ocrx_word' id='word_1_726' title='bbox 1153 3359 1200 3395; x_wconf 85' lang='lat' dir='ltr'>una</span> <span class='ocrx_word' id='word_1_727' title='bbox 1217 3359 1272 3394; x_wconf 84' lang='lat' dir='ltr'><strong>cunr</strong></span> <span class='ocrx_word' id='word_1_728' title='bbox 1288 3361 1348 3395; x_wconf 88' lang='lat' dir='ltr'><strong>auro</strong></span> <span class='ocrx_word' id='word_1_729' title='bbox 1368 3347 1399 3396; x_wconf 90' lang='lat' dir='ltr'>ab</span> <span class='ocrx_word' id='word_1_730' title='bbox 1416 3347 1559 3408; x_wconf 83' lang='lat' dir='ltr'><strong>imperatore</strong></span> <span class='ocrx_word' id='word_1_731' title='bbox 1573 3349 1644 3398; x_wconf 85' lang='lat' dir='ltr'><strong>misso</strong></span> <span class='ocrx_word' id='word_1_732' title='bbox 1664 3351 1747 3398; x_wconf 88' lang='lat' dir='ltr'><strong>allero.</strong></span> <span class='ocrx_word' id='word_1_733' title='bbox 1764 3367 1776 3390; x_wconf 75' lang='grc' dir='ltr'>ν</span> <span class='ocrx_word' id='word_1_734' title='bbox 1794 3351 1818 3394; x_wconf 68' lang='lat' dir='ltr'>tit</span> 
     </span>
     <span class='ocr_line' id='line_1_87' title="bbox 1043 3423 1818 3486; baseline 0.001 -17"><span class='ocrx_word' id='word_1_735' title='bbox 1043 3437 1118 3484; x_wconf 89' lang='lat' dir='ltr'><strong>quum</strong></span> <span class='ocrx_word' id='word_1_736' title='bbox 1136 3425 1241 3472; x_wconf 81' lang='lat' dir='ltr'><strong>nrexirne</strong></span> <span class='ocrx_word' id='word_1_737' title='bbox 1251 3423 1290 3472; x_wconf 89' lang='lat' dir='ltr'><strong>ille</strong></span> <span class='ocrx_word' id='word_1_738' title='bbox 1300 3437 1355 3471; x_wconf 88' lang='lat' dir='ltr'>eum</span> <span class='ocrx_word' id='word_1_739' title='bbox 1370 3425 1497 3472; x_wconf 81' lang='lat' dir='ltr'><strong>conuenire</strong></span> <span class='ocrx_word' id='word_1_740' title='bbox 1507 3428 1619 3485; x_wconf 87' lang='lat' dir='ltr'><strong>cuperet,</strong></span> <span class='ocrx_word' id='word_1_741' title='bbox 1637 3426 1680 3474; x_wconf 91' lang='lat' dir='ltr'>ubi</span> <span class='ocrx_word' id='word_1_742' title='bbox 1691 3429 1715 3474; x_wconf 93' lang='lat' dir='ltr'>et</span> <span class='ocrx_word' id='word_1_743' title='bbox 1730 3423 1818 3486; x_wconf 85' lang='lat' dir='ltr'><strong>qrrando</strong></span> 
     </span>
     <span class='ocr_line' id='line_1_88' title="bbox 1045 3501 1817 3564; baseline 0 -17"><span class='ocrx_word' id='word_1_744' title='bbox 1045 3502 1116 3550; x_wconf 85' lang='lat' dir='ltr'><strong>rellet</strong></span> <span class='ocrx_word' id='word_1_745' title='bbox 1124 3502 1238 3562; x_wconf 86' lang='lat' dir='ltr'><strong>colloqui,</strong></span> <span class='ocrx_word' id='word_1_746' title='bbox 1247 3501 1355 3563; x_wconf 72' lang='lat' dir='ltr'><strong>quaesivi.</strong></span> <span class='ocrx_word' id='word_1_747' title='bbox 1367 3503 1409 3552; x_wconf 89' lang='lat' dir='ltr'><strong>tile</strong></span> <span class='ocrx_word' id='word_1_748' title='bbox 1417 3515 1481 3558; x_wconf 86' lang='lat' dir='ltr'><strong>suos,</strong></span> <span class='ocrx_word' id='word_1_749' title='bbox 1492 3501 1533 3563; x_wconf 85' lang='lat' dir='ltr'>qui</span> <span class='ocrx_word' id='word_1_750' title='bbox 1543 3501 1654 3562; x_wconf 86' lang='lat' dir='ltr'><strong>aderant,</strong></span> <span class='ocrx_word' id='word_1_751' title='bbox 1662 3504 1731 3564; x_wconf 69' lang='lat' dir='ltr'><strong>jumit</strong></span> <span class='ocrx_word' id='word_1_752' title='bbox 1739 3516 1817 3551; x_wconf 87' lang='lat' dir='ltr'><strong>aurum</strong></span> 
     </span>
     <span class='ocr_line' id='line_1_89' title="bbox 1044 3581 1819 3644; baseline -0.003 -16"><span class='ocrx_word' id='word_1_753' title='bbox 1044 3583 1069 3628; x_wconf 88' lang='lat' dir='ltr'>el</span> <span class='ocrx_word' id='word_1_754' title='bbox 1082 3593 1182 3629; x_wconf 88' lang='lat' dir='ltr'><strong>munera</strong></span> <span class='ocrx_word' id='word_1_755' title='bbox 1193 3583 1311 3642; x_wconf 85' lang='lat' dir='ltr'><strong>recipere.</strong></span> <span class='ocrx_word' id='word_1_756' title='bbox 1324 3585 1347 3630; x_wconf 87' lang='lat' dir='ltr'>et</span> <span class='ocrx_word' id='word_1_757' title='bbox 1359 3595 1398 3630; x_wconf 86' lang='lat' dir='ltr'>me</span> <span class='ocrx_word' id='word_1_758' title='bbox 1409 3581 1540 3630; x_wconf 78' lang='lat' dir='ltr'><strong>Maximino</strong></span> <span class='ocrx_word' id='word_1_759' title='bbox 1555 3583 1706 3644; x_wconf 84' lang='lat' dir='ltr'><strong>renuntiare,</strong></span> <span class='ocrx_word' id='word_1_760' title='bbox 1717 3596 1741 3632; x_wconf 89' lang='lat' dir='ltr'>se</span> <span class='ocrx_word' id='word_1_761' title='bbox 1755 3581 1819 3644; x_wconf 85' lang='lat' dir='ltr'><strong>proti·</strong></span> 
     </span>
     <span class='ocr_line' id='line_1_90' title="bbox 1044 3657 1818 3720; baseline 0.001 -16"><span class='ocrx_word' id='word_1_762' title='bbox 1044 3671 1089 3706; x_wconf 82' lang='lat' dir='ltr'><strong>nris</strong></span> <span class='ocrx_word' id='word_1_763' title='bbox 1098 3657 1128 3706; x_wconf 89' lang='lat' dir='ltr'>ed</span> <span class='ocrx_word' id='word_1_764' title='bbox 1139 3672 1194 3706; x_wconf 91' lang='lat' dir='ltr'>eum</span> <span class='ocrx_word' id='word_1_765' title='bbox 1205 3658 1327 3708; x_wconf 86' lang='lat' dir='ltr'><strong>accedere.</strong></span> <span class='ocrx_word' id='word_1_766' title='bbox 1340 3658 1436 3707; x_wconf 84' lang='lat' dir='ltr'><strong>Reverti</strong></span> <span class='ocrx_word' id='word_1_767' title='bbox 1448 3659 1518 3720; x_wconf 84' lang='lat' dir='ltr'><strong>igilur</strong></span> <span class='ocrx_word' id='word_1_768' title='bbox 1529 3658 1559 3706; x_wconf 87' lang='lat' dir='ltr'>ad</span> <span class='ocrx_word' id='word_1_769' title='bbox 1574 3659 1743 3720; x_wconf 78' lang='lat' dir='ltr'><strong>lteximinum,</strong></span> <span class='ocrx_word' id='word_1_770' title='bbox 1753 3663 1775 3708; x_wconf 87' lang='lat' dir='ltr'>et</span> <span class='ocrx_word' id='word_1_771' title='bbox 1785 3673 1818 3706; x_wconf 87' lang='lat' dir='ltr'>re·</span> 
     </span>
     <span class='ocr_line' id='line_1_91' title="bbox 1044 3734 1818 3796; baseline 0 -14"><span class='ocrx_word' id='word_1_772' title='bbox 1044 3734 1163 3794; x_wconf 87' lang='lat' dir='ltr'><strong>nuntiavi,</strong></span> <span class='ocrx_word' id='word_1_773' title='bbox 1174 3737 1317 3796; x_wconf 77' lang='lat' dir='ltr'><strong>Orregesium</strong></span> <span class='ocrx_word' id='word_1_774' title='bbox 1329 3735 1360 3783; x_wconf 88' lang='lat' dir='ltr'>ad</span> <span class='ocrx_word' id='word_1_775' title='bbox 1369 3749 1425 3783; x_wconf 88' lang='lat' dir='ltr'>enm</span> <span class='ocrx_word' id='word_1_776' title='bbox 1436 3738 1564 3783; x_wconf 88' lang='lat' dir='ltr'><strong>venturum</strong></span> <span class='ocrx_word' id='word_1_777' title='bbox 1575 3748 1641 3784; x_wconf 83' lang='lat' dir='ltr'><strong>esse:</strong></span> <span class='ocrx_word' id='word_1_778' title='bbox 1655 3750 1700 3785; x_wconf 89' lang='lat' dir='ltr'>nec</span> <span class='ocrx_word' id='word_1_779' title='bbox 1712 3748 1786 3796; x_wconf 87' lang='lat' dir='ltr'><strong>mora,</strong></span> <span class='ocrx_word' id='word_1_780' title='bbox 1798 3737 1818 3783; x_wconf 92' lang='lat' dir='ltr'>in</span> 
     </span>
     <span class='ocr_line' id='line_1_92' title="bbox 1044 3811 1819 3872; baseline -0.003 -12"><span class='ocrx_word' id='word_1_781' title='bbox 1044 3811 1174 3860; x_wconf 81' lang='lat' dir='ltr'><strong>tentorium</strong></span> <span class='ocrx_word' id='word_1_782' title='bbox 1185 3811 1408 3871; x_wconf 77' lang='lat' dir='ltr'><strong>nostrrrrnadrrnit,</strong></span> <span class='ocrx_word' id='word_1_783' title='bbox 1419 3816 1443 3860; x_wconf 90' lang='lat' dir='ltr'>et</span> <span class='ocrx_word' id='word_1_784' title='bbox 1453 3811 1610 3860; x_wconf 83' lang='lat' dir='ltr'><strong>illariminum</strong></span> <span class='ocrx_word' id='word_1_785' title='bbox 1621 3813 1711 3862; x_wconf 82' lang='lat' dir='ltr'><strong>otiatus</strong></span> <span class='ocrx_word' id='word_1_786' title='bbox 1720 3813 1787 3872; x_wconf 78' lang='lat' dir='ltr'><strong>dtur,</strong></span> <span class='ocrx_word' id='word_1_787' title='bbox 1796 3826 1819 3858; x_wconf 87' lang='lat' dir='ltr'>sc</span> 
     </span>
     <span class='ocr_line' id='line_1_93' title="bbox 1045 3890 1817 3954; baseline 0 -16"><span class='ocrx_word' id='word_1_788' title='bbox 1045 3890 1179 3952; x_wconf 86' lang='lat' dir='ltr'><strong>imperatori</strong></span> <span class='ocrx_word' id='word_1_789' title='bbox 1197 3895 1221 3940; x_wconf 88' lang='lat' dir='ltr'>et</span> <span class='ocrx_word' id='word_1_790' title='bbox 1233 3893 1266 3940; x_wconf 91' lang='lat' dir='ltr'><strong>illi</strong></span> <span class='ocrx_word' id='word_1_791' title='bbox 1286 3905 1328 3952; x_wconf 92' lang='lat' dir='ltr'><strong>pro</strong></span> <span class='ocrx_word' id='word_1_792' title='bbox 1340 3891 1481 3940; x_wconf 87' lang='lat' dir='ltr'><strong>muneribus</strong></span> <span class='ocrx_word' id='word_1_793' title='bbox 1489 3891 1577 3952; x_wconf 82' lang='lat' dir='ltr'><strong>gratias</strong></span> <span class='ocrx_word' id='word_1_794' title='bbox 1589 3904 1672 3952; x_wconf 74' lang='lat' dir='ltr'><strong>egere,</strong></span> <span class='ocrx_word' id='word_1_795' title='bbox 1683 3894 1708 3942; x_wconf 88' lang='lat' dir='ltr'>et</span> <span class='ocrx_word' id='word_1_796' title='bbox 1722 3904 1817 3954; x_wconf 91' lang='lat' dir='ltr'><strong>percun-</strong></span> 
     </span>
     <span class='ocr_line' id='line_1_94' title="bbox 1044 3970 1818 4038; baseline -0.003 -20"><span class='ocrx_word' id='word_1_797' title='bbox 1044 3973 1124 4038; x_wconf 74' lang='lat' dir='ltr'><strong>ctatus</strong></span> <span class='ocrx_word' id='word_1_798' title='bbox 1134 3973 1183 4029; x_wconf 89' lang='lat' dir='ltr'><strong>est,</strong></span> <span class='ocrx_word' id='word_1_799' title='bbox 1195 3970 1389 4033; x_wconf 80' lang='lat' dir='ltr'><strong>quandoquidem</strong></span> <span class='ocrx_word' id='word_1_800' title='bbox 1404 3983 1429 4018; x_wconf 86' lang='lat' dir='ltr'>se</span> <span class='ocrx_word' id='word_1_801' title='bbox 1442 3971 1593 4031; x_wconf 83' lang='lat' dir='ltr'><strong>arcessisset,</strong></span> <span class='ocrx_word' id='word_1_802' title='bbox 1607 3971 1667 4032; x_wconf 84' lang='lat' dir='ltr'><strong>quid</strong></span> <span class='ocrx_word' id='word_1_803' title='bbox 1683 3975 1744 4022; x_wconf 85' lang='lat' dir='ltr'><strong>esset</strong></span> <span class='ocrx_word' id='word_1_804' title='bbox 1759 3970 1818 4034; x_wconf 88' lang='lat' dir='ltr'><strong>quod</strong></span> 
     </span>
     <span class='ocr_line' id='line_1_95' title="bbox 1044 4049 1818 4111; baseline -0.005 -11"><span class='ocrx_word' id='word_1_805' title='bbox 1044 4052 1112 4101; x_wconf 89' lang='lat' dir='ltr'><strong>illum</strong></span> <span class='ocrx_word' id='word_1_806' title='bbox 1129 4054 1201 4102; x_wconf 78' lang='lat' dir='ltr'><strong>vellet</strong></span> <span class='ocrx_word' id='word_1_807' title='bbox 1220 4073 1225 4100; x_wconf 93' lang='lat'><strong>:</strong></span> <span class='ocrx_word' id='word_1_808' title='bbox 1242 4055 1295 4101; x_wconf 92' lang='lat' dir='ltr'><strong>tum</strong></span> <span class='ocrx_word' id='word_1_809' title='bbox 1312 4052 1466 4110; x_wconf 79' lang='lat' dir='ltr'><strong>Maximinos,</strong></span> <span class='ocrx_word' id='word_1_810' title='bbox 1481 4051 1571 4098; x_wconf 84' lang='lat' dir='ltr'><strong>instare</strong></span> <span class='ocrx_word' id='word_1_811' title='bbox 1587 4054 1694 4111; x_wconf 87' lang='lat' dir='ltr'><strong>tempus,</strong></span> <span class='ocrx_word' id='word_1_812' title='bbox 1713 4049 1756 4111; x_wconf 89' lang='lat' dir='ltr'><strong>ait,</strong></span> <span class='ocrx_word' id='word_1_813' title='bbox 1773 4063 1818 4110; x_wconf 84' lang='lat' dir='ltr'>quo</span> 
     </span>
     <span class='ocr_line' id='line_1_96' title="bbox 1044 4126 1818 4190; baseline -0.004 -14"><span class='ocrx_word' id='word_1_814' title='bbox 1044 4133 1123 4190; x_wconf 74' lang='lat' dir='ltr'><strong>posset</strong></span> <span class='ocrx_word' id='word_1_815' title='bbox 1136 4131 1251 4188; x_wconf 84' lang='lat' dir='ltr'><strong>majorem</strong></span> <span class='ocrx_word' id='word_1_816' title='bbox 1261 4130 1361 4190; x_wconf 84' lang='lat' dir='ltr'><strong>gloriam</strong></span> <span class='ocrx_word' id='word_1_817' title='bbox 1372 4129 1433 4190; x_wconf 91' lang='lat' dir='ltr'><strong>apnd</strong></span> <span class='ocrx_word' id='word_1_818' title='bbox 1446 4129 1553 4176; x_wconf 79' lang='lat' dir='ltr'><strong>hominos</strong></span> <span class='ocrx_word' id='word_1_819' title='bbox 1561 4126 1669 4190; x_wconf 86' lang='lat' dir='ltr'><strong>adipisci,</strong></span> <span class='ocrx_word' id='word_1_820' title='bbox 1682 4129 1702 4176; x_wconf 89' lang='lat' dir='ltr'>si</span> <span class='ocrx_word' id='word_1_821' title='bbox 1711 4127 1740 4176; x_wconf 88' lang='lat' dir='ltr'>ed</span> <span class='ocrx_word' id='word_1_822' title='bbox 1752 4127 1818 4188; x_wconf 85' lang='lat' dir='ltr'><strong>impe·</strong></span> 
     </span>
     <span class='ocr_line' id='line_1_97' title="bbox 1045 4205 1819 4267; baseline -0.006 -13"><span class='ocrx_word' id='word_1_823' title='bbox 1045 4209 1148 4254; x_wconf 81' lang='lat' dir='ltr'><strong>retorem</strong></span> <span class='ocrx_word' id='word_1_824' title='bbox 1155 4206 1339 4267; x_wconf 66' lang='lat' dir='ltr'><strong>accedensque</strong></span> <span class='ocrx_word' id='word_1_825' title='bbox 1347 4206 1491 4254; x_wconf 73' lang='lat' dir='ltr'><strong>essentiales</strong></span> <span class='ocrx_word' id='word_1_826' title='bbox 1498 4205 1650 4253; x_wconf 80' lang='lat' dir='ltr'><strong>llomarroset</strong></span> <span class='ocrx_word' id='word_1_827' title='bbox 1660 4207 1819 4253; x_wconf 83' lang='lat' dir='ltr'><strong>llunnosron·</strong></span> 
     </span>
     <span class='ocr_line' id='line_1_98' title="bbox 1045 4282 1818 4344; baseline -0.004 -14"><span class='ocrx_word' id='word_1_828' title='bbox 1045 4287 1159 4341; x_wconf 76' lang='lat' dir='ltr'><strong>trescase,</strong></span> <span class='ocrx_word' id='word_1_829' title='bbox 1170 4297 1213 4332; x_wconf 88' lang='lat' dir='ltr'>sua</span> <span class='ocrx_word' id='word_1_830' title='bbox 1224 4283 1350 4344; x_wconf 87' lang='lat' dir='ltr'><strong>prudentia</strong></span> <span class='ocrx_word' id='word_1_831' title='bbox 1359 4286 1553 4344; x_wconf 89' lang='lat' dir='ltr'><strong>componerel,et</strong></span> <span class='ocrx_word' id='word_1_832' title='bbox 1563 4282 1626 4330; x_wconf 88' lang='lat' dir='ltr'><strong>inter</strong></span> <span class='ocrx_word' id='word_1_833' title='bbox 1633 4284 1761 4343; x_wconf 83' lang='lat' dir='ltr'><strong>utramque</strong></span> <span class='ocrx_word' id='word_1_834' title='bbox 1769 4295 1818 4340; x_wconf 77' lang='lat' dir='ltr'><strong>gen·</strong></span> 
     </span>
     <span class='ocr_line' id='line_1_99' title="bbox 1045 4357 1819 4421; baseline -0.008 -12"><span class='ocrx_word' id='word_1_835' title='bbox 1045 4364 1093 4409; x_wconf 84' lang='lat' dir='ltr'><strong>tarn</strong></span> <span class='ocrx_word' id='word_1_836' title='bbox 1111 4361 1263 4409; x_wconf 89' lang='lat' dir='ltr'><strong>concordiem</strong></span> <span class='ocrx_word' id='word_1_837' title='bbox 1285 4359 1402 4409; x_wconf 76' lang='lat' dir='ltr'><strong>stalriliret</strong></span> <span class='ocrx_word' id='word_1_838' title='bbox 1422 4374 1429 4403; x_wconf 77' lang='grc' dir='ltr'>ι</span> <span class='ocrx_word' id='word_1_839' title='bbox 1446 4373 1501 4421; x_wconf 75' lang='lat' dir='ltr'><strong>quaa</strong></span> <span class='ocrx_word' id='word_1_840' title='bbox 1518 4372 1617 4408; x_wconf 81' lang='lat' dir='ltr'><strong>resnou</strong></span> <span class='ocrx_word' id='word_1_841' title='bbox 1632 4359 1711 4408; x_wconf 80' lang='lat' dir='ltr'><strong>solum</strong></span> <span class='ocrx_word' id='word_1_842' title='bbox 1727 4357 1819 4407; x_wconf 89' lang='lat' dir='ltr'><strong>utilitati</strong></span> 
     </span>
     <span class='ocr_line' id='line_1_100' title="bbox 1043 4434 1819 4498; baseline -0.005 -12"><span class='ocrx_word' id='word_1_843' title='bbox 1043 4437 1170 4498; x_wconf 84' lang='lat' dir='ltr'><strong>utriusque</strong></span> <span class='ocrx_word' id='word_1_844' title='bbox 1184 4437 1260 4498; x_wconf 84' lang='lat' dir='ltr'><strong>gentis</strong></span> <span class='ocrx_word' id='word_1_845' title='bbox 1270 4440 1332 4486; x_wconf 83' lang='lat' dir='ltr'><strong>esset</strong></span> <span class='ocrx_word' id='word_1_846' title='bbox 1342 4450 1448 4498; x_wconf 81' lang='lat' dir='ltr'><strong>cessura,</strong></span> <span class='ocrx_word' id='word_1_847' title='bbox 1460 4435 1503 4486; x_wconf 85' lang='lat' dir='ltr'>sed</span> <span class='ocrx_word' id='word_1_848' title='bbox 1511 4435 1586 4484; x_wconf 82' lang='lat' dir='ltr'><strong>aliem</strong></span> <span class='ocrx_word' id='word_1_849' title='bbox 1599 4435 1650 4496; x_wconf 82' lang='lat' dir='ltr'><strong>ejus</strong></span> <span class='ocrx_word' id='word_1_850' title='bbox 1659 4434 1743 4484; x_wconf 86' lang='lat' dir='ltr'><strong>dotuui</strong></span> <span class='ocrx_word' id='word_1_851' title='bbox 1755 4438 1819 4484; x_wconf 86' lang='lat' dir='ltr'><strong>tanta</strong></span> 
     </span>
     <span class='ocr_line' id='line_1_101' title="bbox 1045 4513 1819 4576; baseline -0.005 -14"><span class='ocrx_word' id='word_1_852' title='bbox 1045 4514 1107 4564; x_wconf 88' lang='lat' dir='ltr'><strong>bona</strong></span> <span class='ocrx_word' id='word_1_853' title='bbox 1120 4515 1258 4576; x_wconf 79' lang='lat' dir='ltr'><strong>praebitura,</strong></span> <span class='ocrx_word' id='word_1_854' title='bbox 1273 4516 1300 4562; x_wconf 94' lang='lat' dir='ltr'><strong>ut</strong></span> <span class='ocrx_word' id='word_1_855' title='bbox 1317 4515 1368 4574; x_wconf 87' lang='lat' dir='ltr'><strong>ipse.</strong></span> <span class='ocrx_word' id='word_1_856' title='bbox 1377 4527 1425 4562; x_wconf 88' lang='lat' dir='ltr'>une</span> <span class='ocrx_word' id='word_1_857' title='bbox 1439 4525 1495 4562; x_wconf 84' lang='grc' dir='ltr'>σιιιιι</span> <span class='ocrx_word' id='word_1_858' title='bbox 1510 4513 1560 4562; x_wconf 86' lang='lat' dir='ltr'><strong>suis</strong></span> <span class='ocrx_word' id='word_1_859' title='bbox 1569 4513 1649 4562; x_wconf 88' lang='lat' dir='ltr'><strong>liberis</strong></span> <span class='ocrx_word' id='word_1_860' title='bbox 1661 4515 1685 4560; x_wconf 92' lang='lat' dir='ltr'>in</span> <span class='ocrx_word' id='word_1_861' title='bbox 1700 4516 1819 4574; x_wconf 89' lang='lat' dir='ltr'><strong>posterum</strong></span> 
     </span>
     <span class='ocr_line' id='line_1_102' title="bbox 1043 4589 1819 4654; baseline -0.006 -14"><span class='ocrx_word' id='word_1_862' title='bbox 1043 4592 1180 4654; x_wconf 83' lang='lat' dir='ltr'><strong>imperatori</strong></span> <span class='ocrx_word' id='word_1_863' title='bbox 1193 4592 1287 4652; x_wconf 90' lang='lat' dir='ltr'><strong>totique</strong></span> <span class='ocrx_word' id='word_1_864' title='bbox 1296 4591 1449 4652; x_wconf 85' lang='lat' dir='ltr'><strong>imperatorio</strong></span> <span class='ocrx_word' id='word_1_865' title='bbox 1462 4590 1541 4651; x_wconf 74' lang='lat' dir='ltr'><strong>generi</strong></span> <span class='ocrx_word' id='word_1_866' title='bbox 1554 4590 1579 4638; x_wconf 92' lang='lat' dir='ltr'>in</span> <span class='ocrx_word' id='word_1_867' title='bbox 1591 4593 1733 4651; x_wconf 81' lang='lat' dir='ltr'><strong>perpetuum</strong></span> <span class='ocrx_word' id='word_1_868' title='bbox 1743 4589 1819 4636; x_wconf 84' lang='lat' dir='ltr'><strong>derin-</strong></span> 
     </span>
     <span class='ocr_line' id='line_1_103' title="bbox 1043 4666 1819 4729; baseline -0.008 -11"><span class='ocrx_word' id='word_1_869' title='bbox 1043 4671 1097 4718; x_wconf 87' lang='lat' dir='ltr'><strong>ctus</strong></span> <span class='ocrx_word' id='word_1_870' title='bbox 1110 4671 1179 4719; x_wconf 88' lang='lat' dir='ltr'><strong>torel.</strong></span> <span class='ocrx_word' id='word_1_871' title='bbox 1211 4671 1273 4717; x_wconf 81' lang='lat' dir='ltr'><strong>&#39;turn</strong></span> <span class='ocrx_word' id='word_1_872' title='bbox 1285 4668 1415 4728; x_wconf 81' lang='lat' dir='ltr'><strong>Onogasius</strong></span> <span class='ocrx_word' id='word_1_873' title='bbox 1424 4669 1493 4728; x_wconf 78' lang='lat' dir='ltr'><strong>dixit,</strong></span> <span class='ocrx_word' id='word_1_874' title='bbox 1506 4680 1554 4729; x_wconf 80' lang='grc' dir='ltr'>ηυα</span> <span class='ocrx_word' id='word_1_875' title='bbox 1565 4681 1590 4716; x_wconf 89' lang='lat' dir='ltr'>re</span> <span class='ocrx_word' id='word_1_876' title='bbox 1603 4666 1731 4728; x_wconf 82' lang='lat' dir='ltr'><strong>gratiticari</strong></span> <span class='ocrx_word' id='word_1_877' title='bbox 1742 4667 1789 4728; x_wconf 81' lang='lat' dir='ltr'><strong>regi</strong></span> <span class='ocrx_word' id='word_1_878' title='bbox 1798 4669 1819 4712; x_wconf 82' lang='lat' dir='ltr'>rt</span> 
     </span>
     <span class='ocr_line' id='line_1_104' title="bbox 1042 4743 1820 4808; baseline -0.005 -14"><span class='ocrx_word' id='word_1_879' title='bbox 1042 4746 1164 4808; x_wconf 86' lang='lat' dir='ltr'><strong>quomodo</strong></span> <span class='ocrx_word' id='word_1_880' title='bbox 1176 4744 1352 4794; x_wconf 83' lang='lat' dir='ltr'><strong>controversias</strong></span> <span class='ocrx_word' id='word_1_881' title='bbox 1365 4745 1414 4806; x_wconf 89' lang='lat' dir='ltr'><strong>ipse</strong></span> <span class='ocrx_word' id='word_1_882' title='bbox 1429 4758 1572 4806; x_wconf 87' lang='lat' dir='ltr'><strong>componere</strong></span> <span class='ocrx_word' id='word_1_883' title='bbox 1588 4746 1681 4805; x_wconf 76' lang='lat' dir='ltr'><strong>posset?</strong></span> <span class='ocrx_word' id='word_1_884' title='bbox 1693 4743 1820 4806; x_wconf 82' lang='lat' dir='ltr'><strong>Respondit</strong></span> 
     </span>
     <span class='ocr_line' id='line_1_105' title="bbox 1043 4822 1818 4885; baseline -0.008 -12"><span class='ocrx_word' id='word_1_885' title='bbox 1043 4825 1187 4874; x_wconf 83' lang='lat' dir='ltr'><strong>llariminus</strong></span> <span class='ocrx_word' id='word_1_886' title='bbox 1196 4838 1261 4884; x_wconf 82' lang='lat' dir='ltr'><strong>erim,</strong></span> <span class='ocrx_word' id='word_1_887' title='bbox 1270 4823 1288 4871; x_wconf 89' lang='lat' dir='ltr'>si</span> <span class='ocrx_word' id='word_1_888' title='bbox 1295 4825 1319 4872; x_wconf 91' lang='lat' dir='ltr'>in</span> <span class='ocrx_word' id='word_1_889' title='bbox 1329 4825 1490 4872; x_wconf 80' lang='lat' dir='ltr'><strong>Romanorum</strong></span> <span class='ocrx_word' id='word_1_890' title='bbox 1499 4823 1613 4872; x_wconf 87' lang='lat' dir='ltr'><strong>ditionem</strong></span> <span class='ocrx_word' id='word_1_891' title='bbox 1623 4822 1818 4885; x_wconf 82' lang='lat' dir='ltr'><strong>proficisceretur,</strong></span> 
     </span>
     <span class='ocr_line' id='line_1_106' title="bbox 1042 4899 1819 4964; baseline -0.003 -16"><span class='ocrx_word' id='word_1_892' title='bbox 1042 4901 1141 4964; x_wconf 84' lang='lat' dir='ltr'><strong>gratiam</strong></span> <span class='ocrx_word' id='word_1_893' title='bbox 1153 4899 1217 4964; x_wconf 89' lang='lat' dir='ltr'><strong>apud</strong></span> <span class='ocrx_word' id='word_1_894' title='bbox 1234 4914 1311 4962; x_wconf 81' lang='lat' dir='ltr'><strong>regem</strong></span> <span class='ocrx_word' id='word_1_895' title='bbox 1327 4900 1453 4960; x_wconf 89' lang='lat' dir='ltr'><strong>initurum,</strong></span> <span class='ocrx_word' id='word_1_896' title='bbox 1467 4900 1642 4949; x_wconf 84' lang='lat' dir='ltr'><strong>conlmrersias</strong></span> <span class='ocrx_word' id='word_1_897' title='bbox 1653 4903 1736 4949; x_wconf 89' lang='lat' dir='ltr'><strong>autem</strong></span> <span class='ocrx_word' id='word_1_898' title='bbox 1754 4914 1819 4947; x_wconf 80' lang='grc' dir='ltr'>ωενι-</span> 
     </span>
     <span class='ocr_line' id='line_1_107' title="bbox 1043 4977 1818 5039; baseline -0.003 -13"><span class='ocrx_word' id='word_1_899' title='bbox 1043 4979 1185 5039; x_wconf 87' lang='lat' dir='ltr'><strong>pesitururn,</strong></span> <span class='ocrx_word' id='word_1_900' title='bbox 1198 4978 1217 5025; x_wconf 89' lang='lat' dir='ltr'>si</span> <span class='ocrx_word' id='word_1_901' title='bbox 1228 4977 1252 5025; x_wconf 92' lang='lat' dir='ltr'>in</span> <span class='ocrx_word' id='word_1_902' title='bbox 1262 4978 1440 5026; x_wconf 87' lang='lat' dir='ltr'><strong>criminationes</strong></span> <span class='ocrx_word' id='word_1_903' title='bbox 1446 4977 1529 5026; x_wconf 84' lang='lat' dir='ltr'><strong>sedulo</strong></span> <span class='ocrx_word' id='word_1_904' title='bbox 1539 4978 1660 5038; x_wconf 86' lang='lat' dir='ltr'><strong>inqrrirens</strong></span> <span class='ocrx_word' id='word_1_905' title='bbox 1671 4990 1700 5026; x_wconf 85' lang='lat' dir='ltr'>ex</span> <span class='ocrx_word' id='word_1_906' title='bbox 1712 4979 1777 5038; x_wconf 84' lang='lat' dir='ltr'><strong>pacis</strong></span> <span class='ocrx_word' id='word_1_907' title='bbox 1787 4979 1818 5025; x_wconf 73' lang='lat' dir='ltr'>le</span> 
     </span>
     <span class='ocr_line' id='line_1_108' title="bbox 1042 5055 1818 5116; baseline 0 -15"><span class='ocrx_word' id='word_1_908' title='bbox 1042 5055 1110 5116; x_wconf 85' lang='lat' dir='ltr'><strong>gibus</strong></span> <span class='ocrx_word' id='word_1_909' title='bbox 1127 5069 1167 5104; x_wconf 89' lang='lat' dir='ltr'>eas</span> <span class='ocrx_word' id='word_1_910' title='bbox 1178 5055 1288 5104; x_wconf 86' lang='lat' dir='ltr'><strong>dilueret.</strong></span> <span class='ocrx_word' id='word_1_911' title='bbox 1302 5058 1364 5103; x_wconf 83' lang='lat' dir='ltr'><strong>&#39;t&#39;nm</strong></span> <span class='ocrx_word' id='word_1_912' title='bbox 1382 5056 1511 5116; x_wconf 80' lang='lat' dir='ltr'><strong>Orugesius</strong></span> <span class='ocrx_word' id='word_1_913' title='bbox 1522 5055 1598 5115; x_wconf 78' lang='lat' dir='ltr'><strong>dixit,</strong></span> <span class='ocrx_word' id='word_1_914' title='bbox 1612 5069 1638 5103; x_wconf 90' lang='lat' dir='ltr'>se</span> <span class='ocrx_word' id='word_1_915' title='bbox 1648 5055 1786 5116; x_wconf 90' lang='lat' dir='ltr'><strong>imperatori</strong></span> <span class='ocrx_word' id='word_1_916' title='bbox 1796 5065 1818 5101; x_wconf 84' lang='lat' dir='ltr'>et</span> 
     </span>
     <span class='ocr_line' id='line_1_109' title="bbox 1044 5132 1819 5194; baseline 0 -14"><span class='ocrx_word' id='word_1_917' title='bbox 1044 5133 1081 5192; x_wconf 89' lang='lat' dir='ltr'><strong>iis,</strong></span> <span class='ocrx_word' id='word_1_918' title='bbox 1095 5133 1136 5194; x_wconf 87' lang='lat' dir='ltr'>qui</span> <span class='ocrx_word' id='word_1_919' title='bbox 1148 5135 1170 5181; x_wconf 86' lang='lat' dir='ltr'>ei</span> <span class='ocrx_word' id='word_1_920' title='bbox 1182 5145 1196 5181; x_wconf 90' lang='lat' dir='ltr'>a</span> <span class='ocrx_word' id='word_1_921' title='bbox 1207 5132 1312 5182; x_wconf 84' lang='lat' dir='ltr'><strong>consiliis</strong></span> <span class='ocrx_word' id='word_1_922' title='bbox 1324 5136 1410 5194; x_wconf 73' lang='lat' dir='ltr'><strong>essere,</strong></span> <span class='ocrx_word' id='word_1_923' title='bbox 1427 5146 1454 5181; x_wconf 86' lang='lat' dir='ltr'>ea</span> <span class='ocrx_word' id='word_1_924' title='bbox 1467 5133 1587 5182; x_wconf 88' lang='lat' dir='ltr'><strong>dicturtnn</strong></span> <span class='ocrx_word' id='word_1_925' title='bbox 1596 5146 1655 5192; x_wconf 81' lang='lat' dir='ltr'><strong>esse,</strong></span> <span class='ocrx_word' id='word_1_926' title='bbox 1666 5145 1723 5193; x_wconf 73' lang='lat' dir='ltr'><strong>quae</strong></span> <span class='ocrx_word' id='word_1_927' title='bbox 1738 5133 1819 5182; x_wconf 77' lang='lat' dir='ltr'><strong>Allitas</strong></span> 
     </span>
    </p>
   </div>
   <div class='ocr_carea' id='block_1_8' title="bbox 0 0 1904 5728">
    <p class='ocr_par' dir='ltr' id='par_1_10' title="bbox 0 0 1904 5728">
     <span class='ocr_line' id='line_1_110' title="bbox 0 0 1904 5728; baseline 0 0"><span class='ocrx_word' id='word_1_928' title='bbox 0 0 1904 5728; x_wconf 95' lang='lat' dir='ltr'> </span> 
     </span>
    </p>
   </div>
  </div>
 </body>
</html>
