3842 5726
782 350 1033 414 FRAGMENTA.
1668 360 1702 412 to

117 489 173 559 ἡμῖν
189 481 340 562 ἐπέπεμψε.
361 480 624 562 Διανυιιτερειίσαντες
644 481 672 539 δὲ
695 480 741 540 καί
761 479 814 538 oieb
834 483 885 538 τῶν
929 484 999 558 ἡμᾶς
1020 478 1125 538 ἀπιέναι
1146 479 1392 558 παρακελευόμενοι.
1416 477 1508 558 ‘liudo
1531 478 1558 540 δέ
1580 481 1704 562 πρότερον

115 571 185 649 θρίων
203 574 252 642 τῆς
265 573 385 630 Ναῖσοοῦ
397 571 447 640 τὴν
460 569 567 649 πορείαν
586 568 758 645 ποιησάμενοι
780 567 822 628 ἐπί
842 567 886 626 τὸν
930 569 972 626 ἐπί
988 568 1017 626 τὸ
1038 569 1138 626 δεῖπνον
1159 566 1250 634 αὐτοὺς
1264 567 1344 625 ἐλθεῖν
1367 567 1541 644 αἰτησάντων,
1560 568 1704 637 άποόάντες

115 657 211 738 Ἱστρσν
226 657 357 734 ποταμὸν,
370 656 395 724 ἐς
409 680 435 714 τι
448 657 543 736 χωρίον
558 656 720 732 ἐσόάλλομεν
732 653 885 734 συνηρεφές,
928 659 979 713 τῶν
991 655 1080 713 ἵππων
1094 653 1272 732 εὐωχήθησαν,
1284 654 1329 712 καὶ
1339 658 1403 731 ἡμῖν
1415 659 1461 725 τῆς
1470 657 1528 714 ὁδοῦ
1538 660 1570 733 τῇ
1581 657 1704 736 ὑστεραία

114 744 215 818 καμπὰς
229 744 258 802 δέ
271 745 317 803 καί
329 741 450 821 ἐλιγμοίις
468 743 514 802 καὶ
525 743 687 823 περιαγωγάς
701 741 801 808 πολλίις
816 741 884 821 ἐχον.
928 743 1069 817 ἡγήσαντο.
1085 739 1308 819 Παραγενομένων
1325 740 1352 799 δέ
1366 744 1392 808 ἐς
1412 742 1457 808 τὰς
1478 743 1589 810 Ἀττὴλα
1608 743 1705 814 σκηνάς

113 833 154 891 Ἑν
169 823 243 912 ᾧπερ
259 837 309 902 τῆς
322 831 423 910 ἡμέρας
436 831 632 910 διαφαινούσης,
646 829 771 906 οἰομένοις
785 828 828 888 ἐπί
841 829 885 885 δυ-
929 829 997 908 είμρλ
1020 831 1042 887 θ’
1057 833 1103 900 τῆς
1120 828 1220 906 ἡμέρας
1236 828 1291 908 ώραΙ
1314 827 1423 904 (πολλοὶ
1436 828 1463 887 δέ
1477 831 1549 909 αὐτῷ
1563 831 1716 912 ἐτύγχανονΙ

113 917 175 990 uuir
197 916 359 989 πορεύεσθαι
380 921 397 986 ἡ
418 921 463 974 τοῦ
486 916 560 987 ἡλίου
582 915 696 986 ἀνατολὴ
719 914 884 975 κατεναντίον
929 907 1033 992 οὖσαι),
1051 917 1096 975 ἐπέ
1107 916 1226 994 τελόρου
1240 915 1505 988 τινὸςσκηνοποιῆσαι
1518 917 1704 994 βουληθέντων,

112 1003 267 1082 ιἰρθη,ώστε
277 1003 337 1071 τοὺς
347 1003 459 1082 ἀπείρως
466 1004 571 1082 ἔχοντας
578 1009 624 1074 τῆς
632 1009 678 1062 τοῦ
687 1005 785 1082 χωρίου
793 1001 885 1068 θέσεως
929 1006 952 1061 nl
968 1004 1130 1082 ἐπιτυχόντες
1147 1003 1305 1061 διεκώλυσαν
1327 1003 1470 1084 βάρόαροι,
1491 1007 1525 1070 ώς
1536 1009 1581 1075 τῆς
1594 1004 1705 1074 Ἀπὴλα

113 1091 270 1162 έναόοῆσαι,
285 1083 329 1149 οἷα
346 1090 377 1162 δὴ
391 1097 436 1148 τοῦ
450 1091 524 1161 ἡλίου
535 1092 582 1161 την
598 1091 714 1149 ἐναντίαν
731 1089 884 1166 ποιουμένου
930 1092 956 1146 ἐν
977 1091 1107 1168 χθαμαλῷ
1128 1088 1294 1168 ὑπαρχούσης
1314 1094 1418 1160 σκηνῆς·
1446 1089 1657 1150 decalvatum
1677 1091 1704 1148 δέ

112 1179 211 1256 πορείαν
226 1178 274 1236 καί
299 1179 375 1256 ἕτερα
392 1176 465 1258 παρδι
484 1177 518 1235 τά
536 1182 687 1236 καθεστῶτα
706 1177 885 1255 σημαίνοντος.
930 1174 995 1234 όπου
1008 1185 1061 1242 τοῖς
1082 1176 1193 1242 Σκύθαις
1207 1177 1307 1252 ἐδόκει,
1325 1177 1440 1238 Ἐδίιιων
1454 1178 1500 1235 καί
1518 1177 1645 1254 Ὀρέστης
1659 1176 1704 1235 καί

113 1265 172 1324 Ὑπὸ
185 1265 214 1323 δέ
227 1269 275 1334 τῆς
286 1270 334 1322 τοῦ
347 1264 427 1323 τόπου
442 1266 593 1340 ἀνωμαλίας
606 1267 650 1323 ἐπί
663 1263 791 1332 ἀνατολάς
802 1266 887 1324 ἐκεῖνο
931 1263 1048 1330 Σκόττας
1058 1263 1103 1321 καί
1114 1262 1197 1344 ἐτεροι
1209 1267 1260 1322 τῶν
1272 1266 1298 1321 ἐν
1308 1266 1393 1330 αὐτοῖς
1406 1264 1522 1342 λογάδων
1533 1257 1596 1336 ἡκον
1608 1267 1704 1342 ἀνερω-

112 1353 138 1410 τ“ο
151 1353 229 1432 μέρος
245 1351 341 1410 ἐόλεπε
356 1356 402 1422 τῆς
415 1353 486 1412 ὁδοῦ.
501 1352 578 1412 Μετὰ
591 1353 618 1410 δέ
638 1353 685 1424 τὴν
699 1353 847 1432 δυσχωρίαν
859 1355 885 1412 ἐν
930 1354 1022 1417 τῶντες
1032 1349 1107 1410 τίνων
1116 1359 1204 1428 τυχεῖν
1213 1352 1399 1417 ἐσπουδακότες
1408 1350 1455 1422 τὴν
1466 1351 1605 1430 πρεσόεέαν
1618 1350 1704 1409 ποιαί-

113 1441 185 1518 :clip
196 1441 245 1498 καί
260 1441 333 1518 αὐτῷ
344 1439 438 1498 ίιλώδει
450 1439 657 1519 παραγινόμεθα,
669 1440 806 1500 Ἐντεῦθεν
818 1439 886 1518 βάρ-
931 1441 1007 1514 μεθα.
1023 1436 1115 1514 Ἧμῶν
1129 1437 1156 1495 δέ
1168 1436 1216 1509 τὴν
1225 1437 1317 1516 ἄλογον
1332 1439 1566 1514 ἀποθαυμαζόντων
1579 1437 1704 1518 ἐρώτησιν

114 1525 180 1603 inpos
201 1526 332 1604 πορθμοῖς
353 1527 379 1584 ἐν
404 1529 514 1605 σκάρισι
538 1525 698 1602 μονοξύλοις,
721 1525 788 1606 άπερ
814 1525 886 1585 αὐτοὶ
930 1525 975 1582 καί
999 1525 1170 1596 ἐςόλλὴλους
1188 1525 1315 1603 δρώντων,
1328 1525 1457 1584 διετέλουν
1477 1527 1540 1606 πρὸς
1559 1525 1638 1604 όχλου
1659 1530 1705 1595 τῆς

114 1614 197 1690 δένδρα
208 1613 379 1687 ἐκτάμνοντες
390 1613 436 1672 καί
447 1615 627 1692 διαγλύροντες
638 1614 885 1684 κατασκιυάζουσιν,
932 1610 1092 1691 ἀποκρίσεως
1103 1611 1177 1670 ἕνεκα
1187 1611 1326 1690 γινόμενοι.
1339 1611 1470 1673 Εἰπόντων
1481 1613 1524 1689 δὲ,
1538 1613 1647 1692 Ἀττ-ἡλορ
1660 1613 1706 1670 καί

115 1699 224 1778 ἐδέχοντο
233 1703 308 1772 ἡμᾶς
317 1699 363 1758 καί
373 1699 554 1776 διεπόρθμευον
567 1701 610 1758 τὸν
619 1701 804 1779 ποταμὸν,οὖχ
811 1704 886 1776 ἡμῶν
931 1701 981 1778 σιἰχ
993 1699 1087 1779 ἑτέροις
1100 1698 1184 1778 λέγειν
1198 1701 1306 1780 βασιλέα
1316 1701 1571 1780 παρακελεύσασθαι,
1585 1701 1706 1780 χαλεπή-

116 1787 180 1844 tina
192 1787 471 1864 παρασκευασάμενοι,
482 1787 887 1868 άλλίιδιαπορθμεύσαντεςπλὴ·
931 1809 976 1853 νας
990 1787 1107 1852 Σκόττας
1129 1786 1285 1866 ἀπεκρίνατο
1304 1793 1349 1846 τοῦ
1372 1793 1442 1868 σρῶν
1461 1791 1545 1847 αὐτῶν
1562 1788 1705 1866 ἡγουμένω

117 1879 151 1938 θος
162 1873 334 1952 βτρόαρικὸν,
349 1873 413 1951 ὅπερ
427 1878 490 1950 ἡμῖν
503 1873 571 1931 κατὰ
584 1873 631 1944 τὴν
645 1874 703 1932 όδδν
724 1873 885 1946 ἐπηντὴκιι,
932 1873 1064 1953 ἐπίταγμα
1079 1866 1157 1932 εἶναι·
1176 1877 1206 1933 οὗ
1221 1877 1271 1954 γάρ
1287 1875 1318 1932 διν
1335 1874 1575 1956 πολυπραγμοσύνη
1592 1873 1705 1954 σφετέρα

118 1952 153 2017 οἶα
163 1961 193 2030 δὴ
209 1961 371 2038 βουλομένου
384 1967 419 2029 a<
433 1963 476 2020 ἐπὶ
488 1961 569 2042 θήραν
584 1962 696 2034 Ἀττὴλα
708 1961 848 2020 διαβαίνειν
862 1965 887 2029 ἐς
932 1962 997 2040 παρ’
1015 1965 1085 2036 ἡμᾶς
1107 1960 1267 2032 ἐληλυθέναι.
1283 1962 1431 2034 Φησάντων
1453 1963 1480 2020 δέ
1500 1961 1538 2038 μὴ
1559 1967 1648 2021 τοῦτον
1662 1961 1705 2020 ἐπί

119 2046 158 2116 alr
171 2049 318 2124 Ῥωμαίων
328 2053 388 2126 γῆν.
405 2053 491 2109 Τοῦτο
505 2049 531 2108 δέ
547 2041 578 2122 ἡν
591 2051 707 2126 πολέμου
720 2049 887 2129 παρασκευὴν
931 2057 983 2114 τοίς
994 2048 1118 2128 πρέσόεσι
1132 2052 1233 2108 κεῖσθαι
1243 2048 1287 2108 τδν
1302 2048 1389 2126 νόμον,
1402 2047 1469 2108 ώστε
1484 2049 1521 2126 μὴ
1536 2048 1705 2128 ἐντυγχάνον-

119 2135 253 2215 τσιαιμίνιρ
275 2135 450 2216 (παρασκευὴ
468 2137 628 2213 ποιονμένηέ
642 2139 690 2213 Β.)
713 2140 750 2213 τῷ
765 2137 889 2218 βασιλείῳ
932 2159 988 2210 τας,
1008 2136 1073 2212 μηδὲ
1088 2139 1113 2202 ἐς
1126 2136 1184 2216 όψιν
1198 2135 1351 2216 ἐρχομένους
1365 2139 1429 2216 παρ’
1443 2136 1485 2204 obe
1497 2136 1655 2210 tertiasse,
1672 2138 1706 2196 δι’

120 2221 210 2300 hilp,
224 2225 358 2302 προράσει
376 2228 422 2282 τοῦ
439 2223 476 2298 μὴ
493 2225 593 2290 πάντας
608 2225 678 2305 αὐτῷ
699 2224 757 2291 τοὺς
775 2223 890 2304 ρυγάδας
933 2222 1026 2302 ἐτέρων
1041 2224 1222 2303 άνακρίνεσθαι
1233 2201 1269 2282 ών
1278 2224 1354 2282 ἕνεκα
1365 2223 1560 2304 πρεσόεάοιντο,
1575 2224 1619 2282 καί
1630 2229 1707 2282 τοῦτο

119 2309 234 2368 δεδόσθαι.
254 2310 451 2389 Πιραιωθέντες
472 2311 499 2369 δέ
518 2311 561 2369 τὸν
584 2309 685 2389 Ἴστρον
704 2311 750 2368 καί
769 2310 815 2368 σὺν
838 2319 889 2376 τοῖς
934 2309 998 2386 μηδὲ
1013 2309 1104 2377 αὐτοὺς
1114 2312 1212 2389 ἀγνοεῖν
1224 2310 1325 2376 Σκύθας
1335 2312 1431 2388 θαμινά
1442 2311 1514 2392 παρά
1526 2311 1635 2390 βασιλέα
1645 2333 1707 2388 πρε·

121 2396 248 2475 βτρόάροις
262 2399 299 2462 ώς
313 2398 336 2454 ο’
359 2397 525 2476 πορευθέντες
547 2397 678 2469 σταδίους,
699 2399 724 2455 ἐν
746 2397 827 2476 πεδίῳ
840 2397 890 2456 τινί
934 2396 1119 2472 σόευομένους·
1130 2403 1225 2476 χρῆναι
1235 2397 1263 2456 δέ
1273 2403 1324 2457 τῶν
1334 2399 1396 2458 troi
1404 2409 1500 2480 κυρεῖν,
1513 2399 1549 2476 μὴ
1560 2399 1610 2477 γδιρ
1622 2399 1707 2465 άλλως

120 2483 237 2558 ἐπιμένειν
248 2485 466 2559 ἠναγκάσθημεν,
477 2484 545 2542 ὥστε
555 2483 615 2552 τοίις
624 2483 692 2562 lupi
703 2483 745 2542 τὸν
756 2483 889 2544 Ἐδέκωνα
933 2484 966 2542 rb
979 2489 1025 2556 τῆς
1044 2485 1183 2562 πρεσόεέοις
1201 2489 1280 2566 ἐρεῖν·
1303 2489 1338 2553 ώς
1352 2486 1394 2548 τὸν
1420 2487 1544 2557 Ἀττὴλαν
1565 2484 1708 2557 ἀνέζευξαν,

117 2573 148 2648 τῷ
166 2569 278 2650 ’Ᾱττὴλρ
294 2570 417 2647 γενέσθαι
437 2575 484 2642 τῆς
496 2571 626 2650 ἡμετέρας
640 2570 749 2652 ἐρέξιως
763 2571 888 2647 μηνυτάς.
935 2571 980 2629 καί
998 2563 1069 2638 αὖθις
1088 2575 1217 2644 ἐπανῆκον
1239 2572 1382 2639 Ἐδέαωνος
1401 2574 1495 2654 χωρίς,
1515 2572 1560 2632 aul
1585 2571 1705 2639 ἅπαντα,

119 2657 336 2732 Ιιεταμεινάντων
355 2657 383 2716 δέ
403 2657 450 2716 σίιν
471 2662 535 2734 ἡμῖν
557 2658 602 2717 καλ
624 2662 675 2717 τῶν
696 2657 890 2734 ξιναγησάντων
935 2657 995 2737 περί
1014 2649 1050 2716 ὧν
1072 2659 1300 2738 ἐπρεσόευόμεθα,
1320 2660 1420 2738 ἔλεγον,
1443 2660 1647 2738 προστάττοντας
1662 2659 1708 2728 ι-ἡν

116 2748 178 2816 lul<
190 2744 345 2823 βαρόέρων,
367 2746 433 2826 ἀμφὶ
448 2747 536 2816 δείλην
553 2745 630 2825 ὀψίαν
646 2747 747 2803 δεῖπνον
758 2748 834 2821 ἡμῶν
848 2748 891 2804 ul·
935 2746 1063 2824 ταχίστην
1080 2746 1199 2818 ἐπιέναι,
1215 2751 1237 2806 αἰ
1254 2747 1290 2824 μὴ
1303 2747 1377 2828 ἐτεροι
1393 2749 1497 2827 φράζειν
1512 2747 1628 2826 έχοιμεν.
1645 2746 1709 2806 Ἐπί

117 2829 251 2907 perpluere,
267 2831 361 2912 κρότος
373 2829 460 2891 ἵππων
475 2837 510 2900 ώς
525 2837 596 2904 ἡμᾶς
609 2831 755 2911 ἐρχομένων
769 2831 888 2903 ἠκούετο.
936 2831 963 2891 δέ
975 2837 1027 2899 τοῖς
1040 2835 1154 2912 λεχθεῖσι
1165 2835 1243 2894 πλέον
1258 2834 1295 2893 ἐτι
1314 2838 1468 2914 άποροίῖντες
1487 2837 1532 2912 (οὐ
1547 2835 1596 2914 γάρ
1610 2825 1642 2906 ἡν
1654 2835 1709 2913 ἐρι-

117 2919 164 2976 ilai
174 2919 205 2988 δὴ
218 2917 312 2995 ἄνδρας
324 2919 370 2978 δύο
382 2919 657 2999 Σκύθαιπαρεγίνοντο
667 2917 754 2986 ώςτδν
765 2918 891 2991 Ἀττ-ἡλαν
936 2919 997 2978 κτδν
1011 2919 1145 2998 γινώσκειν
1161 2921 1229 2988 όπως
1251 2921 1349 2994 ἔκδηλα
1368 2922 1478 3000 ἐγεγόνει
1491 2919 1524 2980 τόι
1542 2925 1606 2980 θεῶν
1623 2923 1709 3000 παρά-

113 3107 349 3166 ανιθιιεοθλθίίλεαι
370 3111 511 3173 scripserat,
529 3111 660 3173 explerent.
680 3111 890 3172 llominemigitur
937 3110 1034 3160 Attilam
1048 3111 1129 3160 venire
1136 3111 1266 3172 jusserunt.
1300 3112 1709 3175 llobisreroprluseusadcoeuam

118 3187 284 3248 ruminus,
295 3191 322 3236 et
332 3189 440 3250 quinque
449 3191 561 3250 prologos
572 3189 665 3238 linnnis
674 3189 889 3252 traderepreocpl·
933 3188 1048 3237 accedere
1057 3188 1209 3250 rogantibus,
1223 3188 1328 3250 deeqnis
1338 3188 1506 3239 descendentes
1514 3202 1561 3238 uns
1572 3190 1710 3238 convivium

115 3264 475 3324 emmerammum
483 3265 607 3314 nobiscum
620 3265 718 3316 dimisit.
728 3269 889 3317 Noctetrans-
933 3263 1052 3324 inierunt,
1062 3268 1086 3314 et
1095 3264 1207 3326 postridie
1222 3265 1285 3313 riam
1295 3267 1428 3327 praeeuntes
1441 3265 1644 3314 demonstrarunt
1657 3269 1710 3324 Qira

116 3345 178 3395 εεια.
191 3353 206 3388 a
217 3341 343 3390 montibus
359 3341 433 3391 llsissi
446 3345 534 3392 istrum
550 3355 633 3392 uersus
645 3345 782 3405 pergentes,
804 3343 828 3392 in
846 3357 890 3392 an·
933 3339 1036 3390 diebora
1047 3342 1096 3390 lere
1105 3342 1290 3391 noussdlttilse
1296 3342 1399 3390 tentoria
1409 3342 1710 3403 perrenimnstnamerant

118 3419 204 3474 gustam
213 3418 349 3467 murellum
369 3431 411 3480 per
423 3419 533 3482 obliquos
550 3419 626 3469 lesus
641 3423 665 3469 et
674 3420 787 3470 circuitus
802 3420 891 3470 multos
933 3416 1075 3479 eiplurima.
1088 3419 1118 3467 nt
1127 3429 1202 3478 quum
1216 3419 1239 3466 in
1251 3418 1312 3467 colle
1321 3417 1426 3479 quodam
1442 3418 1546 3466 tentoria
1556 3417 1627 3479 ligere
1638 3418 1710 3466 velle·

120 3491 890 3559 Metitur.ilioqunmineaopinioneessemus,utinoocasum
933 3495 1076 3554 mus,obrii
1086 3495 1182 3545 barbari
1201 3495 1390 3557 prohibuerunt,
1410 3495 1524 3557 qsroirism
1538 3495 1618 3545 Attilae
1630 3498 1711 3544 tento-

123 3565 161 3614 ile
169 3569 261 3620 trudere
269 3571 475 3631 existimaremus,
485 3573 629 3634 simulatque
636 3573 714 3622 illusit
723 3573 757 3622 sol
767 3575 889 3637 exoriens,
934 3571 996 3620 rium
1008 3575 1069 3622 esset
1078 3573 1101 3620 in
1113 3571 1210 3635 planitie
1220 3572 1333 3634 positum.
1344 3573 1504 3630 Quamobrem
1512 3573 1542 3620 ad
1555 3572 1711 3622 barbarorum

124 3657 169 3692 sese
178 3647 313 3698 exsdremo
324 3651 402 3698 oculis
414 3651 600 3712 nostrisobjecit.
614 3655 699 3714 ltaque
710 3653 751 3714 qni
761 3652 807 3702 lori
818 3653 890 3702 situm
934 3649 1059 3698 arbitrium
1069 3649 1150 3698 locum
1160 3650 1255 3698 tentorii
1266 3649 1399 3698 collocandi
1409 3649 1524 3712 capimus.
1535 3651 1590 3699 line
1602 3649 1710 3707 Edeoen,

124 3719 251 3780 monum
259 3727 411 3789 exclamare,
425 3731 541 3791 tanusm
555 3731 590 3780 sol
603 3731 748 3780 eontrarium
759 3732 827 3780 solito
836 3745 890 3780 eur·
935 3728 1039 3786 Orestes,
1051 3729 1133 3776 scotta
1142 3728 1166 3775 et
1174 3726 1214 3776 alii
1221 3739 1252 3774 ex
1263 3727 1357 3788 Scythis
1366 3727 1480 3788 primores
1488 3739 1545 3774 mos
1552 3726 1710 3786 advenerunt,

125 3811 172 3846 sum
183 3803 324 3862 mulceret,
337 3806 362 3852 el
374 3805 549 3856 abliorrentiaa
566 3807 696 3856 consutum
712 3820 792 3857 rerum
809 3808 892 3858 ordine
934 3804 960 3851 et
969 3816 1001 3852 ex
1019 3803 1087 3852 uobis
1097 3804 1258 3866 quesierunt,
1269 3817 1373 3864 quarum
1393 3817 1474 3853 rerum
1490 3803 1712 3864 consequendarum

124 3873 247 3936 &smmi
258 3894 264 3926 :
274 3880 316 3928 sed
334 3883 430 3943 propter
438 3882 484 3930 loci
497 3883 684 3945 inequalitatem
695 3885 734 3933 ria
745 3897 772 3933 ea
783 3885 851 3946 parte
861 3883 891 3932 ad
934 3881 1008 3942 gratia
1021 3881 1083 3930 banc
1093 3883 1235 3944 legationem
1251 3885 1444 3945 suscepissemus.
1476 3885 1524 3932 llos
1537 3895 1593 3930 vero
1609 3881 1712 3931 inuicem

125 3953 237 4002 Orientem
248 3959 349 4016 spectat.
361 3961 397 4006 Εε
414 3957 585 4008 illodilliciliel
595 3958 671 4008 arduo
683 3961 735 4010 loco
746 3960 856 4023 adplene
867 3961 892 4011 et
934 3957 1020 4007 intueri
1029 3995 1036 4018 ,
1045 3961 1069 4007 et
1079 3963 1127 4006 tam
1143 3957 1248 4021 ineptam
1261 3959 1478 4020 percunctationem
1493 3957 1613 4006 admirari.
1626 3959 1662 4006 llll
1675 3959 1712 4007 ni-

124 4031 229 4090 'tillim
239 4033 387 4084 devenimus.
399 4037 443 4086 llic
452 4049 497 4086 nos
506 4038 599 4087 barbari
612 4039 739 4102 portitores
756 4041 780 4088 lu
800 4039 893 4101 sospbis
935 4036 1064 4086 bilomluus
1075 4049 1238 4099 perseverare,
1250 4039 1274 4085 et
1283 4037 1367 4098 nobis,
1379 4039 1408 4084 ut
1416 4035 1625 4098 responderemus,
1638 4030 1712 4082 iusta-
1801 4073 1806 4082 .

124 4110 189 4157 initu
199 4111 260 4172 ligno
275 4115 453 4177 constantibus,
466 4128 526 4177 quas
536 4117 662 4167 arboribus
678 4117 749 4167 sebtis
763 4121 788 4167 et
803 4117 893 4166 mustis
935 4113 1003 4162 bant.
1036 4119 1066 4163 lt
1077 4126 1153 4176 quum
1168 4115 1212 4163 soli
1222 4113 1318 4174 lllilre,
1332 4125 1380 4162 non
1389 4113 1442 4162 aliis
1462 4113 1629 4175 imperatorem
1642 4123 1712 4159 man·

123 4185 244 4250 *domnis
256 4196 416 4254 eruperunt,
428 4197 452 4242 el
464 4193 553 4244 lumen
560 4196 751 4246 transmiserunt.
784 4199 814 4246 nt
821 4196 892 4245 lembi
935 4189 992 4239 data
1002 4202 1121 4252 exponere
1129 4189 1224 4251 jussisse
1236 4189 1659 4251 respondissemus,soottaollensns,
1668 4188 1713 4236 Ιιου

123 4264 213 4322 uiridem
224 4267 323 4316 minime
333 4267 364 4316 ad
373 4281 418 4318 nos
428 4269 603 4330 traducendos,
618 4271 660 4320 sed
672 4272 701 4320 sd
715 4272 892 4323 multitudinem
936 4269 980 4319 sibi
989 4281 1005 4318 a
1014 4269 1126 4318 suoduoe
1138 4271 1283 4331 preceptum
1293 4281 1344 4318 esse
1362 4269 1439 4327 dixit,
1450 4281 1527 4329 neqrre
1539 4279 1582 4316 sua
1592 4268 1675 4328 sponte
1687 4278 1714 4314 se

125 4338 273 4392 θοιθατοτοιιε
290 4343 454 4406 trajiciendum
470 4350 539 4396 erant
560 4349 700 4410 preparati,
716 4362 771 4411 prim
789 4349 857 4399 nobis
868 4351 893 4398 ln
936 4345 967 4396 sd
979 4359 1024 4395 nos
1039 4347 1141 4398 venisse.
1161 4349 1209 4396 llos
1217 4359 1275 4396 vero
1283 4345 1411 4405 obtestari,
1423 4357 1542 4406 nusquam
1560 4344 1621 4392 banc
1637 4344 1713 4404 legem

123 4416 158 4462 ris
169 4424 316 4481 commetat,
328 4422 385 4484 qrsia
397 4423 521 4472 lttilssad
532 4425 715 4475 venationemin
733 4429 893 4475 Romanorum
936 4423 1021 4484 legatis
1046 4423 1196 4485 impositum,
1213 4426 1240 4472 nt
1260 4435 1303 4485 per
1330 4422 1389 4471 ailoe
1407 4420 1518 4471 mundata
1535 4421 1608 4470 edam
1628 4423 1652 4470 et
1671 4433 1713 4481 pa·

123 4493 178 4542 lues
190 4497 319 4558 mmpredi
329 4497 409 4547 vellet.
422 4501 602 4550 llereraautem
613 4501 702 4551 bellum
716 4506 799 4551 contra
808 4505 894 4553 Roma·
937 4500 987 4549 lam
1002 4500 1102 4558 iaciant,
1119 4501 1247 4562 autequam
1263 4513 1316 4562 eos,
1328 4498 1360 4547 ad
1371 4511 1432 4561 quos
1451 4499 1515 4547 missi
1527 4499 1588 4557 siut,
1597 4497 1713 4554 adierint,

122 4573 894 4640 muniit,cuisupereodlocsasionrmsnmebnt.quodtrans·
938 4577 999 4626 etin
1010 4579 1163 4638 conspectum
1172 4589 1255 4626 eorum
1264 4577 1380 4625 venerint.
1413 4575 1551 4636 usquehuc
1564 4575 1664 4636 scytbas
1675 4586 1714 4622 ne·

121 4643 180 4706 luga
189 4661 237 4697 non
252 4648 417 4700 redderentur.
431 4653 579 4702 Transmisso
591 4657 669 4714 istro,
682 4657 831 4716 septuaginta
845 4657 895 4706 iere
937 4655 1012 4714 scire,
1024 4653 1065 4715 qui
1075 4665 1237 4715 sepenumero
1256 4652 1344 4713 legatos
1361 4652 1391 4702 ad
1404 4653 1572 4715 imperatorem
1596 4651 1713 4700 miserint.

120 4725 247 4775 umerum
257 4728 367 4778 itercnm
376 4730 484 4779 barbaris
492 4732 582 4781 emensi
592 4733 616 4780 in
626 4733 823 4795 campoquodsm
840 4735 895 4784 sub·
938 4729 1376 4792 ldemetuobisconlingereparesee,
1388 4727 1715 4791 nequealiternoemsodata

121 4799 199 4852 lilim
209 4804 287 4853 emeli
299 4818 397 4864 sumus,
410 4807 524 4869 bntisper
532 4807 591 4857 dum
605 4809 699 4858 ndeoon
711 4811 809 4859 Attilam
821 4813 895 4862 nostrl
937 4819 989 4857 esee
997 4807 1111 4856 dicturos.
1123 4807 1216 4864 Quibus
1224 4806 1311 4856 audilis
1319 4807 1350 4856 sd
1359 4807 1456 4856 Attilam
1469 4807 1636 4868 perrexerunt,
1650 4803 1715 4853 unde

122 4875 233 4928 drusius
248 4879 375 4930 eertimem
386 4883 487 4942 inseret,
501 4884 652 4934 nubentibus
670 4885 759 4935 interea
770 4887 894 4938 nobiseum
939 4884 1073 4934 nonmulto
1083 4888 1135 4945 post
1146 4885 1196 4934 siue
1208 4884 1524 4944 Edemnereversimmnis,
1534 4895 1589 4944 que
1602 4893 1658 4928 cnm
1668 4880 1715 4928 illis

123 4966 151 5000 τι
164 4953 282 5014 barbaris,
293 4957 336 5019 qui
347 4958 610 5010 nosersntdeduoturl
628 4961 699 5010 circa
710 4975 832 5024 vesperam
849 4977 895 5013 no-
938 4975 1007 5024 agere
1018 4962 1043 5010 in
1063 4961 1183 5012 mandatis
1204 4962 1366 5023 habebamus,
1380 4962 1507 5022 dixerunt,
1526 4958 1713 5018 ronlmliman,

123 5027 325 5094 binomium,
337 5033 434 5084 auditus
444 5041 481 5086 est
495 5038 608 5099 strepitsu
616 5049 733 5099 equorum
751 5039 781 5088 ad
796 5053 840 5091 nos
852 5055 894 5090 ve·
938 5041 983 5089 nisi
992 5041 1049 5102 quid
1060 5041 1124 5090 aliud
1132 5040 1263 5090 nobiscum
1272 5041 1318 5090 illis
1327 5041 1361 5088 rei
1370 5043 1446 5100 emet,
1457 5039 1577 5088 discedere
1585 5037 1714 5098 J'usaerunt.

123 5109 239 5160 mtium.
273 5115 305 5162 lit
322 5111 372 5162 duo
387 5113 433 5164 riri
452 5115 548 5176 seytbu
559 5115 720 5178 advenerunt,
737 5117 778 5180 qui
802 5131 846 5168 nos
864 5119 895 5168 sd
940 5124 1000 5178 Qum
1012 5119 1052 5169 ubi
1071 5120 1222 5182 audivimus,
1237 5121 1323 5170 animis
1340 5119 1406 5169 dubii
1424 5119 1577 5182 srrspemique
1594 5113 1713 5163 timuimus·
