3792 5728
464 323 936 460 HESYCHIUS
977 326 1386 462 MILESIUS.

778 665 1058 700 —Qffla—

169 873 268 929 Suidas
291 889 300 929 :
321 868 483 949 Ἱδσιίχιος
506 868 689 947 Μιλήσιος,
703 872 755 937 υίὸς
771 869 900 951 Ἡσυχίοιι
941 867 1043 944 Ἕλλην
1058 871 1102 930 καί
1115 871 1198 942 ἄθεος,
1213 875 1233 929 i.
1248 893 1274 930 c.
1286 875 1411 930 ethnicus
1423 887 1451 930 ct
1467 881 1579 950 impius,
1591 875 1712 946 dicatur,

134 957 263 1036 διαηγδρσν
276 957 327 1016 καί
343 958 518 1037 Φιλοσοφίας,
538 955 647 1035 γεγονὼς
666 958 710 1014 ἐπὶ
731 958 899 1017 Ἀναστασίου
942 962 1023 1014 simul
1032 963 1097 1016 hinc
1107 963 1196 1034 liquet
1207 963 1374 1035 Hesychimn
1384 965 1519 1037 religione
1530 965 1715 1019 Christianum

135 1045 265 1120 βασιλέως.
281 1043 418 1124 Ἐγραψιν
436 1043 671 1120 Ὀνοματολόγονῆ
689 1047 793 1104 [lisura
807 1049 859 1103 τῶν
873 1048 898 1103 ἐν
942 1045 1032 1102 fuisse.
1045 1048 1125 1102 Adde
1135 1049 1419 1121 quodin'terSibyllas
1426 1052 1548 1123 primam
1558 1050 1639 1104 luisse
1652 1068 1713 1104 nar·

133 1131 231 1210 ταιδείφ
246 1122 453 1206 despectissimi
468 1131 578 1207 ίττιτομή
590 1134 645 1190 ἐστι
656 1137 731 1190 τοῦτο
744 1131 774 1190 τδ
790 1131 897 1210 βιάλίον.
941 1144 986 1187 rat
997 1134 1153 1189 Chaldaeum
1160 1129 1206 1202 τὴν
1225 1134 1299 1211 περὶ
1320 1136 1465 1211 Χριστοῦ
1485 1133 1712 1212 προφητεύσασαν.

135 1217 182 1276 Καὶ
201 1219 336 1296 xantum
354 1219 480 1296 ἱστορίαν,
498 1217 588 1290 ἥντινα
607 1220 684 1276 διεῖλε
699 1219 735 1286 εἰς
749 1217 774 1286 ἓξ
789 1218 897 1288 διαστή-
943 1221 1004 1273 Alia
1014 1222 1164 1289 nonnulla,
1186 1239 1247 1293 quse
1264 1223 1295 1274 in
1315 1221 1432 1276 eandem
1451 1223 1615 1276 sententiam
1626 1223 1713 1276 inter·

132 1325 196 1374 ματα
210 1305 297 1378 (οὕτω
310 1303 362 1382 γάρ
374 1306 449 1363 καλεῖ
460 1304 567 1363 ἕκαστον
583 1304 709 1382 βιίλίον),
729 1307 755 1363 ἐν
770 1296 806 1371 οἷς
819 1304 898 1384 ἐμφί·
942 1307 1080 1380 pretends
1103 1308 1180 1380 apud
1206 1309 1377 1380 Hesychium
1405 1319 1574 1376 occurrunt,
1603 1308 1716 1380 collegit

133 1409 212 1464 ρσνται
222 1392 251 1446 αἱ
260 1390 441 1470 κατὰκαιροδς
449 1389 554 1468 πράξεις
564 1394 614 1448 τῶν
622 1389 763 1467 Ῥωμαίων
772 1391 897 1469 βασιλέων
942 1393 1008 1450 Chr.
1029 1394 1269 1448 Thomchmidtius
1289 1396 1317 1448 in
1337 1394 1494 1452 Commeat.
1514 1396 1557 1449 De
1576 1395 1714 1466 Hesychio

131 1473 170 1530 ιιαδ
182 1477 208 1532 αδ
218 1477 372 1534 δυναστεῖαι
386 1481 437 1534 τῶν
447 1477 514 1536 κατὰ
524 1477 597 1544 idve:
607 1477 790 1554 κρατησάντων
805 1477 896 1557 τυράν-

132 1583 176 1618 ror
185 1562 230 1618 καί
243 1563 280 1620 τὰ
292 1563 361 1622 κατὰ
375 1565 405 1622 τδ
419 1565 558 1632 Βυζάντιον
567 1562 716 1641 πραχθέντα
731 1563 777 1630 ἕως
788 1568 835 1636 τῆς
848 1567 895 1640 βα·

131 1648 219 1714 salsis<
242 1649 430 1722 Ἀναστασίον,
453 1657 497 1709 τοῦ
524 1649 745 1727 δπονομαζομίνου
775 1651 894 1730 Δικδρου.

131 1733 170 1798 Εἰς
179 1733 205 1793 δὲ
220 1736 268 1792 τὸν
283 1736 381 1796 πίνακα
397 1741 449 1795 τῶν
461 1739 487 1794 ἐν
504 1736 609 1814 παιδιίφ
630 1737 788 1816 λαμψάντων
802 1740 896 1808 ἐκκλη-

130 1826 268 1897 σιαστιιςῶν
281 1823 445 1882 διδασκάλοιν
457 1823 557 1890 οὐδινδς
566 1823 736 1900 μνημονεύει·
748 1828 782 1892 ὡς
794 1827 824 1883 ἐκ
839 1823 897 1882 τού-

128 1931 174 1965 τινν
197 1905 478 1989 ὑπόνοιαν”τταρίχειν,
500 1911 537 1985 μὴ
557 1901 623 1967 εἶναι
644 1911 719 1968 αιίτδν
733 1910 897 1990 Χριστιανὸν,

130 1994 189 2052 titt
201 1999 251 2065 τῆς
262 1995 422 2068 ‘Elimeia
436 1997 621 2074 ματαιοπονίας
634 1998 777 2058 ἀνάπλεων.

163 2087 252 2158 igitur
263 2088 439 2160 Hesychius,
451 2090 527 2161 quia
541 2089 678 2162 dignitate
692 2091 823 2158 Ilhrstris,
841 2085 896 2146 'll-

129 2168 256 2246 λίστριος,
282 2176 382 2228 vocari
401 2175 490 2241 solet,
504 2177 625 2246 patriam
639 2177 740 2230 habuit
754 2179 895 2246 lililctum,

129 2270 228 2330 patrem
249 2261 443 2332 Hesychium,
462 2272 581 2316 matrem
596 2262 734 2335 denique,
754 2266 777 2318 si
790 2275 896 2319 veteres

129 2347 210 2400 Suidae
224 2348 372 2402 editiones
381 2349 535 2420 sequimur,
556 2349 700 2421 Sophiam.
725 2354 827 2406 Verum
842 2370 895 2424 pro

129 2434 231 2506 vulgata
249 2430 300 2488 κα)
318 2432 415 2510 Σοφίας
437 2436 537 2508 optimi
557 2437 648 2490 Suidae
667 2437 779 2492 codices
799 2439 896 2496 ARVb'

128 2517 247 2590 prahcnt
269 2517 317 2576 καὶ
328 2519 486 2598 φιλοσοφίας.
504 2545 516 2571 ι
534 2523 592 2576 Nec
614 2535 738 2591 temere,
758 2526 895 2582 Bernhar·

129 2605 192 2675 dyus
201 2609 265 2675 sit,
286 2610 440 2680 praesertim
451 2626 538 2679 quum
551 2611 582 2662 in
600 2610 716 2664 Labbaei
731 2612 831 2668 Glossis
840 2613 895 2666 Ra-

128 2693 164 2747 sil.
176 2706 266 2748 exstet
278 2695 293 2748 δ
309 2689 482 2770 Ἰλλούστρισς
495 2692 644 2770 Ἡσιίχιοςδ
664 2696 838 2774 φιλοσοφήσας
850 2700 896 2764 τῆς

127 2777 263 2846 Μιλησίας.
276 2781 396 2836 Accedit
406 2782 484 2853 quod
491 2782 607 2837 Photius
622 2785 688 2837 item
697 2785 769 2838 Bibl.
780 2785 845 2839 cod.
858 2785 895 2857 69

127 2864 634 2945 posuit‘llcuyiousaithdocopiscmbi
642 2872 820 2926 librisinvitis
828 2874 895 2927 olim

128 2951 266 3026 legebamr
276 2953 322 3010 καὶ
336 2951 443 3029 Σοφίας.
460 2957 560 3028 ltaque
568 2953 613 3012 καλ
623 2955 720 3034 Σοφίσς
731 2958 893 3032 repudiavi3

127 3041 810 3115 quamquamqnaedoctrinaegeneramemorataiu
842 3047 894 3114 int,

126 3123 193 3181 haud
202 3128 337 3182 divinare
345 3129 421 3182 licet.
435 3151 447 3177 ι
460 3129 529 3184 Mihi
540 3145 608 3185 vero
627 3149 684 3185 non
696 3064 896 3206 doctrinlrge-

126 3215 351 3269 nmsedmatris
360 3217 895 3291 uomencommemorariapudSuidam

127 3299 238 3356 ridetur.
252 3304 302 3357 Eo
319 3303 395 3356 enim
407 3301 486 3356 ducit
500 3303 630 3376 Photins3
644 3315 672 3358 et
682 3305 713 3356 in
722 3304 892 3360 GlossisBas.

126 3383 245 3444 facillime
252 3389 445 3446 emendatur:
460 3387 622 3467 Φιλοσοφίας
637 3393 682 3458 τῆς
699 3390 839 3460 Μιλησίας.
853 3398 894 3449 Ac

127 3471 304 3546 quidniapud
311 3476 637 3547 Romanos‚quinomen
644 3472 740 3552 Σοφίας
748 3478 777 3529 in
786 3477 895 3534 honore

128 3555 262 3616 habehant
275 3603 283 3628 ,
294 3561 449 3616 modestius
457 3563 542 3616 etiam
551 3559 710 3638 Φιλοσοφίας
721 3581 824 3618 nomen
832 3585 895 3619 mu·

126 3641 180 3696 lieri
195 3648 321 3702 inditum
336 3649 392 3702 sit?
402 3677 441 3690 -·
460 3647 565 3706 Filium
580 3667 614 3703 ex
632 3667 721 3704 uxore
744 3653 895 3724 Hesychius

127 3729 260 3805 susceptat
262 3751 389 3788 oannem
400 3773 408 3802 ‚
420 3754 504 3807 ηιισιιι
513 3735 602 3790 latum
611 3747 811 3810 praematurum
819 3742 894 3812 patri

126 3818 221 3890 eripuit
236 3821 341 3891 (Phor.
357 3822 424 3876 cod.
437 3822 500 3895 69).

160 3905 265 3961 Deinde
275 3905 379 3961 Suidas
391 3909 492 3961 vixisse
503 3906 674 3978 Hesychium
683 3909 811 3964 dicitsub
820 3913 893 3966 dna·

125 3991 215 4058 susim
225 4004 306 4048 recte
315 3993 419 4065 procul
434 3993 537 4060 dubio;
551 3992 599 4048 sed
610 3995 681 4049 vixit
689 3996 833 4050 etiamsub
844 3999 893 4051 Ju-

125 4076 251 4132 stinolet
259 4079 513 4134 IustinianoNam
522 4080 720 4136 Constantinus
729 4083 892 4156 Porphyro·

125 4163 227 4230 genitus
235 4165 377 4218 Detlrcm.
389 4165 419 4231 1,
433 4182 449 4219 a
464 4184 495 4240 p.
512 4163 546 4219 18
557 4167 647 4219 Bono.
662 4185 669 4220 ε
683 4163 752 4222 Οὔτε
761 4165 810 4245 γάρ
823 4168 892 4247 Προ·

126 4245 282 4317 αότισς,αίῑ,
296 4245 357 4305 οὗττ
365 4246 515 4327 Μένανδρος
523 4246 582 4306 οὔτε
590 4247 713 4327 Ἦσιίχιος
724 4249 893 4332 Ἰλλοιίστριος

126 4328 296 4404 ἐμνημόνευσε
315 4339 360 4391 τῶ
380 4333 496 4394 τοιούτου
517 4335 640 4410 ὀνόματος
655 4341 709 4412 (sc.
728 4343 774 4395 τοῦ
785 4337 893 4413 θίματος

126 4413 289 4492 ’Ᾰρμινιαιισῦ
296 4419 320 4496 ),
330 4423 354 4478 οἱ
365 4419 398 4478 τὰ
413 4421 527 4498 Χρονικδ
538 4422 705 4490 συντάξαντες
715 4423 758 4481 ἔτι)
770 4428 815 4494 τῆς
826 4427 891 4485 Ἰου·

126 4511 248 4564 “marsii
272 4507 417 4582 βασιλείας.
439 4511 517 4566 ldern
540 4513 625 4566 etism
647 4514 714 4568 inde
739 4515 891 4587 colligitur,

127 4593 198 4660 quod
218 4596 376 4667 Hesychius
396 4596 526 4652 historias
544 4615 608 4653 suas
626 4617 714 4672 usquc
733 4600 893 4674 adprimus

127 4691 207 4734 moos
221 4682 304 4754 regni
323 4679 491 4738 Justinianei
509 4684 642 4754 deduxit,
660 4697 688 4740 et
706 4688 893 4759 probabiliter

127 4765 204 4819 etiam
212 4769 287 4822 ultra
298 4767 470 4824 deducturus
479 4769 583 4840 fuisset,
590 4773 644 4826 nisi
653 4789 669 4826 a
678 4773 828 4828 scribendo
836 4777 891 4829 ani·

127 4864 197 4904 mum
207 4856 352 4909 avertisset
359 4855 453 4910 dilecti
463 4875 539 4911 mors
547 4855 608 4911 filii.
619 4859 748 4930 Denique
753 4877 816 4924 rem
825 4880 891 4915 con·

128 4931 220 4990 ficiunt
228 4957 262 4993 ea
278 4959 342 5012 qnae
353 4941 386 4995 de
397 4942 571 4997 Triboniano
582 4953 750 4999 assentatore
761 4945 892 5018 leguntur

130 5019 371 5104 ἱνὈνοματολοήῳ.
386 5029 443 5098 Qui
461 5027 576 5101 quidem
593 5029 785 5088 Tribouianus
802 5050 891 5105 quum

886 5135 925 5176 tta

942 1481 1048 1534 Milesio
1059 1481 1419 1557 Chris·tiauo(Wittcnberg
1454 1483 1541 1552 1716;
1551 1492 1580 1535 et
1596 1483 1716 1554 repetita

941 1566 972 1620 in
987 1567 1117 1638 Hesychii
1130 1567 1228 1621 Milesii
1240 1568 1382 1638 opusculis
1392 1569 1417 1620 ll
1427 1605 1435 1633 ,
1447 1567 1492 1621 ed.
1506 1568 1625 1622 Orellius
1638 1567 1712 1639 Lips.

946 1651 1036 1720 1820,
1047 1672 1077 1727 p.
1096 1653 1149 1708 261
1168 1652 1258 1726 sqq).
1273 1655 1388 1708 Temere
1406 1654 1493 1726 igitur
1509 1653 1608 1708 Suidas
1622 1655 1714 1707 ethni-

942 1758 1006 1793 cum
1016 1737 1185 1812 Hesychium
1199 1740 1279 1794 fuisse
1297 1741 1455 1814 suspicatur
1473 1759 1506 1794 ex
1518 1759 1571 1807 co,
1591 1739 1669 1811 quod
1685 1741 1715 1794 io

941 1827 1149 1899 Onomatologo
1159 1845 1237 1881 sacra
1247 1827 1364 1880 miscere
1374 1827 1500 1899 profanis
1506 1837 1605 1881 auctor
1610 1827 1712 1881 noluit.

981 1914 1100 1988 Scripsit
1117 1913 1273 1985 Hesychius
1295 1907 1530 1985 Ὀνοματολόγονῆ
1548 1909 1644 1966 πίνακα
1663 1915 1713 1968 τῶν

944 1999 969 2056 ἐν
985 2000 1091 2079 παιδεία)
1105 2001 1266 2076 ὀνομαστῶν,
1281 1989 1309 2056 οὗ
1328 1997 1438 2072 ίπιτομή
1457 2000 1526 2055 ἐστιν
1544 2002 1619 2056 τοῦτο
1634 1996 1663 2055 τὸ
1676 2002 1714 2075 βι·

942 2085 1023 2146 ditior.
1043 2113 1055 2138 ν
1072 2091 1138 2144 Haec
1151 2087 1160 2162 (
1172 2089 1282 2144 Nrelsius
1295 2089 1333 2142 ait
1344 2089 1374 2142 in
1390 2087 1499 2142 Choeril.
1512 2085 1547 2140 fr.
1560 2105 1589 2160 p.
1603 2087 1654 2161 34)
1668 2089 1714 2140 in-

941 2176 1075 2232 credibile
1094 2186 1212 2248 quantas
1230 2175 1326 2230 turbas
1345 2175 1484 2232 dederint.
1502 2175 1648 2241 Albertus,
1663 2174 1714 2228 ubi

940 2263 1031 2318 Suidae
1041 2263 1136 2316 locum
1147 2263 1262 2316 exhibet
1272 2280 1338 2316 cnm
1346 2263 1490 2317 variorum
1500 2261 1590 2328 notis,
1601 2261 1630 2313 in
1640 2261 1723 2321 Pr0-,

940 2351 1011 2422 legg.
1024 2349 1060 2404 ad
1071 2351 1192 2420 Hesych.
1206 2351 1275 2404 Lex.
1295 2348 1345 2402 fol.
1358 2350 1445 2416 l,Jo.
1457 2349 1547 2402 Vossii
1560 2347 1646 2401 verba
1656 2365 1713 2422 ap-

939 2436 1038 2507 ponit,
1051 2453 1112 2507 quae
1123 2435 1226 2488 sibene
1244 2435 1387 2507 intelligo,
1407 2433 1465 2487 haec
1486 2434 1539 2488 suit
1551 2434 1638 2489 Vossii
1651 2453 1714 2488 sen-

941 2523 1037 2590 tentia,
1051 2521 1164 2576 Suidam
1171 2521 1284 2576 lexicon
1293 2520 1363 2574 illud
1371 2539 1451 2574 suum
1460 2521 1602 2594 appellare
1613 2517 1713 2596 βιδλίον

940 2618 968 2660 et
992 2610 1142 2682 Epitomen
1161 2609 1295 2680 Hesychii
1319 2609 1429 2663 Milesii.
1461 2609 1597 2662 llleursius
1624 2609 1712 2662 muti-

939 2694 998 2749 lum
1018 2714 1075 2750 esse
1094 2696 1225 2750 censebat
1243 2696 1375 2762 Suidam,
1400 2697 1479 2750 etita
1496 2695 1705 2768 supplendum:

940 2780 1102 2853 ὀνομαστῶν,
1117 2780 1241 2855 Διογένην
1256 2780 1381 2858 Δαίρτιον
1394 2780 1588 2856 μιμησάμενος,
1601 2772 1630 2838 οδ
1646 2783 1711 2839 ἐπι-

939 2865 1006 2939 τομὴ
1016 2868 1074 2926 κτλ.
1086 2871 1175 2940 Quam
1183 2869 1376 2939 conjecturam
1386 2889 1482 2924 secure
1491 2871 1605 2946 repetiit
1616 2871 1712 2924 Thor-

940 2955 1103 3010 schmidtius
1112 2957 1141 3010 in
1155 2957 1226 3010 Diss.
1241 2958 1282 3010 Dc
1292 2957 1431 3027 Hesychio
1443 2959 1563 3012 Milesio.
1580 2957 1711 3012 tilbertus

939 3059 999 3096 eam
1008 3061 1067 3096 non
1077 3041 1223 3110 refutavit,
1237 3053 1265 3096 et
1274 3045 1410 3096 Kusterus
1418 3043 1455 3098 ad
1463 3044 1578 3098 Suidam
1592 3043 1712 3096 liberrmt

940 3129 974 3184 de
986 3147 1020 3184 ea
1041 3131 1141 3183 lectori
1156 3129 1298 3199 judicium
1316 3131 1440 3202 reliquit.
1454 3129 1477 3184 Α
1493 3148 1560 3184 vero
1581 3131 1712 3203 proxime

939 3215 1029 3270 abluit
1041 3216 1188 3271 Fabricius
1202 3218 1234 3271 B.
1249 3217 1298 3273 Gr.
1318 3217 1375 3284 VI,
1396 3235 1427 3289 p.
1450 3233 1505 3271 aas
1524 3215 1572 3293 (⁴).
1589 3217 1713 3271 Breviter

970 3452 1002 3513 (*)
1010 3451 1131 3502 Fabricius
1141 3451 1157 3500 1.
1168 3451 1185 3499 t.
1201 3470 1207 3500 ι
1221 3467 1232 3492 ι
1246 3453 1297 3500 ttae
1307 3451 1385 3512 potest
1399 3450 1432 3500 ita
1441 3450 1557 3513 intelligi,
1567 3451 1595 3499 ot
1606 3451 1668 3500 duos
1679 3452 1710 3500 li·

938 3521 995 3570 bros
1013 3521 1120 3583 ejusdem
1140 3521 1272 3582 argumenti
1291 3521 1451 3582 composuerit
1470 3520 1616 3580 Hesychius,
1634 3533 1710 3569 unum

939 3592 1090 3652 uberiorem,
1106 3604 1178 3653 quem
1188 3591 1328 3640 callimachi
1339 3591 1449 3652 exemplo
1461 3589 1608 3651 insumpserit
1618 3590 1711 3640 Πίναιια

939 3663 963 3710 et
975 3661 1077 3710 alterum
1087 3661 1129 3723 qui
1144 3660 1214 3710 hodie
1229 3664 1308 3710 exstat
1320 3661 1452 3710 breviorem
1465 3660 1657 3721 Ὀνοματολὸγον,
1669 3660 1711 3721 qui

939 3731 1010 3780 luerit
1020 3731 1106 3794 prioris
1116 3730 1192 3779 veluti
1205 3730 1316 3792 epitome.
1326 3730 1442 3791 Equidem
1456 3730 1649 3788 bieursiusputat
1657 3742 1712 3790 sup·

938 3801 1024 3861 plenda
1034 3813 1084 3850 csse
1094 3801 1166 3849 verba
1177 3819 1183 3848 ι
1196 3802 1306 3857 Διογένην
1323 3801 1362 3848 τὸν
1374 3801 1486 3861 Δαέρτιον
1500 3797 1673 3860 μιμησάμενος,
1683 3798 1711 3845 οὗ
1740 3843 1747 3858 ,

938 3871 1040 3932 ίπιτομή
1052 3871 1101 3919 ἐστι
1113 3872 1140 3918 τδ
1152 3871 1226 3932 παρὸν
1246 3869 1342 3931 βιδλίον.
1358 3869 1404 3917 Sed
1422 3880 1567 3928 quamquam
1583 3868 1712 3928 plurimae
1737 3905 1740 3912 .

939 3941 1033 3988 Laertio
1042 3939 1125 3988 iisdem
1135 3937 1212 3987 verbis
1222 3939 1325 3999 repetiit,
1333 3937 1459 3998 Epitomeo
1467 3939 1547 3984 tauma
1558 3935 1644 3984 Laertii
1652 3948 1711 3983 neo-

937 4009 1028 4070 tiquam
1040 4011 1151 4070 pracstat,
1163 4021 1194 4056 ne
1204 4007 1282 4056 dicam
1295 4007 1401 4056 codicem
1411 4007 1503 4055 nultum
1511 4003 1592 4054 suidas
1601 4017 1646 4054 ms.
1657 4017 1711 4053 ron·

936 4077 1038 4138 iectura
1047 4077 1143 4127 Meomil
1160 4076 1280 4125 audaciori
1291 4075 1429 4138 suflragari,
1442 4074 1619 4135 ctttesychium
1635 4073 1712 4122 multa

939 4147 1041 4205 reterre,
1053 4146 1177 4208 dequibus
1187 4146 1211 4194 in
1224 4147 1317 4195 Laertio
1328 4160 1356 4195 oe
1365 4145 1416 4208 γρύ.
1429 4143 1548 4194 Nonnulla
1561 4157 1592 4192 ex
1603 4143 1712 4204 Hesyoltii

937 4216 1016 4265 libello
1025 4215 1169 4265 verbotenus
1181 4215 1281 4276 suidas,
1293 4227 1341 4264 nou
1351 4217 1445 4264 tantum
1456 4215 1478 4262 iu
1492 4227 1514 4262 r.
1528 4213 1624 4271 Ξάνθος,
1637 4214 1711 4262 Ξενο-

942 4285 1039 4349 κράτης,
1050 4285 1176 4347 Ποτάμων,
1188 4285 1293 4344 Φαίδων,
1305 4285 1346 4334 sed
1357 4285 1429 4334 etiam
1445 4288 1468 4332 in
1480 4284 1646 4342 Ἀπολλώνιος,
1659 4283 1711 4346 Ἀρι·

938 4357 1035 4410 miscet
1049 4355 1101 4402 aliis
1111 4368 1183 4416 qoam
1194 4355 1301 4415 plurimis
1309 4355 1374 4402 locis.
1386 4373 1398 4396 ν
1409 4378 1440 4389 -
1448 4371 1459 4394 ι
1474 4355 1558 4402 Exstat
1570 4352 1608 4400 hio
1616 4352 1712 4401 libellos

938 4439 993 4475 mss.
1006 4425 1166 4473 Florentiola
1178 4423 1236 4472 bibl.
1251 4426 1322 4473 taor.
1333 4423 1395 4472 bled.
1413 4422 1466 4471 cod.
1479 4423 1589 4471 xxxiiii
1599 4458 1606 4482 ,
1618 4435 1655 4470 ur.
1670 4428 1710 4483 to,

937 4494 962 4540 et
983 4493 1037 4540 cod.
1056 4496 1126 4552 xlv,
1143 4505 1198 4542 saec.
1216 4496 1287 4552 xvi,
1311 4493 1372 4554 plut.
1387 4497 1435 4541 70:
1453 4491 1500 4540 rid.
1519 4491 1616 4540 Baodin
1632 4493 1709 4540 catal.
1733 4539 1740 4552 ,

938 4559 1007 4608 codd.
1022 4563 1065 4610 Gr.
1077 4565 1096 4610 lt
1106 4596 1114 4620 ,
1124 4564 1201 4610 astet
1214 4567 1269 4611 67⁴.
1283 4565 1309 4609 tn
1318 4563 1446 4622 posteriore
1454 4560 1534 4609 codice
1542 4559 1654 4622 praecedit
1664 4562 1711 4623 cpi·

937 4630 1083 4691 stolaqrmca
1099 4631 1235 4691 Christophi
1255 4630 1307 4679 liuh
1321 4629 1352 4679 sd
1369 4634 1483 4680 cosmum
1500 4635 1509 4678 t
1525 4631 1672 4690 maciacum,
1686 4631 1710 4680 in

937 4711 1021 4759 quase
1034 4713 1117 4748 recens
1134 4699 1199 4747 trono
1211 4703 1334 4748 auctorem
1352 4711 1365 4748 c
1379 4698 1483 4748 tenebris
1497 4699 1584 4748 amose
1598 4701 1708 4749 testatur.

937 4769 1016 4824 Quam
1030 4770 1155 4830 epistolam
1171 4768 1290 4818 Bardinus
1308 4769 1324 4816 Ι.
1338 4767 1355 4815 l.
1374 4768 1504 4829 evulgavit.
1525 4769 1711 4818 biontiauoouus

937 4836 999 4885 Ribl.
1014 4839 1071 4887 bibi.
1083 4853 1139 4888 mss.
1152 4842 1201 4888 tres
1211 4838 1304 4886 codices
1319 4837 1377 4888 bibl.
1394 4839 1477 4886 Merite.
1491 4838 1573 4887 refert.
1588 4863 1618 4874 —
1633 4839 1709 4886 Paris.

937 4905 1021 4955 inrod.
1030 4912 1100 4969 ³025,
1108 4923 1144 4957 nr.
1157 4908 1249 4957 tobibl.
1262 4907 1352 4956 nation.
1364 4926 1376 4950 ν
1386 4911 1490 4957 flantes
1499 4927 1550 4949 -ιι
1560 4905 1652 4956 Prosilit
1660 4908 1709 4968 pri·

937 4989 1004 5026 mum
1022 4991 1127 5040 graece
1143 4978 1289 5028 bibliotheca
1306 4981 1345 5027 ιο.
1361 4978 1487 5040 sambuci,
1508 4977 1652 5040 antwerpiae
1668 4991 1707 5028 an.

939 5047 1304 5110 rs72,e.apuocmistoptorum
1320 5048 1471 5110 Plautinum,
1482 5048 1660 5111 subiunctaque
1677 5049 1708 5096 ad
