3908 5732
776 416 815 476 lN
837 413 1042 478 VOLUMtNE
1064 417 1115 474 ill.
1691 425 1742 475 issi

143 555 207 604 rrius
219 550 415 623 Apollonium,
425 547 505 620 cujus
514 549 641 603 meminit
650 549 759 603 Taetzes
768 549 797 602 in
807 549 924 622 Exeges.
1012 546 1081 623 Peg.
1102 547 1168 604 306.
1180 580 1219 590 —
1233 551 1311 604 Fort.
1329 547 1507 621 Asclepiades
1521 547 1667 622 AEgyptius
1679 546 1750 603 Θει-

144 637 181 693 sd
198 637 234 693 ll.
248 655 278 710 p.
298 643 333 705 4,
354 653 388 691 ιο
456 630 545 711 ὥσπερ
559 631 604 690 καὶ
618 631 815 700 Ποσειδώνιοςδ
832 632 925 690 Ἀπολ·
972 633 1135 712 λογουμίνων
1150 647 1249 690 auctor
1265 635 1338 690 idem
1353 647 1393 690 est
1408 654 1472 689 cum
1487 653 1521 690 eo
1536 636 1584 709 qui
1608 635 1638 688 in
1653 635 1750 689 inscri-

142 719 299 792 λωνιότηςδ
315 723 353 800 τῷ
367 719 482 800 Ἡσιόδῳ
495 719 595 798 μέμψιν
610 718 713 796 ίπσίγων
727 723 761 786 ὡς
777 719 924 800 παραρθεί-
964 716 1154 797 'ptioneapud
1166 724 1312 780 Falconer.
1331 721 1430 796 (errius
1440 721 1749 794 meminitBernhardy.

144 809 218 887 ραντί
242 832 312 874 τινας
325 811 376 866 τῶν
398 805 518 887 Ὁμήρου
542 807 653 878 λέξεων,
673 806 717 865 τὸν
740 805 833 865 ’oute
855 805 925 865 Ἰλία
974 813 1023 870 Gr.
1041 814 1095 865 1,νέ.
1111 814 1140 880 l,
1155 830 1185 886 p.
1204 809 1280 884 369)
1301 809 1440 882 occurrit,
1454 809 1504 864 ubi
1518 810 1557 864 sic
1573 826 1580 866 :
1599 807 1753 877 Ἀσκληπιά·

144 895 259 973 εἰπόντι,
283 893 393 954 καὶτὸν
422 894 536 970 νήδυμον
558 894 674 969 ἥδυμον,
697 893 742 951 καὶ
763 894 831 952 ἄλλα
860 893 925 952 ἄττα
972 896 1020 966 δην
1036 895 1237 974 Ἀλεξανδρέα..
1259 895 1384 972 νεωκόρον
1402 899 1447 952 τοῦ
1466 895 1581 971 μεγάλου
1606 893 1756 974 Σαράπιδος

143 989 263 1042 τοιαῦτα.
274 983 315 1042 cf.
330 983 371 1038 id.
385 1003 416 1057 p.
438 1003 489 1058 19,
504 1003 531 1043 a.
552 983 621 1052 126,
637 1001 685 1040 ao.
701 1013 739 1025 -
753 981 834 1038 Adde
848 984 926 1038 Posi·
972 981 1017 1040 καὶ
1032 986 1083 1040 τῶν
1098 985 1123 1040 ἐν
1138 981 1260 1060 Μουσείῳ
1275 979 1431 1056 σιτουμένων
1444 983 1542 1038 διτελῶν
1558 981 1712 1060 ριλοσόρων.

146 1074 265 1130 donium
279 1073 374 1128 nescio
389 1089 473 1144 quern
486 1089 531 1144 ap.
549 1071 643 1142 Etym.
660 1071 698 1124 M.
718 1087 748 1143 p.
766 1069 840 1138 645,
860 1069 923 1124 52:
1011 1071 1251 1147 Pag.338,post.
1268 1072 1303 1128 fr.
1331 1090 1364 1124 ra
1382 1070 1610 1143 ponescholium
1627 1071 1752 1124 vatican.

143 1155 257 1238 Ὀψις,
274 1160 309 1222 ὧς
325 1154 373 1230 μίν
398 1155 569 1225 Πθσνδώνιοτ,
595 1152 716 1233 παρίετο
740 1153 830 1226 ἅπτω,
852 1154 926 1234 ὥρην,
972 1163 1071 1234 Eurip.
1085 1160 1224 1217 Androm.
1243 1157 1356 1226 10,ubi
1369 1175 1424 1231 pro
1437 1153 1566 1220 Λυσανίας
1576 1157 1652 1212 haud
1669 1157 1756 1212 dubie

145 1245 205 1324 ἇψίς
226 1267 264 1310 τις
288 1233 354 1301 odeat
379 1246 396 1313 ἡ
419 1245 472 1320 φῶς
494 1244 639 1314 ἐμποιοῦσα
661 1241 706 1302 καί
726 1241 925 1319 καταυγοίζουσα
972 1249 1155 1304 scribendum
1169 1259 1209 1302 est
1224 1245 1388 1322 Λυσίμαχος.
1403 1245 1473 1301 Vide
1490 1247 1584 1301 locum
1600 1247 1629 1300 in
1641 1245 1755 1301 Adden-

144 1335 196 1391 τῶν
212 1330 391 1404 ὑποκειμένων
403 1328 513 1402 ίκαστα,
528 1332 563 1396 ὡς
575 1338 637 1411 m'ip.
975 1336 1018 1390 dis
1033 1336 1068 1390 ad
1084 1335 1222 1390 Hellanici
1237 1335 1271 1388 sr.
1290 1332 1317 1390 5.

186 1423 255 1500 Pag.
283 1423 358 1492 251,
387 1425 417 1490 δ,
448 1425 500 1481 lin.
527 1431 543 1490 Ι,
580 1425 616 1480 ab
643 1425 708 1482 ima.
736 1455 768 1466 -
800 1425 845 1478 Ex
869 1430 928 1498 ipso
1012 1421 1081 1496 Pag,
1098 1421 1153 1486 345
1177 1421 1278 1496 a,lin.
1300 1423 1548 1490 27.—-Attamen
1566 1421 1677 1474 titulum
1691 1420 1756 1496 Περὶ

144 1515 188 1571 Μ.
209 1515 291 1568 Bruti
303 1511 436 1582 facinore
457 1514 536 1566 duxit
549 1507 707 1588 origiuem]
729 1514 792 1568 Hoc
808 1513 928 1566 nimium
973 1504 1129 1578 Ἑλληνικῆς
1142 1505 1255 1583 ἱστορίας
1267 1519 1394 1563 recenset
1407 1509 1490 1562 etiam
1504 1507 1627 1563 Valesius
1643 1507 1671 1562 in
1685 1527 1755 1580 prae-

144 1613 185 1658 est
200 1589 214 1674 ί
218 1620 247 1660 ν.
260 1601 359 1656 Cicero
369 1600 453 1656 Tusc·
469 1601 522 1668 lv,
548 1619 582 1674 ¹3
604 1601 706 1656 Brutus
717 1619 742 1657 c.
760 1605 792 1668 ης
808 1599 844 1655 ad
867 1603 923 1655 sn.
973 1605 1022 1662 snt.
1036 1603 1071 1658 ad
1092 1606 1160 1658 Esc.
1183 1606 1225 1658 De
1245 1605 1356 1670 virtut,
1382 1601 1453 1658 adeo
1474 1613 1506 1656 ut
1523 1602 1637 1658 aliunde
1661 1602 1696 1657 de
1720 1622 1754 1658 eo

144 1708 215 1757 xrrr,
230 1689 283 1760 λίς
299 1697 424 1743 attamen
433 1705 468 1744 ex
479 1681 605 1742 facinore
617 1689 657 1742 ita
672 1690 751 1762 quasi
762 1686 927 1744 confirmata
973 1702 1101 1747 constare
1110 1691 1250 1748 rideatur.
1467 1703 1469 1708 '

144 1788 202 1844 est,
215 1787 247 1830 ut
262 1777 291 1830 iu
303 1776 472 1830 severiorem
486 1775 632 1830 historiam
647 1777 773 1848 irrepere
787 1776 923 1849 potuerit.
1012 1777 1080 1854 Peg.
1095 1777 1162 1844 348.
1174 1811 1213 1820 —-
1227 1781 1260 1833 ln
1272 1779 1380 1833 Nicolai
1395 1778 1520 1850 reliquiis
1534 1789 1637 1852 praeter
1650 1797 1682 1834 ea
1694 1797 1756 1850 quae

185 1861 255 1936 Peg.
277 1860 347 1936 259,
365 1871 427 1918 not.
447 1861 485 1916 ad
499 1861 532 1918 fr.
548 1881 596 1921 ao.
608 1893 647 1904 -
661 1865 749 1917 Error
763 1863 888 1918 Athenai
900 1863 928 1916 in
973 1883 1035 1920 sero
1052 1866 1080 1919 in
1092 1883 1207 1920 arenam
1218 1863 1404 1932 descendens,
1416 1867 1493 1936 quasi
1506 1860 1622 1941 ίρεδρος,
1635 1867 1757 1920 Federnr

144 1971 180 2008 co
194 1953 290 2026 potius
302 1949 469 2022 quaerendus
480 1949 609 2022 estquod
624 1951 772 2006 Seleucum
785 1949 864 2004 illurn
881 1949 928 2023 βα·
974 1955 1101 2026 praestitit
1114 1955 1172 2027 (Cf.
1182 1972 1266 2026 supra
1276 1973 1304 2026 p.
1314 1951 1371 2006 650
1380 1949 1401 2024 l,
1412 1951 1516 2026 largam
1526 1953 1756 2008 emendationum

145 2033 221 2094 σιλία
236 2038 318 2093 luisse
333 2035 414 2092 dicit.
434 2037 574 2090 Nimirum
593 2055 686 2090 sermo
701 2045 742 2090 est
754 2035 789 2090 de
808 2036 927 2090 Seleuco
974 2052 1002 2096 et
1016 2041 1241 2114 conjecturarum
1254 2057 1370 2094 messem
1383 2040 1436 2093 viri
1447 2039 1669 2108 conjunctissimi
1682 2059 1757 2114 μη-

145 2125 279 2182 Antiochi
291 2124 395 2179 Sidetis
409 2124 483 2197 regis
494 2121 568 2192 filio,
583 2124 632 2196 qui
643 2134 753 2196 patrem
764 2125 794 2177 iu
811 2123 929 2196 expedi·
973 2128 1112 2196 buerunt,
1126 2131 1164 2186 N.
1193 2129 1338 2183 Piccolous
1349 2138 1378 2180 ct
1397 2128 1444 2182 Fr.
1463 2128 1616 2182 varnerus.
1631 2129 1757 2199 Quorum

144 2216 222 2270 tione
234 2213 364 2268 Parthica
379 2213 530 2267 comitatus
543 2212 579 2266 ab
590 2215 693 2266 Arsace
706 2223 806 2284 captus
822 2212 929 2278 rst,uti
974 2219 1020 2273 hic
1046 2217 1161 2291 quidem
1181 2213 1247 2292 ἀνὴρ
1271 2209 1469 2291 κριτικώτατος,
1496 2234 1583 2287 quum
1604 2213 1664 2286 jam
1690 2217 1756 2270 olim

145 2301 278 2357 discimus
292 2319 325 2357 ex
346 2300 521 2374 Porpltyrio.
546 2298 617 2354 Vide
638 2309 708 2355 lom.
725 2301 787 2371 Ill,
806 2317 836 2372 p·
857 2297 912 2368 713
921 2340 928 2368 ‚
973 2305 1050 2360 haud
1063 2323 1155 2380 pauca
1168 2303 1351 2372 correxisset,
1361 2322 1437 2358 nurrc
1450 2305 1535 2358 etiam
1550 2299 1758 2380 δευτίρωνρρον·

36 2411 38 2416 ·
144 2398 207 2448 not.
225 2407 253 2458 7.
974 2389 1050 2448 τίδων
1072 2389 1155 2448 ἄωτον
1179 2390 1270 2446 edidit
1294 2391 1323 2442 in
1348 2389 1512 2444 Praeiatioue
1538 2390 1574 2444 ad
1599 2391 1756 2444 llimerinin

185 2474 254 2552 ¹³³8·
271 2475 390 2546 ²722f1'·
405 2480 452 2544 47,
472 2486 534 2532 ¹¹⁰1·
553 2505 592 2516 ·-
606 2471 674 2530 Ρῡὸῑ
689 2475 787 2528 eadem
804 2473 930 2546 leguntur
974 2499 1004 2553 p.
1019 2499 1090 2536 xxv1
1109 2497 1187 2552 sqq.;
1203 2479 1249 2533 ille
1264 2495 1348 2544 vero,
1365 2475 1526 2530 Adamantii
1542 2475 1641 2534 Corais
1661 2478 1689 2530 in
1704 2478 1755 2532 hac

145 2563 219 2620 adde
233 2583 240 2618 ἑ
256 2583 293 2619 ex
307 2566 417 2619 Ioanne
429 2561 610 2617 lsstloede'w·
974 2567 1045 2622 urbe
1054 2585 1205 2636 successor,
1213 2565 1415 2639 amplissimum
1422 2563 1493 2618 illud
1502 2565 1758 2638 corruptissimum-

185 2649 256 2726 Pag·
271 2650 738 2722 ²770-P085d011fil15510f58fflm
751 2648 926 2722 fragmenti&
975 2674 1030 2728 que
1045 2655 1157 2713 Nicolai
1168 2653 1204 2709 de
1218 2655 1276 2708 vita
1289 2653 1406 2726 Augusti
1419 2653 1608 2726 fragmentum
1625 2654 1755 2708 Escoria·

146 2759 270 2814 quorum
294 2741 403 2796 incesta
417 2737 497 2794 ⁵011OE
521 2750 580 2806 ωῑν
603 2737 677 2792 adde
700 2739 769 2791 EXC-
786 2738 828 2792 De
852 2747 924 2790 seni·
958 2731 1050 2798 ¹lense
1061 2743 1199 2818 peculiari
1213 2741 1310 2794 libello
1329 2741 1508 2795 tractandum
1520 2740 1573 2794 sibi
1585 2741 1694 2814 selegit,
1711 2740 1757 2794 id-

146 2830 268 2902 Eunapii
283 2827 337 2902 (ir.
356 2824 408 2900 35)
423 2846 454 2900 p.
479 2825 536 2880 268
551 2826 597 2883 ed.
615 2827 679 2880 Μαί.
699 2843 705 2881 :
723 2819 788 2882 Ὀτι
803 2825 817 2880 δ
832 2823 927 2880 Ποσει·
974 2849 1030 2905 quc
1042 2831 1247 2887 commentario
1261 2828 1482 2882 instruxitbouae
1493 2827 1580 2901 frugis
1587 2829 1757 2900 plenissimo,

149 2915 237 2982 δώνιθς
255 2912 355 2990 ἔλεγεν,
368 2910 522 2978 ἀπελθόντος
534 2909 700 2990 Ἀλεξάνδρου
714 2908 744 2966 τὸ
756 2909 929 2990 στρατόπεδον
974 2921 1076 2992 inquo
1092 2921 1176 2974 etiam
1196 2917 1313 2990 reliquis
1327 2916 1495 2971 Damasceni
1519 2916 1675 2989 excerptis,
1694 2935 1755 2988 quae

146 3004 256 3063 ἐοικίναι
273 3005 324 3060 τῶν
341 3001 498 3061 Μακεδόνων
512 2998 731 3078 ἓντετυφλιομίνῳ
748 2999 885 3058 Κύκλωπι.
973 3006 1115 3062 medicum
1139 3005 1232 3060 adhuc
1255 3003 1470 3075 exspectabant,
1494 3021 1608 3058 manum
1628 3001 1756 3058 admovit

185 3091 253 3168 rag.
278 3091 348 3162 287,
372 3092 472 3165 fragm.
491 3090 528 3145 80
540 3110 570 3144 α.
589 3121 626 3133 -
643 3089 738 3145 Schol.
755 3089 849 3142 Basilii
872 3090 928 3142 mi·
974 3095 1165 3149 delinientetn.
1177 3093 1211 3147 ln
1223 3090 1323 3146 eodem
1339 3090 1463 3162 denique
1475 3089 1572 3144 libello
1588 3089 1623 3145 de
1636 3091 1756 3145 Nicolan

145 3183 224 3237 noris
238 3181 275 3236 ad
290 3181 411 3256 Gregor.
426 3181 593 3237 Nazianzen.
608 3180 638 3232 in
659 3177 725 3234 cod.
748 3177 836 3233 Paris.
854 3174 927 3249 573,
973 3191 1002 3237 et
1012 3182 1047 3237 de
1057 3183 1119 3256 ipso
1132 3180 1205 3235 adeo
1217 3184 1343 3252 Augusto
1355 3179 1527 3249 imperatore
1538 3177 1644 3250 optime
1656 3181 1758 3232 meruit

145 3270 195 3326 iol.
212 3269 340 3334 arssvso,
354 3267 434 3342 quod
444 3267 534 3324 edidit
545 3269 577 3322 E.
595 3267 719 3321 Millerus
731 3266 759 3319 in
770 3265 883 3337 Periple
892 3267 928 3320 de
973 3271 1090 3344 egregie
1102 3270 1162 3344 spei
1181 3267 1310 3340 juvenis,
1325 3261 1461 3337 Alsredus
1477 3265 1607 3331 Dictorus,
1626 3266 1675 3339 qui
1687 3284 1758 3338 grae-

146 3359 291 3425 Mamieu,
311 3377 341 3432 p.
361 3355 413 3426 137
432 3375 438 3409 ι
454 3351 628 3418 Ποσειδώνιος
638 3351 666 3408 δὲ
679 3349 724 3410 καὶ
737 3349 927 3429 Ἐρατοσθένης
973 3375 1035 3412 cam
1045 3357 1172 3412 historici
1190 3356 1337 3410 laevitatem
1354 3353 1491 3408 versionis
1503 3353 1609 3426 gallicae
1620 3354 1759 3426 elegantia

146 3444 176 3500 ίκ
192 3444 244 3500 τῶν
257 3443 447 3519 σκιαθηρικῶν,
462 3437 580 3498 τουτέστι
592 3442 643 3497 τῶν
656 3437 703 3504 τὰς
718 3437 790 3504 σκιὰς
804 3437 925 3517 deperde-
973 3447 1082 3518 assequi
1093 3445 1201 3500 studuit
1213 3443 1340 3500 feliciter.

146 3553 199 3589 των
211 3529 328 3610 όργόνων
339 3528 385 3587 καὶ
397 3527 553 3607 ὡρολογίων,
563 3526 608 3586 καί
618 3526 715 3592 πλάτος
723 3527 802 3596 αὐτῆς
814 3525 822 3606 (
832 3549 872 3586 sc.
882 3529 927 3596 τῆς
1012 3530 1081 3608 Pag.
1096 3531 1165 3606 349,
1179 3532 1213 3586 fr.
1234 3549 1262 3598 ο,
1276 3529 1325 3583 lin,
1344 3549 1372 3603 9,
1386 3559 1426 3572 -
1441 3525 1493 3584 Καὶ
1507 3525 1540 3582 δι’
1556 3524 1637 3596 αὑτὴν
1651 3547 1757 3595 ποιητι-

146 3621 195 3696 γῆς
206 3623 214 3692 )
225 3617 269 3676 κα“ι
280 3621 364 3694 μῆκος
373 3616 557 3694 παραδιδόασι.
570 3614 744 3682 Ποσειδώνιος
759 3611 806 3691 μὲν
820 3615 871 3672 ἀπὸ
883 3621 926 3672 τοῦ
972 3619 1039 3698 κῆς]
1060 3617 1122 3688 καλ,
1139 3615 1193 3695 [νὴ]
1218 3615 1286 3685 Δία,
1307 3618 1353 3685 τῆς
1375 3615 1512 3685 ποιητικῆς
1533 3613 1610 3686 conj.
1628 3615 1752 3670 Piccolo.

145 3703 214 3764 κατὰ
224 3704 271 3774 *ἢν
284 3703 452 3784 μεθημερίαν
465 3703 593 3764 Κανώὅθυ
605 3703 889 3781 ἆσῒίρθςῦημῑῑθῧῑαῑ,
901 3701 927 3768 ὃς
972 3707 1123 3784 Sequentia
1136 3707 1211 3763 idem
1232 3707 1275 3760 vir
1290 3703 1469 3758 doctissimus
1494 3704 1532 3756 ita
1550 3700 1669 3775 legenda
1690 3721 1756 3756 cen·

146 3791 194 3868 μίν
204 3795 229 3850 ἐν
239 3790 351 3852 Ῥλλσίδι
361 3792 417 3850 οὐδὲ
427 3795 529 3870 δρᾶται,
539 3790 626 3850 tuiti
638 3794 689 3849 τῶν
702 3791 874 3868 ἀρκτικῶνείς
883 3813 927 3866 με·
972 3807 1015 3853 set
1036 3815 1043 3854 :
1071 3793 1217 3874 τραγῳδίας
1244 3789 1326 3848 ἐποίει
1353 3789 1399 3847 καὶ
1423 3787 1569 3866 κωμῳδίας·
1594 3786 1755 3863 ηὐδοκίμησε

146 3879 278 3960 οημόρίαν
291 3882 386 3952 ἰοῦσιν,
399 3881 426 3937 ἐν
438 3879 523 3957 Ῥόδῳ
538 3879 616 3959 ρησλν
631 3878 716 3960 όρθελς
726 3875 804 3955 μόνον
819 3877 861 3936 ἐπί
882 3883 927 3936 τοῦ
974 3884 996 3940 δ’
1012 3881 1050 3940 ἔτι
1066 3882 1165 3957 μᾶλλον
1180 3879 1286 3958 ὕστερον
1301 3875 1431 3948 αὐξηθείς,
1446 3873 1514 3935 ὥστε
1528 3873 1572 3933 καὶ
1584 3872 1631 3946 τλν
1645 3872 1755 3950 δύναμιν

145 3967 283 4047 ὁρίζοντος,
291 3967 383 4035 εόθίως
393 3972 426 4046 τῆ
440 3972 539 4048 στροφῇ
550 3965 708 4026 καταδύεται
720 3971 764 4025 τοῦ
776 3965 890 4043 κόσμου·
901 3968 926 4024 ἐν
973 3973 1132 4040 συνανθῆσαν
1147 3969 1285 4048 ῥητορικῆς
1296 3978 1364 4035 etc,
1381 3967 1482 4020 omissa
1493 3982 1557 4018 cum
1569 3963 1656 4018 codd.
1675 3965 1706 4020 B.
1721 3963 1753 4022 C.

146 4055 370 4138 Ἀλεξανδριίορδλ,
385 4056 489 4115 ίπειδδιν
498 4054 692 4133 μεσουρανήσῃ,
702 4054 824 4134 τέταρτον
834 4054 926 4122 ζωδίου
974 4078 1043 4114 νοτε
1057 4055 1216 4132 ἐπεμελεῖτο.
1230 4056 1323 4111 -1b.
1337 4064 1398 4110 not.
1415 4071 1444 4126 9.
1457 4055 1562 4108 Vocem
1573 4047 1755 4126 προσσιιμόαί-

146 4143 269 4223 ἕπίχει,ό
277 4148 331 4203 ἐστι
343 4143 551 4220 τεσσαρακοστὸν
566 4143 656 4220 ὄγδοον
668 4147 712 4201 τοῦ
721 4141 764 4200 tat
777 4141 869 4202 Ῥόδου
882 4142 927 4200 καὶ
973 4145 1100 4218 verjure,
1119 4155 1250 4220 utputo,
1268 4143 1382 4198 damnat
1406 4141 1531 4198 Piccolo.
1557 4140 1685 4214 Legerim
1702 4161 1756 4203 πω,

147 4232 338 4311 Ἀλεξανδρείας
350 4231 541 4312 μεσημόρινοῢ.
553 4229 667 4307 Ὁμοίως
675 4231 702 4288 δὲ
713 4229 758 4287 καλ
768 4229 797 4287 τὸ
807 4229 926 4309 insparsi-
973 4231 1121 4307 συμόαίνει.

148 4343 225 4398 μενον
236 4322 314 4378 αὐτοῦ
332 4321 378 4397 μη’
392 4319 469 4398 μέρος
481 4321 561 4378 αὐτοῦ
575 4321 655 4379 ἐστιν.
672 4317 747 4379 Ἐπεί
772 4308 816 4375 οὖν
835 4318 880 4376 καλ
898 4319 927 4376 rit
1013 4319 1084 4398 Pag.
1100 4319 1168 4388 350,
1186 4321 1238 4376 lin.
1259 4337 1302 4374 ιν.
1321 4347 1361 4360 -
1372 4311 1490 4382 “lixum
1507 4311 1533 4370 δὲ
1546 4311 1590 4370 τὸν
1608 4311 1756 4372 Νικόλαον*

147 4407 333 4486 ὑπερκείμενον
344 4407 421 4486 μίρος
429 4409 526 4483 τῆςγῆς
537 4409 574 4483 τῷ
581 4405 702 4482 τμήματι
710 4403 820 4463 σταδίων
833 4428 853 4483 ,ε
859 4403 925 4475 ἐστὶ,
974 4406 1114 4485 δεόμενοι]
1126 4404 1227 4485 εἴχοντο
1242 4402 1268 4461 δὲ
1282 4408 1327 4459 τοῦ
1344 4399 1475 4461 Νικολάου
1488 4399 1607 4476 δεόμενοι
1622 4402 1674 4477 leg.
1688 4421 1756 4458 reu—

147 4496 192 4554 καὶ
205 4495 238 4553 τὰ
254 4496 306 4564 τοῖς
319 4495 406 4560 ἄλλοις
416 4493 590 4570 ὑπερκείμενα
600 4493 694 4570 ὁμοίως
707 4493 766 4571 ,εντ’
783 4496 857 4568 (leg.
875 4515 894 4570 Ιε
905 4495 926 4567 l,
973 4509 1016 4552 set
1028 4497 1145 4552 Piccolo
1157 4495 1354 4569 probabiliter.

147 4583 226 4663 όᾶρα
240 4580 569 4660 μίγνστοςὰἶςγῆςκύκλος
585 4579 734 4660 εὑρίσκεται
746 4580 877 4658 μυριάδων
888 4580 927 4638 κδ’
978 4630 981 4636 .
1013 4584 1082 4660 Pag.
1106 4583 1240 4654 35a,lin.
1269 4601 1313 4650 ¹7·
1330 4575 1752 4652 -Γίνεται]γίγνεταιΙ·ἐι1οι·.

148 4671 392 4748 (atomo-:5000
400 4685 425 4734 χ
434 4671 482 4741 483
494 4682 593 4726 contra
601 4669 675 4726 5025
686 4683 709 4730 κ
720 4669 926 4742 48:252000,
975 4675 1067 4728 tacite.

147 4763 196 4834 qui
211 4771 362 4835 computus
374 4771 414 4816 est
426 4759 643 4834 Eratosthenis).
1015 4757 1084 4834 Pag.
1097 4759 1163 4827 353,
1172 4767 1230 4815 not.
1244 4775 1290 4813 aa.
1305 4788 1343 4797 -
1354 4749 1532 4811 Συνέπλευσεν
1543 4749 1565 4804 δ’
1579 4739 1623 4805 οὖν
1635 4747 1645 4825 ]
1658 4745 1756 4824 δὲμεσ-

187 4847 256 4923 Pag.
272 4849 346 4924 296,
360 4847 397 4904 ad
418 4847 454 4905 ir.
473 4865 524 4903 ror
539 4846 645 4902 addere
663 4848 728 4902 licet
744 4848 800 4900 haec
819 4865 852 4902 ex
872 4850 929 4902 Da·
975 4847 1089 4902 ticulam
1114 4847 1198 4900 tacite
1221 4845 1316 4898 intulit
1337 4843 1477 4906 Federus,
1500 4840 1579 4912 quasi
1603 4855 1699 4892 carere
1723 4857 1756 4892 ea

147 4939 253 4993 mascio
273 4957 303 5012 p.
323 4937 361 5008 78
381 4937 411 4990 in
429 4934 559 5010 Append.
579 4934 613 4990 ad
629 4935 731 4992 Stobaei
748 4931 843 4991 floril.
859 4935 927 4990 edit.
976 4933 1172 5013 haudlpossis.
1188 4933 1317 4988 Ceterum
1332 4951 1368 4986 ne
1382 4931 1445 5003 quis
1467 4929 1586 4982 miretur
1609 4923 1756 4980 confiden-

147 5025 254 5083 Gaiss.:
280 5021 450 5088 Ποσειδώνιος
466 5019 517 5078 ὑπὸ
533 5019 580 5096 μὲν
597 5023 643 5091 τῆς
666 5017 775 5091 σελήνης
801 5019 926 5078 κινεῖσθαι
978 5023 1031 5077 tius
1046 5040 1091 5076 me
1109 5021 1145 5078 de
1160 5019 1266 5074 codicis
1280 5021 1417 5092 scriptura
1438 5017 1527 5087 loqui.
1540 5013 1649 5069 Etenim
1664 5013 1755 5082 majo-

150 5108 250 5189 (ῳησλ)
265 5109 323 5176 τοὺς
338 5109 457 5185 ἀνέμους,
468 5107 520 5165 ὑπὸ
534 5107 561 5166 δὲ
571 5106 669 5166 τούτων
679 5107 712 5164 τὰ
723 5105 837 5184 πελόγη,
848 5107 874 5164 ἐν
893 5097 929 5174 οἷς
975 5129 1035 5166 rem
1044 5109 1151 5167 Nicolai
1160 5107 1260 5181 fragm.
1273 5117 1381 5180 partem
1390 5123 1422 5158 ex
1430 5102 1594 5177 apographo
1603 5101 1632 5154 E.
1643 5099 1755 5168 Milleri,

148 5197 182 5256 td
194 5197 368 5278 προειρημένα
381 5195 496 5274 γίνεσθαι
510 5195 591 5268 πάλη·
976 5207 1029 5261 riri
1042 5201 1194 5260 ‹lortissimi
1209 5207 1237 5250 et
1255 5197 1283 5248 in
1299 5192 1423 5266 legendis
1442 5187 1689 5261 describendisque
1706 5207 1756 5242 ro-
