3930 5754
858 324 1100 388 intentantis.
1719 357 1776 408 559

183 444 330 521 ,Ολυμπίου
345 443 483 514 άνέστησεν
502 443 623 522 ἄγαλμα·
636 447 751 506 ἐντιῖιθίν
766 472 793 506 τε
807 453 841 516 ὡς
855 451 897 510 ἐπὶ
912 451 957 523 τήν
1004 479 1089 535 μαχος
1096 462 1247 532 νομισθῆναι
1256 459 1406 535 Ῥωμαίοις,
1412 465 1499 530 ίκανός
1509 486 1536 524 τε
1544 467 1606 546 πρὸς
1614 467 1779 551 τὴνάργρίηρ

182 532 335 609 Σαμάρειαν
346 532 448 603 ἀνῆλθε,
456 531 500 587 καί
511 531 570 597 Διὸς
580 531 659 598 ξενίου
669 532 772 607 τέμενος
779 537 957 614 ᾠκοδόμησεν.
1004 543 1048 601 καλ
1059 543 1167 624 πάτριον
1177 545 1236 612 τοὺς
1243 543 1352 626 Ἰθηρας
1362 550 1536 628 ἐπαναγαγεῖν
1546 555 1688 616 πολιτείαν.
1703 541 1779 639 lipti-

182 618 235 678 Καὶ
254 616 374 684 Ματθίας
398 617 540 694 Ἀσμωνίου
566 627 627 686 παῖς
646 619 693 690 τήν
725 621 853 700 ἱερατείαν
867 627 957 704 παρεί·
1003 654 1045 696 τος
1060 637 1120 707 γοῦν
1135 632 1241 699 Κόϊντος
1256 633 1375 702 Κεκίλιος
1388 636 1519 704 Μέτελλος
1531 641 1573 698 ε’πί
1588 645 1660 702 τόνδε
1669 645 1713 703 τὸν
1729 650 1780 706 πό-

179 703 259 784 ληφεν
276 707 301 762 ἐν
316 703 507 804 Ἰερουσαλήμ,
526 705 570 763 καλ
585 705 643 773 τοὺς
657 706 786 786 Ἀντιόχου
801 711 959 787 στρατηγούς
1003 719 1082 794 λιμον
1095 721 1238 798 στρατηγὸς
1249 721 1422 798 ἐκπέμπεται,
1432 724 1480 804 [δς]
1494 727 1588 807 ἄριστα
1601 730 1646 789 καλ
1658 738 1704 803 τῆς
1711 734 1779 794 Ῥω-

178 789 345 870 διεχρήσατο.
360 791 423 850 ἈλλΙ
435 795 448 850 δ
462 791 508 868 μὲν
523 791 575 850 άπδ
589 793 740 872 Σαμαρείας
753 793 830 853 οἴκων
838 799 863 868 *,
879 799 957 856 αὐτόν
1005 805 1089 879 μαίων
1099 805 1230 883 δυνάμεως
1239 807 1315 876 ἀξίως
1324 819 1376 876 τοῖς
1384 812 1513 871 ἀποστᾶσι
1526 817 1693 897 Κελτιθήρων
1701 845 1780 898 προσ.

179 902 206 936 τε
218 879 262 936 τὸν
278 879 397 938 Ματθίαν
414 881 529 958 ιίναιρεῒ,
544 879 590 938 καὶ
603 877 661 947 τοὺς
673 881 826 958 λεγομένους
842 886 957 942 Massa·
1003 893 1157 966 επολίμησε.
1171 896 1357 972 Μηκυνομίνου
1373 897 1400 956 δὲ
1410 901 1472 980 παρ’
1491 903 1582 960 ἐλπίδα
1596 911 1641 964 τοῦ
1654 907 1769 968 πολίιιου

180 963 269 1032 θαίους
283 965 400 1038 κολάζει,
411 966 441 1024 τό
458 989 487 1023 τε
501 965 568 1044 ἱερὸν
588 967 709 1046 χοιρείσις
724 967 819 1044 αἵμασι
834 969 957 1048 βεὸηλοῖ,
1006 977 1111 1046 Κόϊντος
1130 981 1268 1056 Πομπήϊος
1288 973 1358 1050 αὖθις
1378 986 1522 1063 στρατηγὸς
1543 989 1641 1058 ἐξέπλει
1675 964 1731 1069 μεθ’
1749 957 1779 1055 δύ

178 1055 224 1110 καί
244 1052 404 1130 στρατηγούς
417 1053 495 1120 ἰδίους
517 1051 606 1132 ἄρχειν
628 1059 672 1112 τοῦ
688 1053 772 1121 ἔθνους
792 1055 955 1127 καθίστησιν.
1005 1065 1110 1132 Κόϊντος
1133 1069 1253 1127 Καιπίων
1268 1070 1311 1127 ἐπί
1325 1071 1367 1128 τδν
1390 1073 1468 1131 αύτδν
1484 1074 1628 1158 ἐξεπέμφθη
1648 1039 1776 1158 ’πόλεμοι

178 1137 262 1204 Λῦτός
282 1162 309 1196 τε
332 1139 375 1196 itti
396 1137 443 1212 τὴν
462 1137 560 1218 Συρίαν
582 1138 694 1198 ἀνελθὼν
719 1140 891 1216 μεταλλάττει
913 1142 956 1200 τὸν
1002 1142 1056 1211 Ὧν
1065 1156 1180 1228 μάλιστα
1189 1155 1293 1214 πάντων
1301 1155 1375 1215 ἐνικα
1390 1159 1518 1227 δείσαντες
1527 1166 1551 1220 oi
1562 1163 1689 1246 βάρθαροι
1707 1171 1779 1228 arri,-

179 1224 249 1302 βίον,
272 1224 402 1304 Ἀντιόχου
421 1231 466 1284 τοῦ
486 1224 635 1306 Εὗπᾶτορῡς
658 1225 704 1298 τὴν
728 1225 811 1308 &pxiii
834 1227 955 1298 δῑαδῑίτ·
1002 1261 1072 1297 νουσι
1083 1240 1127 1298 rin
1140 1242 1288 1320 Βορίανθον,
1301 1245 1416 1322 τέσσαρα
1430 1247 1476 1305 καί
1495 1249 1558 1308 δίκα
1580 1215 1719 1330 Ῥωμαίάις
1733 1255 1779 1330 ε’τη

178 1311 264 1388 μένου.
1003 1327 1122 1394 ἐναντίως
1133 1329 1333 1403 πολεμήσαντα·
1354 1332 1436 1410 ταύτῃ
1454 1336 1630 1413 προσάγεσθαι
1641 1341 1684 1400 τδν
1696 1344 1778 1420 ἡγού-

539 1401 585 1478 59.
1002 1437 1077 1491 μενον
1096 1419 1141 1486 τῆς
1160 1415 1313 1492 Ῥωμαϊκῆς
1326 1430 1447 1499 στρατιᾶς
1467 1425 1503 1488 τίς
1517 1423 1615 1484 εύνοιαν
1631 1431 1715 1486 αὐτιῖνι
1734 1431 1779 1491 καί

216 1521 289 1576 ibid.
304 1541 335 1596 p.
356 1541 386 1578 ιι
409 1542 415 1576 :
432 1518 541 1589 Ἐπειδὴ
555 1519 582 1578 δὲ
597 1519 746 1600 Δημήτριος
759 1520 890 1600 Ἀντιόχου
910 1528 956 1582 τοῦ
1001 1501 1080 1580 φειδὼ
1094 1503 1268 1580 λογισάμενοι.
1290 1506 1345 1564 Καί
1367 1507 1399 1576 δή
1418 1510 1569 1588 ἀφικόμενοι
1586 1515 1637 1569 τῶν
1651 1517 1779 1576 αὐθεντῶν

177 1605 337 1685 Ἐπιφανοῦς
351 1606 402 1673 υίὸς
421 1607 494 1686 παρὰ
516 1606 659 1682 Ῥωμαίοις
679 1607 825 1686 ὁμηρεύων,
840 1610 885 1668 τδν
911 1615 955 1670 τοῦ
1000 1594 1045 1646 μμ
1060 1592 1201 1670 μμμμνμθμ
1214 1593 1281 1660 'mi‘
1295 1586 1424 1652 μμλμτῶμ
1446 1596 1504 1675 mii
1519 1596 1562 1655 τὸν
1580 1598 1660 1676 ἄνδρα
1673 1623 1778 1680 '‘flii‘'

175 1693 273 1771 πατρὸς
295 1691 402 1752 ἐπύθετο
422 1693 539 1764 θάνατον,
553 1695 597 1751 καί
613 1692 659 1764 τήν
677 1695 812 1771 βασιλείαν
831 1694 894 1772 πρὸς
909 1701 955 1754 τοῦ
1000 1674 1101 1753 iim*
1112 1677 1198 1747 ἤμουν
1208 1678 1280 1758 παρὰ
1289 1685 1333 1738 Τθμ
1346 1680 1445 1740 imiimi
1455 1682 1615 1757 ’‘⁰i2ii20022·
1627 1677 1699 1753 Οἶτὸ
1713 1691 1778 1747 Καί·

174 1779 326 1858 Εὐπάτορος
336 1780 507 1859 ἁρπαγεῖσαν,
519 1781 650 1847 ἱκετεύσας
661 1781 709 1852 τήν
721 1782 825 1860 βουλὴν,
834 1781 879 1840 καὶ
890 1785 955 1842 πολ·
999 1762 1065 1820 ’μων
1081 1763 1264 1865 ίΞπωῑμμμτμῑι
1279 1767 1407 1842 μθδμμῶς
1421 1757 1486 1825 ‘im
1505 1769 1648 1844 Ῥωμαιίοις
1670 1773 1777 1850 ἐννομομ

175 1867 223 1936 λῆς
243 1867 391 1944 ἐπικουρίας
411 1867 510 1947 τυχὼν,
528 1867 572 1926 ἐπὶ
585 1867 632 1939 τήν
648 1869 746 1947 Συρίαν
769 1869 952 1948 ἐπανίρχεται.
999 1851 1157 1908 mmmm
1175 1851 1221 1917 τὰς
1234 1853 1303 1909 μμτμ
1323 1857 1374 1916 τῶν
1389 1860 1541 1933 mimi&
1556 1865 1609 1924 τοῖς
1625 1861 1778 1939 ἀμλομμμῑί

175 1953 231 2012 Καὶ
242 1953 404 2012 κατακτείνει
418 1955 466 2031 μέν
477 1955 521 2013 τόν
533 1954 675 2034 Εὐπάτορα
688 1955 741 2014 δύω
754 1955 836 2014 ίτεαιν
847 1959 951 2034 ἐπιτρυ-
999 1937 1211 2016 ίπῑλμθομμίμαί
1223 1937 1371 2006 immi&-

174 2039 309 2120 φήσαντα,
326 2041 505 2117 ἐναλαμθάνιι
528 2042 578 2120 [δέ]
594 2041 641 2112 τήν
657 2043 807 2120 βασιλείαν·
822 2043 867 2100 καί
885 2043 952 2120 σύμ·
1362 2047 1408 2104 61.

175 2133 316 2206 μαχοςτοθ
328 2127 470 2204 Ῥωμαίων
480 2129 566 2205 γε’νους
578 2129 689 2201 κληθείς,
700 2129 808 2208 βεθαίας
817 2129 952 2200 είπήλαυσε
1038 2136 1112 2192 thid.
1126 2157 1156 2212 p.
1172 2157 1206 2192 ta
1221 2157 1229 2195 t
1242 2135 1306 2196 Ὅτι
1319 2139 1361 2196 ἐπὶ
1375 2139 1481 2199 ὑπάτων
1492 2141 1572 2202 Γαίου
1583 2145 1706 2204 Κεκιλίου
1720 2149 1776 2206 Με-

174 2219 221 2286 τῆς
231 2215 381 2292 ἡγεμονίας.
394 2215 544 2282 Ἐνιαυτοθς
556 2216 582 2274 δὲ
596 2216 619 2295 β’
630 2216 697 2296 πρὸς
705 2226 756 2284 τοῖς
769 2217 831 2276 δέκα
847 2217 953 2294 βιώσας,
997 2221 1087 2280 τελλου
1099 2222 1143 2279 καὶ
1153 2223 1245 2282 Γναίου
1256 2224 1406 2302 Κάρόωνος,
1422 2227 1465 2284 ἐπὶ
1476 2233 1521 2298 τῆς
1533 2229 1582 2309 ρξζ’
1595 2231 1775 2306 Ὀλυμπιάδος

172 2302 218 2360 ὑπ’
233 2302 397 2382 Ἀλεξάνδρου
412 2304 601 2383 δολοφονεῖται,
617 2310 662 2363 τοῦ
678 2306 722 2364 καὶ
736 2305 783 2376 τήν
798 2303 883 2384 ἀρχὴν
897 2307 952 2364 δια·
997 2310 1136 2376 δδσυλικδς
1148 2309 1259 2386 πόλεμος
1276 2311 1376 2389 ἐγίνετο
1391 2316 1417 2371 ἐν
1432 2317 1551 2395 Σικελία.
1566 2319 1600 2377 Οἱ
1613 2317 1663 2397 γδιρ
1678 2318 1776 2390 ταύτην

173 2388 322 2465 δεξαμένου.
997 2397 1133 2474 νεμόμενοι
1143 2397 1190 2468 τήν
1202 2397 1300 2476 χώραν,
1309 2401 1393 2478 πολλῇ
1403 2403 1454 2458 τῶν
1469 2402 1620 2474 ἐπιτηδείων
1632 2407 1776 2486 ἐντρυφῶν·

540 2481 586 2539 60.
996 2505 1037 2548 τις
1050 2483 1171 2562 δαψιλείᾳ
1181 2528 1189 2556 ,
1200 2487 1229 2542 οὐ
1242 2486 1389 2560 σταθμητδν
1402 2487 1546 2556 ἐκτήσαντο
1559 2489 1655 2548 δούλοιν
1670 2495 1775 2563 πλῆθος,

212 2575 287 2635 lbid.
306 2595 336 2651 p.
363 2595 394 2631 ιι
418 2571 505 2635 ιόιι
524 2574 593 2632 κατὰ
606 2573 653 2645 τήν
674 2573 791 2654 Ἰθηρίαν
815 2574 952 2654 Βορίανθος
996 2569 1060 2648 opt<
1074 2593 1102 2628 τε
1116 2570 1162 2636 τὰς
1175 2575 1227 2629 τῶν
1241 2574 1328 2649 ἀγρῶν
1349 2573 1516 2642 ἐξασκοῦντα
1530 2578 1593 2636 αὐτὸ
1611 2578 1714 2658 τριάδι,
1729 2579 1774 2637 καί

172 2661 181 2740 i
188 2663 254 2721 deb.
270 2659 423 2738 Βυρίατθος)
435 2652 468 2733 ἦν
481 2661 545 2740 ἀνήρ
560 2661 659 2741 ἀφανής
669 2660 698 2718 τδ
708 2662 793 2738 γε’νος,
805 2661 910 2731 εὐτελής
922 2685 950 2719 τε
996 2661 1028 2736 τῇ
1046 2658 1179 2736 πανοπλία
1201 2660 1386 2736 γυμνάζοντες,
1407 2664 1435 2720 ού
1457 2663 1534 2740 μόνον
1555 2663 1613 2732 τοὺς
1632 2666 1776 2746 περιοίκους

171 2747 217 2818 τήν
239 2749 414 2824 ἐπιτήδευσιν,
430 2747 500 2807 οὐδὲν
514 2747 554 2806 δτι
572 2748 608 2824 μή
624 2746 721 2824 ποιμήν
734 2748 764 2806 τ“ο
779 2749 838 2808 κατ’
854 2750 951 2826 ιίρχοίς·
996 2745 1135 2818 ἐληίζοντο,
1146 2745 1213 2804 τίλλδ
1225 2748 1332 2815 καὶτοῖς
1344 2752 1527 2827 διοδευομένοις
1539 2752 1616 2821 ξίνσις
1628 2757 1776 2834 ἐπαφιέντες

170 2827 243 2900 οὗτος
256 2834 323 2910 μετέι
335 2839 417 2892 ταῦτα
435 2837 575 2916 λῃστρικοῦ
589 2858 656 2901 τινος
671 2838 789 2912 ἡγήσατο
803 2835 948 2912 τάγματος·
995 2833 1111 2904 τούτους,
1125 2837 1175 2891 τῶν
1186 2836 1377 2915 ἐπιφερομένων
1392 2839 1483 2906 αὐτούς
1495 2843 1640 2922 ἀφηροῦντο
1652 2840 1773 2924 φορτίων.

169 2924 317 2981 τελευταῖον
326 2921 454 2992 τοσαύτην
468 2922 637 3002 περιεόοίλιτο
647 2923 766 2998 δύναμιν,
779 2923 823 2979 καὶ
835 2927 949 2981 τοσαῦτα
997 2921 1049 2980 Καὶ
1060 2929 1112 2986 τοῖς
1122 2921 1168 2996 μὲν
1180 2921 1317 3000 δραττίταις
1329 2923 1401 2981 οὐδὲν
1412 2929 1457 2994 τῆς
1471 2907 1540 2992 λείοιςΙ
1550 2929 1685 3006 παρεῖχον,
1700 2928 1775 2987 αὐτοὶ

170 3009 327 3082 κοινωνῆσαί
338 3013 360 3068 οἱ
373 3014 418 3080 τῆς
430 3009 614 3090 ἐπιχειρήσεως
625 3010 744 3068 ἀνέπεισε
754 3010 825 3086 γε’νη,
836 3013 871 3076 ὡς
882 3007 949 3076 died·
996 3007 1022 3066 δέ
1035 3009 1137 3066 πολλῶν
1149 3009 1314 3084 γεγενημένοι
1326 3009 1408 3088 κύριοι
1418 3013 1571 3090 χρημάτων,
1585 2995 1707 3093 ἐκράτουν
1723 3039 1774 3091 μα·

169 3197 200 3210 -
209 3167 367 3218 Ἀσιιωνίσυ
382 3167 465 3230 παῖς]
479 3171 612 3230 Perperam.
626 3167 744 3229 toranius
754 3169 797 3216 xn
822 3173 846 3226 θ,
860 3171 867 3214 1
883 3185 889 3216 τ
901 3167 1048 3224 Ματταθίας,
1059 3171 1101 3214 τοῦ
1110 3165 1232 3225 Ἰωάννου,
1244 3171 1285 3214 τοῦ
1296 3169 1415 3230 Συμεῶνος
1432 3174 1474 3218 τοῦ
1483 3169 1642 3233 Ἀσαμωναίου
1663 3174 1774 3230 -τσὺς

169 3239 240 3288 Ἀντ.
252 3235 452 3300 στρατηγούς]
468 3242 515 3292 τοῖς
529 3237 560 3285 Ἀ.
579 3241 715 3300 στρατηγοῖς
731 3236 815 3286 codex.
832 3237 930 3297 ioseph.
945 3237 987 3284 xtt
996 3272 1003 3292 ,
1013 3239 1036 3292 7,
1048 3242 1061 3283 2
1072 3249 1078 3281 ε
1088 3236 1127 3284 τὸν
1140 3236 1267 3298 στρατηγὸν
1278 3241 1319 3284 τοῦ
1332 3239 1443 3299 βασιλέως
1456 3238 1562 3298 Ἀπελλῆν
1574 3241 1713 3304 διεχρήσατο
1723 3244 1773 3306 μιιτι

169 3309 254 3370 ὀλίγων
272 3313 428 3372 στρατιωτῶν.
438 3331 470 3343 -
479 3305 585 3369 οίκων]
595 3308 666 3355 ἐλθὼν
682 3306 719 3355 vet
737 3307 830 3367 θρμῶνῗ
842 3307 955 3354 ceterum
965 3316 1020 3365 quic
1030 3307 1161 3364 sequnntur
1170 3305 1201 3352 ah
1213 3305 1309 3353 historia
1318 3305 1455 3356 abhorrent,
1469 3309 1498 3358 V.
1510 3308 1650 3370 iosephurn.

201 3381 218 3427 F
220 3381 291 3427 elit).
306 3377 374 3425 initio
384 3376 454 3435 hujus
464 3376 509 3424 ioci
518 3376 647 3424 dicendum
657 3379 709 3424 erat
720 3389 726 3422 :
744 3375 838 3432 Ἐπειδὴ
849 3375 979 3436 Δημήτριος
993 3373 1105 3421 Σελεύκου
1121 3379 1163 3422 τοῦ
1171 3374 1327 3436 Φιλοπάτορος
1339 3377 1414 3430 υίὸς...
1425 3377 1465 3424 τδν
1472 3381 1513 3424 τοῦ
1523 3374 1637 3440 Ἀντιόχου
1646 3384 1688 3429 τοῦ
1700 3381 1766 3430 Ἐπι-

168 3453 253 3509 ρανοῦς
263 3447 358 3496 ἐπίθετο
368 3446 473 3494 θάνατον.
484 3447 630 3503 -πολλῆς
647 3445 815 3508 ἐπικουρίας
825 3441 943 3506 τυχὼν]
957 3443 981 3492 iu
992 3443 1059 3503 Syria
1068 3455 1113 3501 sc..
1124 3456 1171 3490 non
1184 3456 1241 3492 reru
1252 3457 1266 3492 a
1276 3443 1402 3506 Romanis3
1420 3457 1476 3494 nam
1492 3446 1554 3495 ctam
1574 3451 1651 3498 Roma
1662 3451 1768 3512 aufugit,

167 3519 322 3576 connivente,
334 3521 361 3565 ut
370 3517 473 3575 ridetur,
483 3519 576 3564 senatu.
588 3519 618 3563 v.
632 3517 714 3576 Potyh.
726 3518 818 3575 xxxi,
836 3521 872 3563 tn.
885 3522 925 3564 ιο.
940 3516 978 3562 24.
992 3540 1021 3556 .-
1032 3511 1159 3574 βιώσας]
1171 3511 1225 3561 deb.
1237 3513 1383 3574 βασιλεύσας.

198 3591 240 3637 Fr.
254 3595 293 3638 60.
307 3586 434 3646 Eutropius
445 3587 485 3644 tv,
500 3589 513 3634 7
531 3605 537 3632 ι
550 3584 646 3633 Eodem
659 3588 770 3646 tempora
780 3585 900 3634 ittetettns
917 3587 943 3632 tn
963 3583 1100 3632 celtiberia
1112 3583 1184 3644 αρκιί
1200 3587 1328 3646 Hispanos
1340 3597 1380 3633 res
1391 3587 1508 3645 careotas
1519 3588 1601 3647 cessit.
1615 3589 1738 3636 Successit
1748 3591 1772 3636 ei

169 3661 196 3716 Q.
219 3659 367 3720 Pompeias,
380 3667 424 3704 nec
440 3653 523 3703 mutto
530 3657 588 3716 post
603 3657 630 3710 Q.
643 3667 743 3716 quoque
761 3656 842 3714 οαριο
853 3652 890 3702 ad
905 3651 973 3701 idern
984 3652 1079 3701 bettane
1094 3657 1188 3702 missus
1198 3657 1248 3712 est,
1267 3653 1336 3716 ηιιοιί
1351 3655 1461 3718 quidum
1478 3659 1591 3705 Viriatus
1608 3660 1701 3706 contra
1722 3661 1770 3707 tio·

166 3737 256 3774 monos
270 3732 298 3776 tn
314 3726 453 3775 Lusitania
472 3723 584 3784 ρειεοαι.
601 3726 654 3780 Qno
671 3726 741 3770 rnetu
758 3725 872 3770 t'iriatur
889 3734 906 3768 υ
918 3723 972 3769 anis
989 3723 1141 3782 intersectas
1153 3729 1204 3783 est,
1215 3737 1296 3788 ριιιιιιι
1310 3727 1518 3789 quattuordecim
1531 3731 1609 3776 annis
1622 3731 1767 3787 Ηιεραιιιαι

167 3795 306 3846 adversum
323 3800 450 3847 Romanos
464 3795 590 3842 iacuisset.
613 3795 708 3842 Pastor
723 3795 806 3856 primo
819 3791 879 3853 snit
889 3827 897 3852 ,
918 3803 979 3839 mox
997 3791 1129 3844 latronum
1150 3795 1227 3845 dur:
1248 3799 1374 3857 postremo
1390 3799 1475 3846 tantos
1495 3796 1532 3846 ad
1551 3797 1647 3847 betium
1661 3799 1770 3860 papirius

166 3871 315 3927 concitauit,
333 3871 363 3916 nt
383 3869 496 3914 assertor
512 3868 602 3913 contra
620 3867 744 3912 Romanos
764 3867 898 3926 Hispania
914 3866 1066 3924 putaretur.
1086 3869 1168 3922 ουιιιιι
1187 3865 1362 3926 interfectores
1379 3867 1434 3926 ejus
1457 3869 1594 3928 premium
1613 3881 1630 3916 α
1650 3871 1769 3929 cantone

166 3937 269 3986 consule
291 3940 420 3999 peterent,
439 3946 591 3996 responsum
612 3935 663 3991 est,
679 3945 815 3995 nunqnam
837 3937 960 3982 Romanis
979 3936 1120 3997 proruisse,
1143 3941 1322 3996 irrepsi-ctorem
1344 3949 1362 3985 o
1378 3940 1433 3986 ruis
1457 3937 1583 3986 nritttihus
1599 3937 1720 4000 interfici.
1745 3943 1771 3988 tn

169 4009 251 4057 Diouis
264 4012 320 4058 Exc.
340 4009 451 4058 vatican.
470 4021 493 4069 ρ.
512 4011 555 4056 uti
572 4005 611 4056 ed.
625 4005 677 4054 itui.
691 4006 777 4066 (Dion.
789 4011 847 4056 tom.
872 4011 907 4068 ΙΙ,
919 4021 942 4069 ρ.
960 4015 990 4056 66
1004 4009 1042 4058 ed.
1057 4012 1083 4056 E.
1107 4008 1181 4066 Gros)
1201 4008 1316 4064 posterior
1333 4008 1404 4067 irurjus
1422 4008 1545 4068 fragmenti
1558 4021 1612 4070 pars
1624 4010 1657 4058 ita
1676 4010 1769 4059 habete

166 4079 220 4127 'Ort
234 4078 365 4134 Καιπίωνος
386 4079 478 4139 (Σκηπ.
502 4075 573 4136 cod.)
596 4077 729 4138 μαχομένου
741 4081 788 4132 τοῖς
807 4076 921 4140 'teneone
942 4081 963 4126 ot
978 4077 1088 4141 βάρθαροι
1105 4081 1186 4125 τοῦτον
1205 4076 1321 4132 δείσαντες
1339 4077 1501 4126 ἀποκτείνουσι
1515 4079 1554 4128 τδν
1575 4080 1653 4128 αὐτῶν
1674 4081 1772 4142 βασιλέα

167 4151 305 4212 Βσρίανθσν·
316 4151 348 4198 dne
364 4148 499 4211 ἀφικόμενοί
517 4165 574 4204 τινες
590 4149 646 4210 πρὸς
659 4149 782 4196 Καιπίωνα
794 4149 883 4208 (Earn.
897 4149 968 4208 cod.)
986 4149 1045 4198 ἆθλα
1054 4147 1107 4209 παρ’
1118 4146 1189 4194 αὐτοῦ
1199 4150 1248 4210 τῶν
1260 4148 1427 4208 πεπραγμένων
1440 4148 1516 4194 λαθεῖν
1527 4148 1612 4206 ἠξίουν.
1630 4149 1659 4196 ‘0
1670 4149 1695 4196 δὲ
1711 4151 1770 4198 ἀπο·

167 4221 266 4282 κρίνεται
279 4221 390 4282 μηδαμῶς
402 4219 460 4267 εἶναι
472 4219 597 4280 Ῥωμαίοις
607 4210 700 4280 ἐνύομον
712 4219 735 4265 ἐν
751 4217 839 4280 ἐπαίνῳ
852 4223 967 4270 ποιεῖσθαι
977 4222 1017 4275 τὰς
1031 4219 1092 4268 κατὰ
1103 4222 1149 4266 τῶν
1168 4223 1304 4279 στρατηγῶν
1315 4223 1362 4272 τοῖς
1378 4217 1512 4280 ἀρχομένοις
1524 4217 1651 4274 ἐπιθουλοίς.
1665 4219 1772 4281 Denique

166 4291 267 4339 ioannis
276 4291 350 4339 nostri
361 4293 419 4338 Ειιυ.
432 4289 557 4351 exscripsit
565 4289 652 4338 suidas
663 4308 668 4337 :
681 4289 747 4352 Βορί
755 4289 847 4344 ανθος.
855 4289 910 4338 Ὀτι
922 4289 1032 4353 βοίρθαροί
1044 4305 1101 4344 τινες
1111 4286 1225 4336 κτείνουσι
1235 4287 1415 4348 τυραννήσαντα,
1427 4287 1499 4348 ταύτῃ
1509 4289 1666 4350 προσάγεσθαι
1676 4291 1715 4337 τὸν
1724 4295 1771 4337 τῶν

166 4361 289 4423 Ῥωμαίων
306 4361 433 4422 στρατηγὸν
449 4361 572 4422 ἡγούμεναι
583 4361 614 4416 εἰς
627 4359 725 4408 εύνοιαν.
739 4361 783 4408 Καὶ
794 4361 821 4416 δή
839 4360 973 4420 ἀφικόμενοι
983 4366 1032 4410 τῶν
1043 4365 1085 4408 τοῦ
1098 4357 1221 4416 Βοριιίνθου
1234 4357 1349 4404 αὐθεντῶν
1364 4371 1466 4411 τινες....
1480 4357 1557 4413 ἠξίουν
1569 4360 1631 4420 παρὰ
1644 4359 1771 4416 Σκιπίωνος

166 4433 308 4490 κομίζεσθαι.
320 4433 348 4480 '0
357 4433 382 4480 δὲ
392 4433 522 4499 Σκιπίωγ...
533 4432 626 4494 ἔννομον
636 4431 659 4480 ίν
667 4431 755 4493 ἐπαίνῳ
765 4433 881 4479 ποιεῖσθαι
892 4433 942 4482 κτλ.
954 4435 1010 4482 Ραεει
1018 4433 1105 4481 horum
1114 4429 1228 4491 repetitur
1239 4441 1257 4477 s.
1267 4441 1290 4476 ιι.
1301 4427 1420 4484 crisconi.
1431 4449 1463 4460 -
1471 4429 1508 4476 Bo
1514 4427 1649 4490 ρίανθος]
1663 4448 1674 4469 ιι
1684 4431 1770 4486 Quicm-

166 4501 296 4550 admodum
308 4505 470 4550 Romanorum
482 4503 576 4550 literam
595 4505 612 4552 ι’
624 4515 753 4550 consonam
765 4501 788 4549 in
800 4501 936 4552 nominibus
947 4503 1048 4565 propriis
1059 4502 1090 4549 ab
1106 4499 1158 4548 otiis
1170 4497 1266 4561 quidem
1282 4497 1383 4546 librariis
1391 4497 1474 4559 graecis
1490 4511 1531 4558 per
1542 4497 1715 4559 diphthongum
1727 4513 1769 4560 ου,

166 4571 198 4620 ah
208 4573 260 4620 otiis
273 4585 331 4620 vero
342 4585 385 4634 μοι
401 4573 493 4620 literam
507 4574 521 4634 β
532 4586 666 4634 expromam
677 4585 843 4634 εαρυιιιιιιιετο
859 4573 968 4622 sistemus
980 4593 986 4621 :
1003 4570 1070 4620 sicin
1082 4569 1178 4626 codice,
1189 4581 1202 4616 e
1213 4581 1260 4629 ηιιο
1274 4567 1434 4628 fragmentum
1444 4567 1551 4615 nostrum
1564 4567 1648 4615 Snidas
1657 4567 1770 4616 transcri-

166 4642 227 4704 psit,
239 4641 356 4704 Βιρίατθος
366 4643 403 4690 ret
415 4642 535 4705 θυρίατθος
547 4643 617 4692 scribi
629 4643 744 4692 richuerat
754 4656 761 4691 ι
772 4656 800 4691 ex
811 4655 860 4703 ηιιο
872 4643 973 4692 (Ιιιατυιο
986 4643 1108 4692 literarum
1126 4638 1258 4686 mutatione
1274 4637 1407 4686 inauditum
1422 4649 1508 4684 nomen
1521 4635 1641 4698 Βορίανθος
1655 4639 1691 4684 est
1702 4649 1770 4684 oxor-

167 4715 229 4761 tum.
241 4729 253 4752 ν
264 4709 480 4771 schweichaenser.
489 4713 577 4772 Opusc.
589 4715 622 4770 n,
632 4725 655 4774 ρ.
669 4717 719 4759 152.
732 4714 765 4759 De
774 4712 839 4760 ucria
856 4711 963 4760 Viriathi
974 4711 1076 4759 nominis
1084 4709 1200 4769 scripturo
1212 4719 1289 4768 gnum
1300 4707 1420 4770 trutinaque
1429 4705 1484 4754 ride
1496 4719 1550 4766 qum
1560 4705 1622 4754 idem
1634 4705 1768 4766 sctrneign.

167 4782 183 4830 Ι.
197 4781 214 4830 t.
225 4781 349 4842 congessit.
363 4771 467 4829 hddo'h.
480 4783 542 4830 Gros
553 4781 583 4830 sd
594 4782 663 4830 Βίου.
678 4782 742 4828 cass.
754 4784 814 4828 tom.
826 4784 862 4838 n.
873 4795 896 4844 ρ.
912 4789 949 4830 50.
961 4811 989 4821 -
1004 4783 1029 4828 tn
1040 4791 1092 4840 sqq.
1106 4779 1181 4826 codex
1194 4777 1267 4826 seruet
1281 4777 1392 4834 Κόιντος,
1408 4775 1445 4826 his
1456 4775 1558 4835 Κύντοςς
1570 4789 1640 4838 porro
1653 4776 1769 4833 Καίλιος,

165 4853 191 4900 ct
205 4850 315 4906 Σκηπίων
328 4849 497 4911 producator,
512 4849 584 4898 obvia
594 4850 680 4912 passim
694 4849 819 4896 nominum
830 4849 976 4898 contusione.
986 4851 1139 4897 -ceterum
1151 4861 1206 4896 cum
1221 4847 1303 4896 Diouis
1312 4847 1447 4895 narratione
1454 4846 1485 4893 or.
1496 4848 1566 4894 Oros.
1578 4850 1608 4907 v,
1620 4849 1642 4894 i.
1657 4845 1770 4906 hetiqnos

165 4921 293 4981 scriptores
301 4920 331 4968 de
341 4920 453 4980 capione
461 4919 529 4968 aiitor
542 4920 628 4968 reterre
641 4921 742 4968 constat.
755 4919 785 4966 v,
796 4921 866 4969 Gros.
880 4918 895 4966 t.
908 4919 924 4967 t.
937 4931 960 4980 ρ.
974 4921 1018 4968 372
1028 4931 1063 4979 sq.

197 4993 238 5039 Fr.
248 4995 286 5038 ct.
301 4987 472 5052 Koipdoooc]
485 4988 583 5050 Κάριιων
593 4989 678 5038 codex.
690 4990 718 5036 c.
728 4989 838 5038 cncitins
850 4989 957 5038 htetettus
970 4992 995 5038 et
1003 4991 1047 5037 cn.
1059 4987 1165 5048 Papirius
1176 4985 1256 5036 carbo
1267 4985 1376 5035 conantes
1386 4985 1482 5034 tuernnt
1493 4983 1532 5034 01.
1544 4983 1614 5046 ᾲή-ίεθ.
1628 4982 1678 5032 sire
1692 4989 1733 5032 tis
1743 4998 1767 5036 a.

166 5063 209 5120 G..
220 5074 268 5121 uuo
280 5073 343 5108 anuo
353 5059 442 5108 betium
456 5059 602 5108 cimbricum
616 5062 696 5108 ortum
706 5063 751 5110 cst.
769 5059 859 5108 Serrite
871 5061 952 5107 antem
962 5059 987 5107 iu
1000 5057 1079 5106 Sicilia
1089 5057 1179 5106 betium
1191 5070 1205 5104 a
1217 5056 1355 5106 cousutihus
1366 5059 1394 5104 c.
1409 5055 1494 5104 Fulvio
1505 5052 1632 5114 catnurnio
1647 5053 1730 5102 t’isone
1743 5059 1768 5104 et

168 5131 194 5179 Ρ.
206 5129 302 5192 Rupilio
313 5133 405 5192 gestum
415 5128 527 5178 cstauuis
539 5131 655 5190 ist-¹³23
666 5129 704 5178 01.
724 5134 762 5178 tot
768 5135 866 5191 ,s·1sn,
878 5135 900 5178 t.
913 5130 986 5192 igitur
999 5129 1153 5178 uehementer
1162 5129 1266 5177 ioannes
1281 5127 1378 5175 errauit
1389 5125 1547 5173 -δούλιον
1557 5121 1681 5185 πλῆθος]
1697 5127 1730 5172 De
1742 5137 1768 5176 rc
