3792 5728
245 353 281 402 tto
893 337 1014 402 rnlsm
1035 339 1190 402 PANITAE

244 463 327 522 δυστα
350 461 425 543 (τάδε
451 463 477 520 ἐν
500 457 691 540 παρσύύστῳίἰ
717 456 857 536 δεδογμένα
884 462 1016 538 βασιλεῖ),
1064 461 1091 519 δὲ
1101 460 1268 542 ρορτίοινῆδη
1278 463 1330 528 τοῖς
1341 460 1483 540 ὑποζυγίοις
1493 459 1667 536 ἐπιτιθέντων,
1676 462 1718 521 καί
1730 465 1816 543 ἀνάγκη

246 548 386 629 συμφέρειν
398 546 530 626 ἡγούμεθα
539 545 619 623 μηδὲν
633 545 692 624 περί
703 549 749 616 τῆς
762 544 901 623 πρεσύιίας
911 545 1018 626 όποκρί-
1063 546 1111 618 τὴν
1125 547 1231 630 πορείαν
1243 547 1311 606 κατδ
1324 548 1368 607 τδν
1378 553 1424 620 τῆς
1438 547 1528 615 νυκτὸς
1541 547 1630 628 καιρδν
1642 556 1762 609 ποιεῖσθαι
1771 533 1818 610 πει.-

245 641 346 708 νεσθαι,
360 638 382 694 εἰ
395 634 431 710 μὴ
441 639 487 706 τῆς
498 631 572 712 παρδι
585 633 628 690 τὸν
639 631 764 703 Ἀττηλαν
774 631 872 692 εἰσόδου
883 631 1016 712 τύχοιμεν.
1066 635 1191 714 ρώμανοι,
1213 635 1371 716 μετεξέτεροι
1393 641 1444 696 τῶν
1469 636 1609 716 βαρθάρων
1632 639 1818 715 παραγενόμενοι

246 723 292 784 Διὸ
313 721 469 802 ἐρέσκσμιν,
484 719 536 780 εἴτε
553 719 586 777 τὰ
602 718 726 800 εἰρημένα
743 723 796 786 τοῖς
819 719 944 794 Σκύθαις,
968 720 1017 778 εἴτε
1063 725 1193 798 ἐπιμεῖναι
1207 727 1278 798 ἡμᾶς
1291 729 1335 782 τοῦ
1346 728 1437 802 καιροῦ
1447 723 1524 836 χάριν
1535 723 1771 802 παρακελεύσασθαι
1783 729 1819 781 τόν

226 811 291 892 ικαί
313 809 387 890 ἐτιρα
411 809 508 886 ἤκομκν
530 807 749 887 πρεσῦιυόμενοι,
773 813 817 866 τοῦ
840 809 910 887 σρῦιν
933 809 1017 866 αὐτῶν
1064 811 1190 882 Ἄττήλαν
1211 809 1308 888 ἐλιγον.
1323 811 1368 872 Ἐν
1387 813 1458 892 αὐτῷ
1476 834 1520 869 ουν
1540 815 1577 890 τῷ
1594 809 1700 890 χωρίῳ,
1719 811 1770 868 ὅθεν
1783 813 1819 868 καί

245 896 391 974 δνονμίνοο
415 896 463 967 τὴν
487 901 576 954 ποῧονν
603 885 685 966 οἶνον,
711 894 755 952 νοοί
779 895 906 971 μηδαμῶς
931 893 1019 962 ἄλλοις
1064 897 1243 975 διανίστημεν,
1258 891 1320 970 ἧκον
1333 899 1396 976 ἡμῖν
1416 902 1477 978 βοῦν
1496 897 1600 972 ἄγοντές
1612 920 1677 965 τινες
1689 897 1730 956 καί
1752 921 1821 956 πατα-

244 985 336 1044 τούτου
347 982 422 1063 χέριν
436 981 662 1062 διαλεχθήσεσθαι.
673 982 708 1040 Oi
726 979 753 1039 δὲ
767 984 837 1054 ἡμᾶς
853 983 1018 1059 παραχρῆμα
1064 984 1135 1061 μῖσος
1146 979 1317 1066 ἰχθύαςπαρθ
1330 991 1373 1044 τοῦ
1384 984 1496 1055 ’λττήλα
1505 983 1716 1065 διαπεμφθέντας,
1725 984 1821 1054 Λευεῖ-η’.

246 1076 391 1151 ἀναχωρεῖν
413 1069 597 1150 προσέταττον.
617 1068 663 1129 Ἐν
676 1072 830 1148 παρασκευῇ
850 1065 877 1125 δί
899 1071 946 1138 τῆς
959 1069 1017 1125 ὃδοῧ
1063 1097 1153 1140 σαντες
1164 1065 1208 1134 σύν
1223 1077 1248 1140 ἐς
1261 1072 1339 1132 ῦπνον
1352 1073 1510 1154 ἐτρέπημιν.
1527 1071 1562 1132 Ἥ
1566 1071 1646 1150 μόρας
1658 1071 1684 1130 δί
1698 1069 1821 1147 γενομένης

244 1158 396 1236 ’μνομίνοος
409 1161 455 1227 rit
475 1155 634 1233 ἅπονμίοοονς
647 1159 718 1231 ἡμᾶς
733 1158 747 1213 ο
763 1153 872 1230 Βῑγίδος
884 1151 1017 1228 νονομίμ·
1063 1161 1166 1240 ᾠόμεθα
1183 1161 1230 1238 μίν
1244 1160 1341 1240 ἥμερόν
1355 1184 1380 1219 τι
1394 1160 1440 1218 καί
1453 1167 1537 1238 πρᾶον
1549 1159 1622 1240 παρὰ
1640 1162 1685 1217 τοῦ
1700 1158 1820 1238 βαρύέρου

245 1265 323 1325 pero,
343 1243 387 1301 ἐπί
401 1243 488 1323 ψεύδει
503 1243 600 1300 ἁλῶναι
620 1241 724 1318 ἄμεινον
743 1240 825 1318 λέγων
839 1239 856 1310 ἢ
872 1239 1018 1318 δπραίκτους
1063 1249 1269 1326 μηηυηήσωηαμ
1285 1248 1337 1306 pal
1353 1248 1432 1306 πάλιν
1444 1247 1503 1314 τοὺς
1514 1245 1605 1312 αὐτοὺς
1617 1244 1731 1322 ἔπεμπε,
1746 1267 1822 1322 παρα.

245 1335 398 1410 (ἐνοχονροῖνι
412 1357 424 1380 ·
438 1332 470 1390 Εἰ
480 1329 529 1408 νίνμ
545 1326 668 1405 limidi<
678 1331 715 1407 τῷ
731 1326 841 1406 'Midili
854 1325 954 1405 ἐννχονι
968 1349 1017 1405 pq·
1062 1337 1228 1413 κελευόμενος
1240 1335 1360 1408 δσιίναι,
1373 1337 1395 1394 εἰ
1408 1333 1444 1411 μὴ
1464 1332 1571 1412 έχοιμέν
1583 1357 1608 1391 τι
1619 1333 1691 1412 παρδ
1704 1331 1736 1389 τδ
1748 1334 1823 1395 αὐτοῖς

245 1419 297 1494 elo,
311 1415 439 1488 ἐληλυθὼς
453 1461 462 1492 ,
476 1415 619 1474 ἐπισείειν
637 1414 730 1495 ῥηιδίως
754 1413 785 1472 ἐν
805 1413 880 1471 αὐτὸν
894 1417 940 1483 τῆς
955 1412 1018 1492 πρὸς
1063 1423 1211 1501 ἐγνωσμένα
1226 1421 1319 1500 λέγειν.
1335 1421 1419 1482 Οὐδὲν
1434 1411 1478 1479 οῦν
1494 1419 1695 1500 ἀποκρινάμενοι
1713 1419 1771 1498 πρὸς
1782 1417 1822 1488 τὴν

245 1506 394 1583 Ῥωμαίους
405 1506 688 1584 οἷποοῖῖννονδῑοφορὲῖι
698 1495 739 1562 οἷον
750 1501 781 1574 δνλ
793 1501 936 1572 burdini<
948 1503 1017 1582 οὖνῷ
1062 1510 1119 1569 ὁδὸν
1130 1509 1381 1590 παρασκιυαζόμιθα
1391 1552 1400 1583 ,
1412 1509 1507 1587 καίπερ
1516 1513 1561 1566 τοῦ
1575 1508 1669 1584 Βιγίλα
1685 1507 1824 1586 διαφιλονει-

245 1595 272 1652 ἐν
286 1593 399 1673 filiii&
418 1593 564 1652 Ἀνατόλνον
578 1589 704 1670 πρεσὸῖίᾳ
725 1589 867 1668 γενόμενος.
890 1615 901 1640 1
924 1593 1017 1648 Ταῦτα
1062 1602 1167 1665 novum<
1184 1597 1266 1676 λέγειν
1279 1589 1347 1656 εἶναι
1365 1593 1498 1674 χαίδτερα
1516 1599 1580 1671 ἡμῖν
1596 1593 1766 1674 ῥηθησόμενα,
1783 1591 1823 1649 Ἐν

245 1679 437 1757 (Alii-W·
449 1676 1017 1756 Hoesch·Tfl'fiissss'ffitllidssfiwfflekk·)
1062 1687 1147 1756 πολλῆ
1160 1683 1187 1743 δί
1201 1683 1329 1764 κατηφείη
1347 1682 1391 1742 τδν
1412 1681 1559 1758 Μαξιμῖνον
1581 1680 1654 1756 ἰδὼν,
1677 1675 1824 1758 παραλαδθνν

244 1766 331 1826 εὔνουν
353 1770 422 1846 αὐτῷ
439 1765 482 1824 vitu
497 1763 629 1824 'Edixtnuu
647 1764 789 1844 ὑπάρχειν·
803 1764 870 1822 ὥστε
888 1763 958 1842 λόγῳ
972 1767 1019 1834 τῆς
1063 1750 1223 1832 Ῥουὸτέχιην
1245 1770 1441 1848 ἐξεπιστάμενην
1463 1768 1511 1839 τὴν
1536 1768 1677 1848 βαρὸἄρων
1698 1763 1790 1846 φωνὴν,
1804 1763 1826 1828 ὃς

244 1853 384 1933 πρεσύιίας
397 1854 442 1912 καί
453 1857 504 1912 τῦιν
517 1857 644 1925 ὁπωσοῦν,
654 1851 705 1910 εἴτε
719 1854 834 1924 ἀληθῶς,
847 1850 896 1910 εἴτε
910 1851 1017 1931 ψευδῶς,
1063 1859 1109 1918 σὺν
1121 1866 1183 1936 ἡμῖν
1196 1859 1238 1918 ἰπὶ
1252 1858 1298 1930 τὴν
1314 1857 1444 1928 Σκυθικὴν
1455 1856 1573 1928 ἐληλύθει
1588 1856 1633 1936 (αὖ
1644 1859 1692 1925 τῆς
1701 1851 1826 1931 aperieiur

245 1940 427 2020 ῥηθησομένων
446 1941 599 2022 προφᾶοῑονς
613 1943 701 2019 τοχοῖν
720 1939 763 1998 ἔνθ
779 1942 816 2018 τῷ
830 1939 1018 2016 βονδοῦοοοθον
1063 1947 1138 2005 ἕνεκα
1153 1945 1220 2003 ἀλλὰ
1240 1943 1309 2003 κατθ
1322 1943 1415 2024 πρᾶξίν
1437 1965 1494 2001 τινα
1516 1935 1579 2022 πρὸς
1602 1943 1789 2011 Κωνστιίντιον,
1803 1935 1826 1993 δν

244 2027 304 2108 περὶ
312 2033 364 2086 τῶν
380 2029 466 2171 σγύτσῖς
474 2031 538 2138 μετ’
550 2027 661 2098 Ἀτιήλα
674 2025 842 2136 δεδογμένων,
852 2024 897 2084 καί
908 2023 1018 2132 druco}
1063 2031 1215 2102 Ἰταλιώτην
1226 2031 1287 2090 ὄντα
1297 2029 1448 2111 ύπογραρέα
1458 2029 1570 2108 Ἀττήληι
1581 2027 1736 2087 ἀπεστάλκει
1744 2025 1828 2088 ’Ᾱέτιας

243 2115 728 2278 ἰδιῖίλίεέᾇῖιῖίῖἶῖἷιδέδιθι
741 2111 1018 2277 ῗέξζῗῖνίῗοίζῖἶζῖῗ
1063 2115 1828 2285 ἶλωέθῖἶξίίῗῖπίῗίζίζῗόἶίζίἐίόίῖίἶίλᾞῖξίῖ),

245 2289 328 2365 μίνοῑς
337 2287 455 2368 οἷνδμίον·
466 2287 655 2368 Προδοδομίνοῖ
664 2285 692 2345 δί
701 2287 826 2356 filiiflii·
839 2285 872 2346 Ὁ
881 2285 931 2364 ti?
942 2284 1018 2346 Ἐδὲ·
1062 2291 1107 2351 καί
1119 2291 1193 2350 αὐτὸν
1208 2292 1356 2372 προσειπὼν
1375 2291 1424 2350 ὑπὸ
1439 2294 1546 2369 ἐρμηνεῖ
1557 2293 1595 2368 τῷ
1609 2287 1764 2366 Ῥουστικίῳ
1779 2285 1829 2342 ἕλε·

244 2399 306 2449 κων,
321 2376 371 2435 εἴτε
393 2376 460 2456 δόλῳ
474 2375 668 2454 ὑποσχόμενος,
691 2373 742 2432 sire
757 2373 802 2431 καί
822 2371 866 2432 τδν
890 2372 1017 2453 Ὀρέστην
1063 2394 1107 2448 γον
1132 2373 1202 2450 διῦρα
1225 2374 1335 2430 πλεῖστα
1359 2369 1432 2450 παρδ
1454 2374 1499 2429 τοῦ
1522 2368 1674 2444 Μαξιμίνου
1695 2365 1828 2446 λήψεσθαι,

244 2463 410 2535 εὖλαύηθείς,
426 2463 462 2539 μὴ
476 2466 501 2530 ἐς
523 2463 567 2520 τὸν
588 2460 713 2532 ’λιτήλαν
728 2459 821 2539 δγόγσι
833 2459 900 2538 ἅπερ
914 2463 976 2536 ἡμῖν
991 2462 1017 2518 ἐν
1063 2458 1134 2537 εἴπερ
1146 2457 1223 2516 αιἰτδν
1236 2462 1281 2527 τῆς
1290 2457 1361 2537 παρδ
1371 2456 1414 2515 τὸν
1424 2455 1549 2527 Ἀττήλαν
1559 2455 1660 2514 εἰσόδου
1672 2449 1831 2531 παρασκευαί·

242 2556 276 2630 τῇ
289 2553 401 2631 Σερδικῇ
414 2547 481 2627 μετδι
497 2547 544 2620 τὴν
557 2548 672 2606 ἑστίασιν
682 2547 797 2628 εἰρήκει,
809 2549 836 2605 ἐν
846 2548 917 2628 αἰτία
928 2545 1017 2606 ποιού-
1063 2567 1104 2604 σοι
1117 2553 1216 2624 τυχεῖν.
1231 2548 1256 2604 Τ
1256 2543 1286 2614 ὴν
1301 2545 1351 2622 γδρ
1367 2546 1448 2602 αὐτοῦ
1468 2541 1609 2621 πρεσθείαν
1629 2543 1659 2599 οὐ
1677 2539 1752 2617 μόνον
1765 2537 1830 2595 ‘Pu-

243 2661 319 2714 μενος
329 2639 358 2696 τὸ
372 2638 451 2716 χωρίς
463 2639 541 2694 αὐτοῦ
555 2637 659 2715 βασιλεῖ
666 2635 711 2693 καί
721 2638 759 2714 τῷ
769 2633 882 2714 εὐνούχῳ
894 2637 918 2701 ἐς
926 2633 1017 2711 λόγους
1063 2630 1148 2708 μαίοις
1161 2629 1207 2689 καί
1220 2631 1327 2696 Οὗννοις
1342 2629 1475 2705 Ευνοίσειν,
1488 2627 1557 2686 ἀλλὰ
1569 2627 1614 2685 καί
1628 2623 1793 2703 Ὀνηγησίῳ,
1807 2621 1830 2678 δν

242 2723 319 2782 αὐτὸν
330 2723 495 2795 ἐληλυθέναι,
510 2721 671 2797 καταμηνύει
683 2721 730 2790 τὴν
746 2722 929 2798 μελετηθιῖσαν
945 2723 1015 2800 αὐτῷ
1062 2721 1125 2798 παρ’
1136 2717 1214 2778 αθτδν
1228 2718 1337 2797 βασιλέα
1350 2717 1415 2776 ἰέναι
1430 2715 1569 2797 βούλεσθαι
1581 2714 1626 2772 καί
1637 2715 1673 2772 τὰ
1690 2714 1742 2778 τοῖς
1754 2711 1830 2768 ἔθνεσι

241 2808 382 2880 laedentia
394 2808 438 2866 καί
450 2806 481 2866 τὸ
493 2807 573 2866 πυσδν
582 2812 627 2866 τοῦ
636 2806 883 2888 ἐκπεμρθησομένου
895 2806 1015 2886 χρυσίου,
1061 2808 1236 2887 διευκρινῆσαι
1248 2805 1395 2886 οἰμρίῦσλα·
1408 2804 1562 2896 δρικόμενον
1573 2800 1601 2860 δὲ
1613 2801 1743 2878 μεγίστων
1754 2796 1831 2862 τεῦξε·

242 2894 343 2974 ἐκλέγει
361 2895 388 2953 δὲ
400 2895 444 2954 καί
456 2897 496 2974 tp'
511 2885 548 2960 οἷς
559 2894 606 2966 τὴν
619 2894 760 2974 πρεσῦείαν
773 2892 939 2969 ἐποιούμεθα.
956 2896 1017 2952 Τῶν
1061 2899 1121 2951 σθαι
1148 2895 1259 2972 δωρεῶν.
1281 2896 1384 2972 Χρῆναι
1405 2897 1448 2951 οὖν
1472 2889 1509 2966 μὴ
1531 2889 1658 2968 παρόντος
1681 2883 1831 2962 Ὀνηγησίου

240 3085 360 3136 νεαραῖσι
372 3085 428 3134 satis
438 3084 569 3147 intelligere
586 3087 736 3147 poteramus,
752 3097 801 3147 qua
815 3083 907 3134 ratione
921 3081 1018 3131 occulta
1061 3079 1185 3129 remmitti
1202 3080 1362 3140 convenerat,
1372 3078 1444 3128 simul
1456 3080 1481 3128 et
1498 3091 1527 3128 ea
1542 3091 1597 3140 qum
1608 3076 1738 3140 pernosln
1749 3075 1792 3124 ista
1802 3072 1832 3120 le·

242 3161 393 3224 imperatoria
411 3161 509 3211 oondlia
527 3161 644 3224 patelnota
657 3163 744 3210 essent.
765 3160 927 3218 Quamobrem
939 3158 1018 3220 potius
1061 3158 1155 3218 gatione
1169 3157 1294 3208 tractanda
1313 3159 1390 3218 mant,
1404 3156 1546 3206 enuntiavit.
1565 3157 1687 3208 lumentis
1701 3156 1751 3217 jem
1767 3151 1832 3200 ador·

239 3253 291 3290 esee
302 3239 429 3300 duximus,
442 3240 500 3288 nillil
514 3241 644 3302 quicquam
657 3239 688 3289 de
699 3239 815 3290 mandatis
826 3238 1016 3298 nostrisellerre,
1061 3235 1154 3284 natiset
1163 3236 1301 3285 necessitate
1309 3233 1392 3284 aditor
1399 3235 1506 3295 tempore
1513 3234 1589 3284 noctis
1595 3233 1744 3295 carpendum
1752 3227 1833 3284 adacti,

240 3317 380 3380 priusquam
397 3316 466 3366 nubis
482 3317 578 3366 Attilam
596 3316 700 3366 adeundi
712 3318 816 3378 potestas
832 3317 900 3366 tieret
917 3315 1017 3376 :itaque
1060 3324 1187 3361 occurrere
1209 3325 1240 3361 ex
1250 3311 1371 3372 barbaris,
1383 3311 1425 3374 qui
1445 3310 1565 3370 dicerent,
1580 3312 1678 3360 Attilam
1695 3309 1779 3371 jubere
1796 3317 1834 3352 uos

240 3395 422 3458 respondimus:
434 3413 446 3438 ι
464 3396 519 3445 Sive
527 3407 568 3456 ee,
585 3409 641 3458 qua
653 3397 749 3457 soptim
760 3394 832 3444 modo
851 3395 1015 3456 protulerunt,
1060 3392 1156 3450 propter
1165 3390 1259 3450 tempus
1267 3389 1344 3437 noctis
1352 3388 1545 3449 intempestivum
1557 3400 1690 3438 remanere.
1702 3389 1729 3434 lu
1738 3382 1835 3434 eundem

238 3474 289 3522 sive
307 3472 353 3520 alia
369 3472 502 3521 nuntiaturi
519 3473 667 3533 venerimus,
679 3471 798 3521 neminem
809 3471 853 3520 nisi
869 3471 956 3520 ducem
974 3484 1015 3518 ve·
1061 3465 1133 3526 igitur
1144 3466 1239 3528 locum,
1252 3464 1316 3514 unde
1326 3463 1543 3527 proficiscebamur,
1557 3465 1644 3525 praesto
1658 3463 1727 3512 luere
1738 3461 1780 3522 qul
1795 3459 1835 3506 bo·

238 3553 316 3598 strum
329 3561 437 3610 quaerere
450 3546 532 3608 decet,
544 3561 621 3609 neque
638 3547 669 3596 de
686 3548 723 3596 llis
737 3560 792 3596 oum
811 3547 862 3596 aliis
880 3548 929 3596 ullo
945 3549 1015 3609 pacto
1059 3552 1113 3589 vem
1124 3541 1225 3603 agebunt
1233 3544 1257 3591 et
1267 3541 1341 3602 pisces
1351 3540 1479 3590 fluviatiles
1490 3539 1559 3590 uobis
1569 3538 1599 3588 ab
1612 3539 1689 3588 attila
1700 3537 1783 3586 missos
1801 3533 1835 3582 al-

238 3627 353 3675 disserere
363 3625 539 3673 constituimus.
556 3625 618 3674 »llll
629 3638 686 3674 vero
698 3638 742 3674 nos
756 3624 932 3686 quamprimum
949 3623 1015 3673 abire
1059 3617 1174 3668 terebant.
1190 3618 1283 3666 coeuati
1299 3630 1344 3666 uos
1355 3616 1485 3666 dormitum
1501 3615 1656 3664 contulimus.
1673 3619 1739 3665 Luce
1755 3613 1806 3660 orla
1816 3610 1848 3686 iu¹

237 3703 368 3764 jusserunt.
388 3705 450 3752 Dum
462 3703 570 3751 reditum
587 3703 839 3763 parabamus,ltigiles
858 3715 901 3750 uos
918 3705 1015 3766 propter
1058 3707 1125 3756 spem
1137 3695 1324 3756 adducebamur,
1344 3695 1441 3746 Attilam
1453 3707 1479 3744 se
1490 3692 1521 3742 ad
1538 3694 1660 3742 lenitatem
1681 3690 1838 3748 daturum,et

238 3778 415 3838 responsionem
425 3777 519 3838 scylleis
528 3777 615 3825 laetam
626 3777 764 3838 increpavit.
774 3780 854 3837 Longe
864 3779 927 3824 enlm
937 3781 1015 3839 potius
1059 3771 1157 3834 aliquod
1167 3773 1223 3822 mite
1237 3784 1376 3835 responsum
1396 3771 1427 3822 ad
1440 3785 1483 3820 nos
1496 3772 1526 3820 ab
1545 3771 1596 3833 ipso
1607 3774 1787 3820 emanaturum.
1798 3766 1838 3816 llle

238 3855 312 3904 troisse
324 3855 348 3903 in
367 3854 491 3904 mendacio
506 3853 665 3916 deprehendi,
679 3867 753 3916 quam
765 3867 790 3902 re
810 3855 896 3903 inlecta
915 3854 1013 3904 domum
1059 3863 1115 3900 vero
1128 3851 1208 3900 denuo
1228 3852 1323 3902 eosdem
1342 3851 1415 3912 misit,
1426 3850 1544 3911 iussitque
1560 3850 1640 3911 ahira,
1658 3853 1678 3899 sl
1699 3849 1760 3898 nillil
1776 3845 1838 3894 allud

238 3934 333 3982 roverti.
348 3953 360 3976 κ
371 3933 395 3982 st
411 3935 488 3993 enlm,
502 3933 592 3994 inquit,
601 3945 657 3980 cum
670 3933 741 3982 attila
752 3933 886 3982 collocutus
902 3933 1012 3996 fuissem,
1058 3928 1158 3988 rrepotii,
1168 3928 1212 3978 nisi
1222 3929 1286 3992 quod
1295 3929 1345 3989 jam
1357 3927 1469 3976 omnihus
1484 3923 1605 3988 cognitum
1617 3929 1690 3988 esset,
1704 3925 1774 3975 nobis
1785 3935 1837 3970 curu

238 4008 305 4058 tacite
313 4009 371 4058 illis
388 4011 540 4058 contentione
550 4023 607 4058 eum
619 4009 732 4059 llomanis
749 4008 868 4058 discedere
885 4011 1013 4071 persuasis·
1056 4003 1098 4053 illo
1108 4005 1271 4055 intercederet.
1304 4005 1375 4054 llullo
1389 4003 1446 4054 dolo
1458 4003 1610 4066 responsoad
1623 3999 1840 4054 iternosacoinxl·

237 4098 302 4145 sem,
314 4085 402 4148 quippo
413 4087 454 4148 qui
465 4089 534 4135 antea
548 4087 732 4136 familiaritatem
746 4099 802 4135 eum
812 4084 853 4134 illo
861 4085 885 4133 in
898 4087 1013 4146 legatione
1057 4097 1119 4146 mus,
1129 4085 1172 4134 etsi
1183 4085 1268 4146 Bigilas
1285 4083 1351 4132 omni
1363 4096 1409 4146 ope
1418 4082 1587 4140 contenderet,
1600 4085 1628 4130 ut
1640 4079 1839 4143 responderemus

237 4175 294 4210 cerm
314 4163 423 4212 anatolio
438 4167 547 4224 suscepta
565 4165 683 4214 contraxi.
695 4183 708 4208 ν
720 4165 797 4226 Atque
811 4162 866 4212 inde
879 4162 1012 4214 Edeconem
1056 4159 1253 4210 nosaliadioendn
1263 4159 1358 4209 trabem.
1367 4162 1414 4220 Ego
1423 4171 1563 4221 veroquam
1570 4157 1730 4207 Maximinum
1739 4163 1839 4204 ntmrorc

237 4251 333 4301 quoque
344 4238 405 4287 bene
422 4238 466 4288 sibi
477 4240 537 4288 velle
554 4238 623 4300 dixit,
635 4240 737 4302 ideoque
754 4241 832 4302 specie
851 4239 973 4302 legationis
989 4243 1013 4290 et
1055 4235 1262 4296 conticividerem,
1273 4237 1394 4298 assumpto
1403 4234 1519 4294 Rusticio,
1528 4235 1569 4296 qui
1582 4233 1743 4283 barbarorum
1754 4233 1839 4292 lingum

236 4328 335 4376 eorum,
349 4327 404 4376 quae
414 4327 469 4364 vere
481 4319 524 4364 aut
533 4317 591 4366 lalso
608 4317 693 4366 dicturi
705 4319 796 4378 εεεειιῑ,
811 4317 929 4378 operiam
940 4331 965 4366 se
977 4319 1012 4367 in·
1056 4314 1145 4377 peritus
1158 4315 1209 4362 erat
1220 4315 1244 4362 et
1252 4311 1376 4362 nobiscum
1387 4312 1411 4361 ln
1423 4311 1545 4374 scythiam
1554 4313 1652 4360 uenerat
1663 4311 1731 4372 (non
1742 4308 1838 4370 legatio·

236 4397 350 4442 uenturos
365 4405 416 4442 esse
429 4395 549 4456 sperarit,
565 4407 613 4456 qua
622 4396 764 4457 compositas
775 4395 799 4443 in
810 4397 905 4445 attilam
916 4396 1012 4446 imidias
1055 4395 1184 4442 ulsnoetrae
1192 4393 1359 4451 eausa,sedob
1368 4406 1418 4441 rem
1428 4391 1659 4457 privatumaditurus
1668 4390 1840 4439 constantium

236 4471 431 4531 exsequerentur,
451 4473 476 4519 et
487 4483 589 4530 aurum,
611 4484 661 4534 quo
673 4471 768 4521 lideeon
783 4472 827 4522 sihi
843 4472 872 4520 ad
889 4485 942 4522 eam
960 4487 1010 4522 rem
1055 4468 1382 4531 exltallaorlundum,quem
1392 4468 1422 4518 nd
1432 4469 1529 4518 Attilam
1542 4465 1840 4525 Aetius,0ccidentnllum

236 4560 296 4609 opus
307 4561 358 4596 esse
369 4547 479 4597 eunucho
490 4549 592 4611 dixerat,
605 4550 738 4610 ailerretur,
748 4550 813 4612 quod
827 4552 897 4600 certis
909 4552 1011 4602 homini·
1055 4546 1315 4606 Romanommdux‚ut
1324 4544 1394 4594 illinb
1406 4544 1510 4606 epistolis
1519 4545 1589 4604 esset,
1599 4543 1723 4604 miserat),
1732 4545 1840 4592 Scottum

235 4623 281 4672 hus
295 4623 449 4673 divideretur.
463 4625 509 4674 sed
521 4625 618 4687 lligilam
631 4627 719 4675 latebat
731 4639 757 4675 se
766 4627 903 4687 proditum:
917 4628 1011 4677 Edecon
1055 4625 1102 4673 adli
1115 4624 1168 4685 (nee
1178 4623 1329 4674 enimederat
1339 4623 1488 4685 onegisius),
1498 4625 1588 4672 etcum
1598 4621 1639 4670 illo
1650 4621 1839 4682 perllusticium

234 4699 313 4760 enim,
336 4700 387 4749 sive
409 4699 520 4750 simulate
543 4715 598 4750 eum
621 4703 731 4752 eunucho
755 4704 850 4765 pactus,
867 4705 917 4752 aire
936 4707 964 4754 ut
981 4707 1011 4755 ab
1055 4701 1206 4763 interpretem
1217 4699 1357 4759 collocutu,
1365 4712 1421 4749 eum
1429 4697 1770 4761 plurimadonaalqulmlno
1781 4697 1841 4743 latu·

234 4781 321 4826 Oreste
333 4777 377 4826 eibi
390 4780 501 4840 caveret,
512 4792 543 4829 ne
563 4779 651 4829 isillud
662 4780 727 4842 quod
745 4781 769 4829 iu
781 4781 876 4831 Serdica
885 4783 945 4833 inter
961 4798 1010 4833 cm·
1056 4794 1109 4828 rum
1119 4779 1183 4841 dlxi,
1192 4780 1211 4828 ai
1221 4777 1255 4829 illi
1267 4777 1346 4828 aditus
1357 4777 1389 4826 ad
1398 4778 1496 4828 attilam
1503 4777 1596 4840 copiam
1609 4778 1709 4826 laceret.
1721 4778 1840 4836 Legatum

236 4855 342 4904 nandum
363 4856 432 4905 nobis
449 4855 609 4919 indicaverat,
632 4859 661 4907 ed
685 4859 783 4909 attilam
801 4859 916 4920 deterret,
941 4864 1010 4912 ulmi·
1054 4857 1135 4906 venire
1153 4857 1216 4906 enim
1228 4855 1258 4905 ele
1273 4853 1421 4915 rebusque
1434 4867 1481 4903 non
1497 4853 1696 4904 solumnemenls
1710 4855 1737 4900 el
1748 4851 1841 4900 auena

236 4943 291 4978 rum
302 4945 344 4993 se,
361 4935 455 4992 remoto
472 4936 571 4995 Oreste,
588 4939 691 4986 secretm
707 4949 828 4986 sermones
840 4950 896 4985 cum
908 4937 1009 5000 impera-
1054 4928 1701 4990 maximamementutilitatemallaturm,sedetiamipsi
1708 4927 1840 4989 onegeslo.

235 5007 287 5055 tore
306 5010 332 5057 et
345 5010 455 5058 eunucho
467 5010 590 5068 lrabuisae,
613 5012 692 5062 Attilae
712 5017 874 5075 comparatam
887 5013 911 5062 in
932 5015 1009 5075 ipsum
1055 5015 1295 5077 lmpemtoremenlm
1309 5027 1418 5076 poscere,
1432 5013 1501 5062 illurn
1519 5012 1698 5074 adselegatum
1711 5011 1746 5060 ab
1766 5010 1841 5060 Attila

238 5083 425 5144 coniurationem
446 5088 553 5150 aperuit,
574 5093 599 5138 et
611 5091 662 5138 ouri
682 5103 898 5155 summam,quam
918 5093 941 5140 ln
957 5105 1009 5143 eam
1053 5093 1126 5154 mitti,
1136 5093 1177 5156 qui
1186 5091 1328 5154 dijudicaret
1337 5093 1510 5144 controversias
1521 5093 1722 5153 interutramque
1732 5093 1840 5152 gentem,
