3792 5728
220 355 257 406 θθ
880 340 997 400 entsct
1024 337 1172 400 PANiTAE

217 471 358 548 πεμφθείη.
374 470 622 548 ’θποθαυμαζόντων
635 469 662 530 δέ
674 473 748 547 ἡμῶν
763 473 808 541 τῆς
820 470 942 536 ἀπονοίας
952 469 994 527 τὀν
1042 467 1086 525 καί
1105 465 1137 525 τά
1152 465 1199 548 ὅρη
1223 465 1376 542 ὑπεξελθεῖν,
1401 464 1490 544 ὀλίγην
1510 463 1618 544 ἀγοντας
1639 466 1713 525 λείαν·
1729 475 1743 540 i,
1757 471 1798 548 γὀρ

219 559 361 641 βάρὸαρον,
384 558 555 619 ὑπολαθὼνθ
578 557 729 634 Ῥωμύλος,
750 558 909 637 πρεσάευτής
930 557 996 638 ἀνὴρ
1041 555 1151 626 πλείστη
1163 553 1213 612 ὑπὸ
1227 557 1277 612 τῶν
1297 555 1395 624 Μήδιον
1410 554 1538 634 ἀφῄρητο.
1557 554 1759 632 Εὐλαθουμένους
1777 560 1800 616 δέ

218 649 264 708 καὶ
275 651 378 708 πολλῶν
392 646 555 726 πραγμάτων
570 646 707 725 ἔμπειρος,
717 645 789 724 ἔλεγε
800 646 845 717 τήν
857 648 937 704 αὑτοῦ
949 669 994 722 με·
1042 643 1089 712 τήν
1111 645 1161 700 τῶν
1185 641 1319 718 πολεμίων
1334 641 1418 708 δίωξιν
1432 642 1521 720 ἑτέραν
1535 645 1665 720 τραπῆναι
1681 644 1745 720 ὑδθν,
1763 647 1801 704 καί

217 736 308 814 γίστην
330 735 413 816 τύχην
428 735 473 794 καί
487 733 534 804 τήν
549 735 578 792 ἐκ
597 737 643 806 τῆς
661 731 743 812 τύχης
759 735 867 810 δύναμιν
890 733 997 814 ἐξαίρειν
1045 729 1112 808 μετδι
1128 729 1174 802 τήν
1191 731 1220 788 ἐκ
1236 735 1282 798 τῆς
1303 729 1402 808 ὑφάλου
1416 728 1513 808 πέτρας
1527 729 1715 808 ἀναφερομένην
1730 735 1801 811 φλόγα

219 824 308 896 αὑτὸν,
319 823 387 884 ὥστε
403 822 439 899 μὴ
455 821 594 901 ἀνέχεσθαι
608 823 715 880 δικαίων
728 821 824 898 λόγων,
839 824 862 880 εἰ
877 822 915 898 μὴ
934 823 997 902 πρὸς
1043 819 1138 878 ἐκεῖθεν
1160 816 1329 898 πορευθέντας
1344 863 1351 877 .
1366 863 1374 879 .
1390 857 1417 873 ..
1440 819 1545 895 ἡμερῶν
1561 817 1618 874 ὁδὸν
1638 819 1663 884 ές
1681 821 1711 876 τά
1731 822 1802 878 οἰκεῖα

218 913 298 970 αὑτοῦ
309 911 402 990 νομίση
414 911 540 989 ὑπάρχειν
551 906 654 974 αὐτούς.
665 908 759 968 Οὐδενὶ
769 907 819 987 γάρ
829 911 879 966 τῶν
891 907 995 968 πώποτε
1043 903 1195 985 ἀφικέσθαι,
1216 902 1261 962 καὶ
1284 907 1398 980 γνῶναι,
1422 905 1451 961 οὐ
1475 905 1565 982 πολλῷ
1589 904 1742 980 διαστήματι
1763 909 1804 980 τὴν

218 1002 263 1068 τῆς
278 1002 406 1070 Σκυθικῆς
425 995 502 1068 ήκαί
516 996 604 1074 ἐτέρας
624 995 755 1074 ἀρξάντων
770 1001 817 1074 γῆς
838 1001 953 1054 τοσαῦτα
970 998 996 1053 ἐν
1044 993 1144 1064 Μήδων
1170 991 1315 1072 ἀφεστάναι
1330 996 1376 1061 τῆς
1393 993 1530 1063 Σκυθικῆς.
1557 990 1610 1051 Τθν
1633 981 1676 1050 οὖν
1691 993 1804 1064 ’Λττήλον

218 1086 299 1167 θλίγῳ
310 1091 549 1165 καταπεπρᾶχθαι,
563 1083 630 1142 ὥστε
652 1085 696 1142 καί
718 1088 768 1142 τῶν
782 1086 808 1142 ἐν
822 1087 859 1163 τῷ
875 1083 996 1164 Ὠκεανῷ
1044 1083 1086 1138 ἐπ’
1102 1079 1183 1150 αὐτὴν
1199 1080 1264 1136 ἰέναι
1285 1079 1439 1158 βουλόμενον
1457 1080 1484 1136 οὐ
1499 1077 1622 1149 πονήσειν
1641 1079 1738 1156 πολλδι,
1756 1081 1805 1140 οὑτε

219 1174 304 1246 νήσων
328 1174 428 1254 ἄρχειν,
442 1173 486 1231 καλ
505 1171 568 1252 πρὸς
584 1173 657 1251 ποίση
679 1175 712 1252 τῆ
727 1175 843 1252 Σκυθικῇ
858 1172 902 1230 καί
925 1173 997 1232 Ῥω·
1045 1168 1148 1247 μακρὰν
1165 1168 1268 1227 ἀνύσειν
1285 1167 1351 1240 ὁδὸν,
1367 1167 1433 1225 ὥστε
1451 1165 1495 1226 καί
1517 1167 1623 1238 Μήδους
1640 1168 1684 1228 καὶ
1700 1169 1806 1248 Πάρθους

220 1261 312 1339 μαίους
326 1261 394 1340 ἐχειν
409 1263 434 1327 ἐς
448 1261 527 1340 φόρου
543 1259 696 1337 ἀπαγωγήν.
718 1259 870 1339 Ἐφιέμενον
892 1259 917 1318 δέ
933 1259 997 1337 πρὸς
1043 1256 1088 1315 καί
1106 1255 1209 1333 Πέρσας
1223 1259 1440 1335 παραστήσεσθαι
1454 1255 1499 1313 καί
1521 1255 1677 1332 ἀναγκάσειν
1697 1259 1771 1314 ἐλθεῖν
1786 1261 1807 1324 ἐς

220 1359 273 1416 τοῖς
296 1353 410 1428 παροῦσι
430 1349 555 1406 πλειόνων
577 1349 622 1405 καί
645 1347 689 1406 ἐπὶ
711 1349 796 1423 μεῖζον
820 1343 930 1414 αὔξοντα
949 1347 997 1418 τήν
1044 1345 1123 1423 φόρου
1135 1344 1289 1422 ἀπαγωγήν·
1298 1352 1420 1423 παρεῖναι
1430 1342 1479 1421 γάρ
1492 1345 1562 1422 αὐτῷ
1574 1343 1690 1421 μάχιμον
1701 1345 1807 1420 δύναμιν,

220 1435 316 1514 ἀρχὴν,
332 1435 376 1494 καί
395 1438 420 1502 ἐς
435 1435 539 1515 Πέρσας
558 1438 662 1494 ἀπιέναι
678 1435 826 1514 βούλεσθαι.
842 1438 903 1494 Τῶν
923 1434 949 1492 δέ
970 1439 996 1494 έν
1043 1433 1076 1502 ἣν
1091 1431 1164 1489 οὐδέν
1183 1431 1252 1498 ἔθνος
1271 1432 1456 1502 ὑποστήσεται.
1474 1430 1567 1507 ἹΙμῶν
1588 1431 1614 1490 δὲ
1629 1432 1697 1489 κατὰ
1710 1437 1808 1512 Περσῶν

220 1527 283 1600 ἡμῖν
297 1545 363 1587 τινος
383 1523 527 1598 πυθομένου
544 1522 620 1580 ποίαν
639 1521 696 1580 ὑδδν
720 1522 827 1600 τραπείς
848 1523 873 1588 ἐς
894 1522 998 1600 Πέρσας
1044 1520 1126 1576 ἐλθεῖν
1143 1517 1221 1576 αὑτὸν
1241 1518 1422 1596 ἐπευξαμένυιν
1435 1517 1480 1576 καί
1495 1518 1535 1575 ἐπ’
1548 1518 1658 1586 ἐκείνους
1672 1519 1760 1598 τρέψαι
1772 1521 1809 1578 τὸν

221 1615 302 1669 ἐλθεῖν
315 1612 468 1680 δυνήσεται,
481 1609 567 1686 ἔλεγεν
582 1614 596 1666 ὑ
610 1607 762 1684 Ῥωμύλος,
775 1609 812 1684 μή
832 1611 923 1688 πολλῷ
941 1610 996 1666 δια·
1043 1605 1168 1682 πόλεμον,
1184 1609 1198 1662 ὑ
1214 1606 1427 1672 Κωνσταντίολος
1440 1605 1513 1680 ἐλεγε
1525 1605 1634 1663 δεδιέναι
1647 1605 1685 1682 μή
1701 1631 1759 1666 ποτε
1771 1610 1809 1666 καὶ

221 1699 337 1776 στήματι
356 1697 403 1768 τήν
426 1696 523 1767 Μήδων
542 1697 685 1778 ἀφεστάναι
700 1702 746 1768 τῆς
770 1700 915 1768 Σκυθικῆς,
940 1696 998 1756 οὐδὲ
1046 1697 1150 1773 Πέρσας
1166 1695 1258 1774 ῥαδίως
1271 1694 1509 1772 παραστησάμενος
1526 1692 1584 1751 ἀντὶ
1598 1694 1674 1770 φίλου
1696 1697 1810 1764 δεσπότης

219 1785 335 1850 (θύννους
350 1783 470 1862 ἀπείρους
484 1789 530 1856 τῆς
544 1787 603 1843 itai
620 1783 715 1855 ταύτης
730 1775 807 1856 εἶναι,
826 1783 895 1842 ἀλλά
915 1785 997 1842 πάλαι
1044 1781 1176 1852 ἐπανήξει.
1196 1785 1252 1842 Νῦν
1266 1779 1312 1857 μέν
1325 1780 1374 1860 γάρ
1386 1781 1414 1838 τὸ
1427 1779 1532 1859 χρυσίον
1543 1781 1694 1855 κομίζεσθαι
1704 1787 1761 1860 παρ’
1772 1786 1809 1839 αὐ-

219 1876 246 1932 έσ
263 1873 344 1942 αὐτὴν
359 1871 568 1949 ἐμθεθληκέναι,
592 1874 670 1949 λιμοῦ
684 1895 712 1931 τε
730 1871 777 1942 τήν
793 1871 882 1950 χώραν
897 1871 996 1951 κρατή·
1045 1873 1095 1927 τῶν
1111 1873 1156 1940 τῆς
1178 1867 1251 1935 ἀξίας
1266 1867 1356 1926 ἕνεκα·
1374 1870 1397 1926 εί
1412 1867 1439 1926 δέ
1454 1867 1499 1926 καί
1519 1867 1638 1945 Πάρθους
1651 1869 1697 1926 καί
1716 1870 1811 1939 Μήδους

220 1985 327 2038 σσντος,
343 1962 388 2018 καί
401 1959 543 2036 Ῥωμαίων
558 1960 600 2018 διά
619 1960 662 2018 τθν
675 1960 733 2018 τάτε
746 1959 932 2034 συνιστάμενον
951 1960 998 2016 πά-
1043 1955 1088 2013 καί
1102 1956 1207 2035 Πέρσας
1216 1955 1427 2034 παραστήσοιτο,
1438 1955 1523 2013 οθκέτι
1534 1955 1679 2030 Ῥωμαίων
1690 1956 1811 2024 ἀνέξεσθαι

220 2051 299 2122 λεμον
320 2047 357 2124 μὴ
380 2046 595 2122 συμύαλλόντων.
623 2046 836 2125 Παρεληλυθέναι
856 2045 883 2104 δὲ
906 2048 931 2112 ἐς
951 2043 998 2116 τήν
1044 2042 1089 2113 τήν
1103 2046 1182 2102 αὑτοῦ
1196 2043 1385 2124 νοσφιζομένων
1398 2043 1493 2122 ἀρχὴν,
1511 2043 1578 2101 ἀλλά
1597 2044 1755 2122 θεράποντας
1771 2068 1811 2100 πε·

221 2135 321 2204 Μήδων
336 2135 378 2192 τόν
393 2159 421 2192 τε
434 2134 523 2212 Βασίχ
534 2135 577 2192 καί
591 2133 710 2214 Κουρσίχ
725 2133 782 2199 τοθς
794 2133 936 2213 θστερονές
952 2133 998 2204 τὴν
1045 2135 1156 2212 ριφανῶς
1178 2131 1345 2207 ἡγησάμενον
1367 2133 1540 2210 χαλεπώτερα
1559 2129 1690 2198 ἐπιτάξειν
1712 2132 1754 2188 καὶ
1773 2134 1812 2188 οὑκ

220 2221 330 2298 Ἰἰίιμην
349 2221 504 2292 ἐληλυθότας
518 2225 554 2288 εἰς
571 2222 730 2300 ὁμαιχμίαν,
747 2221 841 2301 ἄνδρας
856 2225 906 2279 τῶν
921 2226 997 2299 βασι·
1045 2218 1140 2277 ἀνεκτὰ
1154 2217 1259 2286 ἐκείνοις
1270 2219 1450 2295 ἐπιτάγματα.
1467 2207 1520 2277 ΡἮν
1537 2217 1565 2276 δέ
1580 2217 1659 2294 ἀξία,
1675 2211 1705 2288 ἧς
1720 2223 1733 2275 θ
1749 2222 1813 2278 Kosa·

220 2311 295 2368 λείων
312 2313 419 2370 Σκυθῶν
431 2309 476 2367 καὶ
490 2311 587 2368 πολλοῦ
601 2309 714 2378 πλήθους
725 2309 861 2388 ἄρχοντας.
876 2308 930 2369 Καὶ
940 2310 999 2376 τοθς
1045 2306 1194 2371 σταντίολος
1204 2305 1353 2379 ἐπεμνήσθη
1363 2349 1371 2376 ,
1382 2310 1529 2383 στρατηγοῦ
1540 2303 1695 2380 Ῥωμαίων,
1706 2297 1735 2375 ής
1745 2305 1813 2381 χάριν

221 2396 411 2469 διαθτύηκάτας
424 2395 517 2473 λέγειν,
531 2399 566 2463 ὑις
578 2396 675 2474 ἔρημον
689 2396 838 2461 ἐπελθόντες
851 2398 941 2474 χώραν
954 2397 998 2455 καί
1044 2397 1058 2451 θ
1070 2392 1193 2462 Ἀττήλας
1204 2392 1277 2471 παρὰ
1289 2390 1415 2470 βασιλέως
1424 2390 1542 2449 έδέδεκτο
1552 2396 1597 2448 τοῦ
1607 2395 1662 2458 τοῖς
1672 2392 1815 2472 στρατηγοῖς

221 2487 314 2558 λίμνην
325 2484 381 2542 τινά
393 2485 591 2562 περαιωθέντες,
601 2485 657 2554 ἣνθ
670 2483 806 2560 Ῥωμύλος
817 2481 865 2554 τήν
878 2486 998 2542 Μαιῶτιν
1044 2479 1238 2560 χορηγουμίνυυ
1250 2477 1297 2546 τάς
1308 2478 1439 2546 συντάξεις
1450 2479 1640 2554 ἐκπέμπεσθαι.
1656 2477 1765 2555 Ἔλεγεν
1777 2471 1815 2536 οὖν

221 2563 286 2629 εἶναι
302 2571 384 2652 ᾤετο,
394 2571 472 2630 πέντε
486 2572 532 2630 καὶ
549 2573 612 2628 δέκα
632 2569 818 2647 διαγενομένων
834 2575 937 2648 ἡμερῶν
951 2571 998 2649 ὄρη
1046 2565 1112 2644 μετθ
1125 2568 1231 2637 Μήδους
1242 2565 1287 2624 καί
1303 2566 1424 2646 Πάρθους
1434 2567 1478 2624 καί
1493 2567 1596 2645 Πέρσας
1605 2566 1814 2640 τοῦτοτθάνομα,

220 2659 279 2716 τινὰ
289 2659 445 2739 ὑπερὺἀντες
455 2663 480 2726 ἐς
490 2659 537 2731 τήν
550 2657 671 2731 Μηδικήν
684 2651 818 2718 έσέὸαλον.
831 2658 1000 2733 Ληϊζομένοις
1044 2655 1108 2734 ὅπερ
1126 2653 1202 2712 αὑτὸν
1222 2653 1358 2732 βούλονται
1369 2652 1500 2729 Ῥωμαῖοι
1510 2657 1608 2726 καλεῖν,
1618 2655 1666 2712 καὶ
1681 2654 1726 2723 τήν
1738 2653 1815 2726 ἀξίαν,

222 2749 250 2804 δέ
262 2748 307 2804 καὶ
318 2748 365 2817 τήν
378 2751 426 2821 γῆν
440 2746 632 2826 κατατρέχουσι
646 2747 742 2816 πλῆθος
753 2745 881 2824 Περσικὸν
894 2745 999 2804 ἐπελθὸν
1045 2749 1061 2822 ᾑ
1077 2741 1153 2800 αὐτὸν
1169 2739 1338 2818 τετιμηκέναι
1350 2740 1506 2816 νομίζουσιν,
1518 2743 1728 2818 ἀποσεισάμενον
1741 2743 1816 2816 ἀναγ-

220 2835 264 2892 τθν
279 2838 350 2910 σφῶν
362 2831 547 2912 ὑπερκείμενον
562 2834 627 2914 ἀέρα
638 2834 739 2902 πλῆσαι
752 2834 845 2912 βελῶν,
856 2830 924 2890 ὥστε
934 2840 1000 2910 σφᾶς
1046 2827 1134 2888 κάσειν
1150 2836 1217 2908 σφᾶς
1236 2827 1295 2886 ἀντὶ
1313 2833 1460 2906 στρατηγοῦ
1481 2829 1590 2906 βασιλέα
1611 2828 1816 2908 προσαγορεύειν.

221 2919 273 2978 δέει
282 2925 327 2979 τοῦ
339 2919 515 2998 κατασχόντος
525 2920 642 2978 κινδύνου
655 2921 828 2996 ἀναχωρῆσαι
839 2921 875 2984 εἶς
885 2919 1000 2975 τούπίσω
1045 2912 1117 2987 ’Πδη
1131 2914 1182 2993 γάρ
1196 2913 1241 2974 καί
1257 2915 1451 2992 χαλεπαίνοντα
1472 2917 1563 2988 εἰπεῖν,
1581 2919 1616 2981 ὡς
1634 2917 1726 2994 ἐκείνῳ
1740 2915 1784 2991 μὲν
1796 2917 1816 2972 ot

222 3111 314 3160 berturi
322 3112 464 3160 miraremur
472 3111 545 3160 enimi
554 3111 728 3172 impotentium,
739 3111 865 3167 ttomutus,
873 3110 909 3157 vir
917 3109 998 3157 multis
1044 3119 1143 3168 grossos,
1153 3107 1285 3168 peunitium
1294 3106 1382 3168 prendre
1390 3107 1504 3168 abegisse.
1536 3111 1647 3170 tttngnam
1658 3109 1723 3157 enirn
1733 3111 1818 3169 partem

222 3188 464 3236 honorificentissimis
484 3187 641 3249 legationibus
658 3189 754 3237 innotus
772 3190 797 3237 et
818 3186 896 3236 multo
917 3198 998 3235 rernm
1045 3183 1128 3232 itiedos
1139 3184 1283 3232 extorsisse:
1300 3183 1363 3244 ipsos
1370 3188 1461 3245 autent,
1473 3186 1500 3233 ut
1515 3188 1711 3246 persequentium
1722 3185 1818 3234 trrutirnu

222 3279 265 3313 usu
276 3265 398 3326 praeditus,
409 3266 451 3326 nit,
463 3265 567 3314 secunda
578 3267 672 3314 tortune
682 3269 706 3316 et
719 3267 824 3328 potentie
835 3265 890 3314 inde
899 3265 999 3313 ootteeto
1045 3263 1161 3324 impetum
1173 3263 1304 3322 evitarent,
1314 3262 1344 3309 ed
1354 3263 1425 3310 otium
1437 3265 1501 3311 viam
1516 3263 1655 3324 deflexisse,
1669 3269 1694 3314 et
1705 3279 1746 3328 per
1758 3265 1817 3320 toro,

221 3342 280 3390 niteo
290 3343 356 3390 titum
367 3341 455 3402 efferri,
468 3342 573 3402 utjustis
582 3343 731 3392 sermonibus
745 3344 839 3392 nntium
852 3341 916 3404 epod
927 3355 952 3390 se
962 3342 999 3389 to·
1045 3339 1086 3386 nbi
1096 3353 1126 3388 ex
1136 3342 1203 3400 petra
1217 3339 1338 3387 maritima
1350 3339 1446 3388 damme
1457 3340 1538 3399 ardet,
1551 3341 1615 3390 ittinc
1627 3343 1761 3402 proiectos,
1773 3377 1779 3387 .
1794 3379 1798 3386 .
1814 3377 1817 3384 .

222 3432 277 3466 eum
296 3418 455 3480 retinqneret,
470 3419 514 3468 nisi
527 3432 568 3467 eos
586 3433 617 3467 ex
633 3433 659 3468 re
672 3433 714 3468 soa
726 3433 777 3469 esse
795 3422 909 3468 censeret.
924 3421 999 3467 Nouio
1046 3415 1139 3465 dierum
1151 3417 1236 3470 itinere
1248 3416 1272 3464 in
1288 3415 1356 3465 sedes
1371 3430 1428 3465 sues
1441 3419 1575 3466 revertisse.
1590 3421 1669 3479 Atque
1683 3433 1714 3467 en
1727 3416 1818 3466 eosotis

222 3507 329 3555 tinorum
341 3507 433 3554 εοτυοι,
444 3495 486 3556 quii
496 3495 520 3542 iu
531 3497 636 3557 seythia,
649 3497 686 3544 net
695 3496 752 3544 atini
765 3498 908 3556 regnarunt,
921 3497 999 3543 tantas
1045 3494 1147 3556 vidisse,
1162 3508 1210 3543 non
1229 3508 1315 3556 mogno
1332 3495 1458 3544 intervutto
1474 3496 1596 3557 scythiam
1610 3509 1624 3544 e
1639 3498 1715 3546 Medis
1729 3497 1820 3544 distare.

222 3587 259 3620 res
273 3575 322 3622 inm
338 3572 404 3620 breui
421 3575 529 3635 tempore
541 3575 619 3634 gessit.
637 3575 721 3623 Totius
733 3577 837 3637 sentinae
849 3574 999 3623 dominatum
1045 3571 1207 3628 Quamobrem
1216 3572 1235 3620 si
1246 3572 1532 3633 nttttameupiooeepnit
1543 3573 1768 3632 Medosinvudendi,
1778 3585 1821 3620 non

221 3649 264 3696 sibi
276 3649 432 3710 comparavit,
440 3653 464 3697 et
473 3650 504 3697 nd
515 3651 604 3698 Ooeeui
614 3651 704 3699 insutas
711 3665 788 3712 nsque
796 3651 921 3712 imperium
929 3665 999 3698 sunm
1045 3649 1147 3696 miiitum
1157 3661 1236 3710 operte
1244 3652 1267 3697 et
1277 3649 1364 3697 loboris
1372 3649 1453 3697 isreem
1462 3649 1608 3698 intensionem
1617 3653 1822 3713 consumpturum,

222 3725 338 3784 extendit,
350 3727 378 3772 ut
390 3725 488 3774 etiamn
503 3726 616 3775 iiosunnis
628 3727 718 3775 tributa
729 3729 816 3789 exiget.
833 3731 881 3778 Neo
894 3727 930 3776 tus
939 3741 999 3775 eon·
1046 3739 1125 3788 neque
1135 3727 1227 3788 mugnis
1238 3727 1363 3777 itineribus
1372 3729 1525 3790 detntigntnm
1536 3729 1573 3787 iri,
1585 3731 1614 3778 nt
1623 3731 1716 3788 tiedos,
1728 3731 1823 3778 Parttnu

221 3804 316 3860 tentus,
326 3800 357 3848 ad
369 3801 438 3862 tonge
453 3801 542 3862 rusiora
558 3801 664 3850 animum
675 3803 775 3864 adjecit,
790 3807 815 3853 et
826 3803 897 3853 totins
908 3803 1000 3866 imperii
1045 3809 1069 3854 et
1081 3809 1163 3855 t‘ersas
1174 3805 1306 3866 adoriatur,
1316 3809 1341 3855 et
1352 3807 1513 3869 eognttributi
1530 3809 1630 3858 itiationi
1639 3822 1665 3858 se
1676 3809 1823 3858 submittere.

221 3878 259 3926 sni
268 3877 326 3929 unes
335 3877 478 3938 protendere
488 3879 512 3926 et
524 3881 605 3927 Perses
615 3879 677 3929 betto
688 3879 782 3942 aggredi
792 3881 888 3943 rogitet.
905 3884 957 3930 Uno
969 3895 999 3930 eu
1047 3884 1132 3934 Adesse
1145 3885 1208 3934 enim
1220 3885 1255 3934 itti
1270 3899 1368 3948 magnas
1381 3889 1470 3948 copias,
1483 3901 1544 3949 quas
1556 3889 1621 3936 notia
1633 3903 1693 3949 gens
1709 3889 1823 3936 sustinere

222 3955 291 4003 nobis
300 3957 432 4016 qrraerente,
442 3956 539 4016 quevis
548 3971 561 4006 e
571 3957 668 4018 Septiria
680 3957 703 4005 in
715 3961 796 4007 Perses
805 3958 902 4008 tendere
912 3961 999 4020 posset,
1045 3963 1126 4022 possit.
1139 3961 1211 4010 Nobis
1224 3975 1281 4011 vero
1290 3963 1437 4025 optantibus,
1448 3968 1475 4012 nt
1488 3965 1564 4013 Persis
1576 3978 1642 4012 erma
1655 3966 1765 4024 interret,
1776 3966 1823 4012 ete

222 4031 339 4079 ttomutus
348 4031 417 4091 dixit,
428 4045 475 4079 non
484 4032 553 4094 tongo
563 4033 672 4082 ioeorum
685 4035 810 4084 intervallo
820 4035 1001 4084 Medosdissitos
1046 4037 1145 4087 nobisiu
1155 4038 1208 4086 iitos
1218 4039 1272 4087 betti
1282 4040 1368 4088 motem
1380 4044 1512 4089 everteret:
1524 4061 1534 4083 ι
1545 4041 1684 4093 Verendum
1695 4045 1741 4100 est,
1751 4040 1826 4102 inqui

223 4119 296 4156 essee
307 4109 410 4169 Scythis,
421 4121 500 4170 noque
510 4111 611 4159 itunnos
622 4110 685 4160 hene
695 4113 758 4160 viam
771 4113 870 4173 nescire,
881 4113 921 4161 sed
931 4112 999 4171 oiim,
1045 4115 1236 4176 constentiotns,
1249 4129 1289 4177 ne,
1303 4117 1378 4164 Persis
1390 4117 1458 4166 tacite
1471 4117 1584 4178 devietis,
1595 4131 1642 4166 non
1657 4118 1709 4179 jam
1725 4118 1826 4178 auspitius

225 4185 287 4232 inme
297 4197 338 4245 per
347 4197 431 4234 eorum
441 4186 560 4246 regionem
571 4190 700 4250 grassante,
710 4202 787 4249 quum
797 4190 896 4238 Romani
905 4193 1000 4251 propter
1044 4190 1144 4250 nmiens,
1155 4191 1196 4240 sed
1206 4192 1316 4241 dominus
1326 4193 1349 4242 in
1363 4206 1406 4242 nos
1420 4197 1562 4243 revertetur.
1577 4215 1588 4237 ν
1605 4198 1675 4244 Nune
1686 4199 1752 4244 enim
1768 4209 1826 4242 auro

224 4261 329 4319 betium,
343 4262 408 4323 quod
426 4265 486 4310 tuno
503 4264 617 4324 temporis
634 4265 759 4328 gerebant,
772 4267 870 4315 mininie
887 4267 1000 4315 comitiis
1044 4273 1142 4331 aooeprto
1154 4284 1197 4333 pro
1207 4271 1322 4334 dignitato
1336 4285 1392 4321 eum
1405 4276 1544 4322 contentum
1558 4287 1617 4322 esse.
1628 4274 1721 4330 Quodsi
1737 4274 1825 4330 tttedos,

225 4337 309 4398 prestio
318 4337 477 4400 decertarent,
491 4340 535 4388 tue
550 4340 661 4402 irrupisse
670 4344 695 4391 et
704 4355 780 4404 risque
791 4344 821 4392 ad
837 4343 917 4392 Medos
934 4344 999 4392 Besi·
1046 4345 1146 4394 Parthos
1162 4348 1186 4394 et
1202 4347 1284 4395 Perses
1295 4347 1429 4408 domuerit,
1444 4347 1542 4397 minime
1562 4362 1618 4397 eum
1631 4352 1799 4399 Romanorum
1813 4361 1827 4397 e

223 4415 325 4462 simmei
331 4415 999 4481 cursietrum,dueesipsorum,eregiisseytbisoriundos,
1045 4436 1088 4472 suo
1103 4423 1238 4484 sejunctum
1251 4439 1350 4487 regnum
1363 4427 1548 4488 pessrnnm,sed
1557 4441 1599 4477 eos
1607 4429 1739 4478 manifesto
1748 4443 1827 4478 seruos

223 4493 368 4552 penetrasse,
386 4492 426 4553 qui
439 4495 521 4553 postea
532 4507 587 4542 cum
609 4509 693 4558 magne
709 4497 833 4546 bominum
844 4497 1000 4546 muititudine
1045 4513 1102 4550 suos
1112 4505 1277 4564 reputantem,
1294 4506 1375 4566 gravia
1387 4506 1432 4554 ittis
1444 4507 1468 4554 et
1479 4506 1635 4556 intolerabilia
1651 4509 1826 4570 imperaturum

222 4569 323 4616 domem
338 4567 368 4617 ed
381 4570 568 4620 contrabendum
586 4585 708 4621 armornm
720 4573 858 4623 societatem
872 4575 998 4624 venissent.
1045 4590 1105 4628 esse.
1138 4579 1245 4642 bigotius
1255 4584 1350 4642 numm,
1360 4582 1429 4643 eujus
1440 4582 1587 4632 mentionem
1597 4587 1782 4635 constentiotns
1795 4585 1828 4634 io·

225 4647 274 4693 ttos
292 4657 413 4706 narrasse,
427 4659 467 4707 per
481 4647 602 4709 quendem
621 4649 739 4698 desertam
759 4652 879 4712 regionem
892 4652 938 4701 ittts
956 4653 1000 4702 iter
1045 4655 1090 4716 cit,
1101 4659 1152 4705 eret
1162 4660 1326 4706 Romanorum
1344 4660 1493 4708 exercituum
1509 4659 1593 4722 ducis,
1605 4673 1680 4722 qnam
1699 4663 1788 4711 Attites
1798 4661 1828 4708 ab

228 4721 313 4782 tuisse,
327 4725 351 4771 et
363 4723 473 4783 poindem
486 4725 620 4786 trajecisse,
637 4740 710 4788 qnam
724 4729 839 4778 ttonnntus
850 4729 1000 4780 existimabat
1045 4735 1189 4794 imperatore
1200 4737 1338 4795 occeperat,
1352 4738 1375 4784 et
1385 4736 1502 4798 stipendia
1513 4737 1580 4798 ejus,
1592 4738 1634 4800 qui
1648 4740 1776 4788 exereitus
1791 4751 1829 4788 re·

224 4811 274 4847 esse
285 4797 419 4847 ttreotidem
431 4799 538 4862 :deinde
548 4803 684 4863 quindecim
692 4803 776 4854 diebus
783 4805 875 4867 elapsis,
887 4820 926 4868 per
934 4821 1000 4856 mon·
1044 4809 1129 4871 gebot,
1140 4811 1210 4859 misse
1220 4809 1265 4859 sibi
1274 4825 1322 4859 non
1338 4813 1470 4861 recusabat.
1484 4813 1601 4864 innuebat
1613 4815 1695 4876 igitur,
1710 4815 1828 4874 Attilam,

224 4880 260 4924 tes
269 4874 394 4936 uarosdam,
407 4889 468 4938 ηιιοε
477 4882 635 4940 superassent,
649 4881 673 4929 in
687 4881 790 4931 Mediam
800 4883 953 4933 descendisse.
965 4885 999 4933 tbi
1045 4885 1135 4946 Medis,
1149 4887 1240 4936 Peribis
1249 4890 1273 4935 ot
1287 4890 1362 4938 Persis
1373 4890 1490 4948 subactis,
1501 4891 1546 4939 boc
1556 4903 1656 4952 nomen,
1669 4905 1723 4954 quo
1739 4896 1828 4941 Βοττια-

225 4951 316 5014 pronius
325 4952 449 5012 agentibus
461 4958 485 5003 et
495 4956 675 5006 encrrrsiouibus
687 4972 755 5020 agros
763 4961 913 5010 instantibus
923 4961 999 5011 Persi·
1046 4965 1082 5013 nis
1092 4965 1159 5014 iilum
1172 4979 1258 5014 vocare
1271 4966 1350 5029 iubet,
1361 4971 1385 5016 et
1397 4969 1534 5030 dignitatem
1544 5005 1551 5030 ,
1562 4984 1634 5032 quanm
1645 4971 1678 5019 itti
1689 4973 1829 5021 ornamenti

226 5041 281 5075 eum
292 5039 375 5089 agnen
383 5031 551 5090 superveniens
560 5032 674 5082 tetisaero
686 5036 818 5097 repterisse.
830 5041 914 5100 ttnque
923 5039 1000 5087 immi·
1045 5044 1098 5090 loeo
1114 5055 1164 5091 esse
1180 5043 1342 5104 exsistimant,
1354 5047 1546 5108 repudiatumm,
1557 5050 1581 5097 et
1593 5063 1635 5110 pro
1650 5049 1715 5098 dirce
1728 5053 1828 5098 coaeto-

226 5105 303 5153 nentis
319 5105 417 5166 pterieuti
431 5109 496 5156 metu
510 5109 735 5173 retroabseessisse,
752 5117 776 5161 et
795 5127 836 5175 pru
855 5116 998 5165 rnoutesre·
1046 5123 1403 5184 rumeosserrgemnppeitnre.
1435 5125 1828 5187 temtumenimindignatusdi·

1304 5273 1311 5300 t
