3930 5754
206 371 261 422 snt
796 353 953 415 totuuts
975 352 1211 414 antiocneni

204 490 350 568 ὑπερόπτης
364 509 392 546 τε
414 485 459 546 καί
479 484 595 554 ἀλαζών·
609 483 665 544 ύθεν
691 487 736 544 καί
758 484 805 557 τὴν
828 483 979 560 ἐπωνυμίαν
1026 483 1178 542 δυναστείαν
1193 481 1260 558 μιτίι
1271 489 1374 550 πειθοῦς
1386 483 1592 564 ἀναληψόμενος.
1607 487 1760 556 Ἇπεωσθείς
1776 487 1804 550 δέ

204 577 300 646 ταύτην
317 573 497 651 ἀπηνέγκατο·
517 571 681 650 Σουπέρύους
695 571 746 650 γδρ
769 572 827 636 τοὺς
845 569 978 650 ύπερηραί·
1026 570 1075 630 iiii
1086 575 1137 630 τῶν
1150 573 1275 647 πολιτῶν,
1286 573 1418 652 ἀπεχώρει
1430 571 1476 630 σύν
1489 582 1542 640 τοῖς
1551 575 1660 647 οἰκείοις,
1675 579 1803 656 βασιλεύ-

205 687 261 730 νοος
273 661 405 738 ὠνόμαζον
418 659 555 736 Ῥωμαῖοι.
1025 683 1073 727 σας
1087 659 1132 728 ίτη
1156 657 1177 716 δ’
1194 659 1257 736 πρὸς
1268 663 1321 725 τοῖς
1341 666 1376 721 κ’.
1401 659 1468 719 iiot'
1487 658 1515 718 δν
1529 660 1560 732 δὴ
1577 662 1669 742 χρόνον
1692 667 1803 736 ἡπόλις

1026 745 1142 816 ἀπελύθη
1168 749 1214 817 τῆς
1234 745 1395 824 τυραννίδος,
1417 745 1483 804 tiit
1498 746 1545 823 μέν
1559 749 1690 807 δυναστῶν
1710 751 1805 830 έρεξῆς

1025 832 1207 912 ιίνασγομίνη,
1222 833 1280 913 τρία
1304 832 1331 892 δί
1349 834 1394 892 καί
1417 833 1445 908 μ’
1461 834 1505 892 καλ
1525 834 1549 893 σ’
1572 833 1641 895 κατίι
1656 839 1803 916 μοναρχίαν

243 924 311 979 Exc.
325 923 367 978 De
383 921 466 977 insid.
482 939 512 994 p.
531 939 545 989 7
567 938 573 976 :
592 913 657 976 Ὀτι
668 917 815 996 Ταρκύνιος
832 913 980 996 Σούπιρθος
1026 919 1071 992 έτη
1084 921 1306 998 πολιτευσαμένη,
1319 921 1532 998 συνεσταλμένων
1546 924 1612 1002 αὐτῇ
1624 928 1676 982 τῶν
1692 929 1739 996 τῆς
1753 906 1802 1007 'iip-

203 1006 254 1078 ἧδη
276 1006 357 1084 γέρων
373 1002 409 1061 ὢν
432 1005 550 1062 ἐκπίπτει
567 1007 612 1074 riu
633 1003 797 1074 δυναστείας,
820 1004 904 1060 πάλαι
933 1000 980 1078 μὲν
1023 1011 1073 1086 γῆς
1093 1010 1159 1088 ὅροιν
1175 1007 1228 1082 ἔτι,
1242 1010 1272 1067 οὐ
1285 1006 1353 1086 πέρα
1367 1031 1395 1066 τι
1411 1007 1523 1067 σταδίοιν
1539 1009 1574 1088 ρ’,
1590 1010 1650 1071 ἔνθα
1666 1011 1698 1084 at
1718 1013 1803 1087 μήκι-

204 1093 306 1162 titia<
318 1091 360 1150 διδ
374 1090 523 1170 &Vltimi
539 1089 708 1166 plaudatum,
723 1089 781 1148 ³4¹⁵
804 1088 835 1160 δ’]
859 1089 904 1148 καί
920 1089 980 1147 νῑῦ·
1025 1116 1096 1168 στον,
1124 1093 1291 1170 ίκτισμίνων.
1312 1095 1446 1156 Ἐντεῦθεν
1468 1095 1583 1174 ἐγένοντο
1606 1097 1631 1176 β’
1649 1103 1801 1176 κονσοῦλοι,

204 1203 294 1246 σαντσς
302 1186 346 1239 τοῦ
355 1181 468 1250 πλήθους
476 1181 500 1245 ές
510 1178 621 1258 ρανερδν
633 1177 778 1236 ἀπόστασιν
786 1181 818 1256 τῇ
827 1182 871 1234 τοῦ
880 1177 978 1252 θμωνύ·
1024 1179 1066 1248 ott<
1074 1179 1204 1254 Ἕλληνας
1215 1181 1328 1250 θποίτους
1343 1182 1385 1240 διδ
1399 1181 1445 1254 τλν
1461 1183 1591 1264 ὑπεροχὴν
1602 1187 1740 1246 ἐκάλεσαν,

205 1292 254 1344 μου
268 1268 359 1334 παιδὸς
369 1267 506 1346 ἀκολασία.
518 1265 552 1326 ‘O
563 1265 608 1341 μέν
620 1265 670 1344 γδρ
680 1266 770 1344 ἔτυχεν
779 1265 976 1342 τὴνἏρδεατῶν
1249 1305 1251 1310 ,
1389 1295 1425 1354 33

203 1356 409 1435 περικαθήμενος
420 1354 495 1411 πόλιν
507 1353 551 1412 καί
562 1357 593 1430 (l.
608 1351 685 1430 δέκα]
698 1353 763 1431 πρὸς
773 1355 825 1418 τοῖς
836 1351 857 1430 ρ’
869 1352 980 1419 σταδίοις
1428 1339 1436 1356 ’

203 1449 248 1514 τῆς
258 1443 365 1518 Ῥώμης
375 1441 568 1522 ἀπῳκισμένην.
576 1441 720 1519 Ταρκύνιος
728 1442 764 1513 δέ,
776 1446 789 1500 ὁ
798 1447 843 1500 τοῦ
854 1441 980 1520 βασιλέως

203 1530 354 1606 ὁμώνυμος,
378 1529 539 1606 Λουκρητίαν
561 1529 686 1604 γυναῖκα,
708 1527 796 1602 γένους
819 1529 891 1600 παρὰ
910 1528 979 1590 Ῥοι-

204 1619 290 1694 μαίοις
308 1618 523 1696 γνωριμιυτιίτου,
539 1617 692 1696 Κολλατίνῳ
707 1621 885 1692 συνοικοῦσαν,
900 1618 977 1694 ίμία-

203 1731 254 1766 νεν.
276 1703 497 1775 Ὶῧπανελθούσης,
512 1705 557 1762 καί
576 1708 613 1782 τῷ
624 1703 705 1784 πατρί
720 1709 752 1782 τῇ
766 1727 793 1762 τε
810 1705 887 1782 λοιπῇ
900 1727 979 1762 κατε-

205 1793 302 1868 μήνυσε
317 1792 452 1871 συγγενείᾳ
465 1796 502 1871 τῷ
511 1815 538 1850 τε
550 1793 637 1870 ἀνδρί,
655 1791 843 1871 ίπαρασαμένη
855 1815 882 1849 τε
894 1793 979 1851 πολλὰ

203 1882 255 1947 τοῖς
265 1879 308 1960 ἄρ’
319 1878 444 1955 αἵματος,
458 1881 480 1936 εί
494 1879 540 1949 τὴν
554 1877 689 1957 συμρορίιν
704 1881 783 1948 αὐτῆς
798 1877 979 1936 καταλείποιεν

204 1965 379 2044 ἀτιμώρητον,
397 1965 554 2042 σπασαμένη
566 1965 596 2023 τὸ
615 1965 695 2046 ίίρος,
715 1963 779 2045 ὅπερ
793 1965 842 2024 ὑπδ
855 1973 909 2032 τοῖς
920 1965 979 2024 κόλ-

203 2076 261 2120 ποις
271 2057 373 2134 διρανῶς
385 2053 483 2134 έρερεν,
495 2053 589 2122 ἑαυτὴν
603 2055 629 2110 έν
641 2052 697 2128 τίθει
707 2057 757 2111 τῶν
768 2053 903 2132 παρόντων
930 2076 977 2110 κα-

567 801 614 871 37.

1063 1399 1136 1459 ibid.
1151 1419 1180 1474 p.
1202 1419 1217 1472 7
1236 1419 1242 1455 :
1256 1397 1320 1458 “Ort
1334 1401 1442 1478 Δαριῐος
1454 1401 1468 1456 ὁ
1482 1399 1589 1478 Περσῶν
1608 1403 1731 1479 βασιλεῦς
1744 1403 1802 1482 Ἄρ·

1024 1483 1109 1560 σίμου
1123 1493 1198 1561 παῖς,
1212 1485 1290 1566 μέχρι
1299 1489 1345 1555 τῆς
1356 1483 1424 1543 κατὰ
1437 1487 1557 1544 Βιθυνίαν
1575 1490 1744 1559 Χαλκηδόνος
1756 1491 1803 1558 τίς

1024 1571 1148 1650 στρατιδις
1161 1572 1339 1650 προόιῦοίσας,
1354 1572 1404 1630 ὑπὸ
1425 1575 1529 1631 πολλῶν
1550 1597 1578 1633 τε
1593 1576 1720 1655 βασιλέων
1734 1580 1805 1657 δορυ-

1024 1658 1191 1738 φορούμενος,
1206 1661 1250 1718 καί
1269 1660 1402 1738 μεγίσταις
1416 1662 1546 1742 ίντρυρῶν
1563 1663 1740 1742 παρατάξεσι,
1759 1667 1803 1725 τὸν

1024 1747 1070 1822 μὲν
1095 1745 1144 1803 θπδ
1164 1745 1275 1822 Βαγώου
1289 1751 1333 1804 τοῦ
1359 1747 1499 1826 προκοίτου
1522 1749 1632 1808 θάνατον
1655 1751 1803 1831 διαρυγών,

1025 1833 1101 1892 αὐτόν
1126 1857 1155 1892 τι
1173 1834 1203 1893 τδ
1220 1833 1430 1914 προσφερόμενον
1448 1843 1517 1892 πιεῖν
1531 1837 1684 1914 ἀναγκάσας
1699 1839 1803 1918 φέρμα-

1024 1943 1078 1992 κον,
1091 1927 1260 2002 παραχρῆμα
1278 1921 1428 2002 διίρθειρεν.
1444 1921 1498 1980 Καὶ
1512 1925 1526 1978 ὁ
1542 1923 1588 1998 μίν
1604 1923 1716 2000 Βαγώας
1729 1926 1803 1992 δίκας

1024 2011 1138 2076 ύποστδς
1148 2001 1184 2067 ῶν
1195 2009 1255 2084 περί
1262 2007 1320 2076 τοὺς
1331 2009 1471 2088 προτέρους
1480 2009 1581 2087 ἥμαρτε
1595 2009 1731 2088 βασιλέας,
1746 2010 1804 2092 Ἀρ-

202 2141 368 2222 ττιργοίσατο.
382 2143 467 2201 Τοῦτο
480 2140 506 2199 δὲ
520 2139 578 2206 τούς
591 2163 618 2198 τε
632 2141 725 2207 ἄλλους
738 2143 774 2206 είς
790 2139 868 2220 ὀργὴν
882 2144 979 2221 ἀνῆψεν
1024 2118 1108 2220 σαμοον
1122 2120 1150 2240 ἔτι
1165 2097 1211 2155 καί
1224 2088 1382 2241 ᾯχίὲρῦπο
1391 2118 1437 2204 τοί
1451 2097 1519 2240 ἰξίουγ
1530 2117 1669 2204 φαρίίακου
1685 2100 1804 2204 hvid·

203 2229 268 2309 ἐλέῳ
277 2233 323 2298 τῆς
334 2227 468 2308 ἀνθρώπου
483 2225 676 2307 (παρῆσανγδιρ
686 2229 733 2284 οὐκ
744 2225 826 2304 ὀλίγοι
838 2225 979 2302 Ῥωμαίων
1023 2205 1066 2328 {m
1093 2187 1148 2288 δαὶ
1162 2188 1273 2294 ,Λαμίας
1288 2203 1314 2251 ε’
1340 2205 1447 2292 meo<
1477 2207 1508 2241 ω
1526 2186 1804 2292 ,μησιδυναστωωῆ

203 2317 246 2376 ίπὶ
259 2316 319 2374 θέαν
331 2322 375 2375 τοῦ
387 2315 511 2392 πόθους),
524 2315 569 2372 καί
581 2317 629 2393 ούγΙ
640 2313 735 2384 ἥκιστα
748 2317 868 2392 Βροῦτον,
880 2314 980 2392 προσή-
1042 2293 1079 2346 μα
1090 2295 1127 2352 τῳ
1144 2276 1191 2352 βιῳ
1201 2294 1246 2330 ²⁸⁸
1258 2271 1305 2342 τὴν
1318 2272 1456 2349 βασιλειαν
1468 2275 1621 2334 mmm

203 2425 282 2462 κοντα
302 2401 348 2480 μέν
363 2403 431 2460 κατὰ
450 2401 522 2478 γένος
542 2401 641 2479 ἐκείνη,
657 2401 738 2478 ἄνδρα
753 2401 780 2459 tt
798 2401 936 2474 δημοτικόν
950 2425 979 2459 τι
1393 2385 1439 2460 39·

134 2523 140 2534 ·
203 2489 248 2547 καί
272 2488 467 2568 μισοτύραννον,
488 2487 515 2554 δς
531 2487 687 2563 μάλιστατὸ
705 2491 801 2558 πλῆθος
815 2490 850 2554 τίς
864 2486 911 2559 την
927 2493 978 2548 τῶν
1063 2489 1229 2547 Exe.Salm.
1244 2508 1273 2563 p.
1291 2487 1346 2562 δρα
1362 2509 1369 2542 :
1388 2487 1495 2566 Δαρεῖος
1511 2487 1589 2554 toti<
1609 2487 1753 2570 Ἄρσαίμου,
1773 2495 1802 2549 ὃν

204 2575 333 2653 βασιλέων
347 2575 447 2652 ἤγειρεν
462 2574 615 2644 ἀπόστασιν,
627 2572 746 2652 ἀφείλετό
762 2597 790 2631 τι
806 2578 850 2645 τῆς
864 2573 979 2642 ἐξουσίας
1022 2573 1182 2634 θΜακεδών
1194 2575 1313 2633 καθεῖλεν
1330 2573 1509 2650 Ἀλέξανδρος,
1527 2577 1718 2656 προσαχθείσης
1730 2581 1805 2636 αὐτῶ

203 2663 335 2727 παντελῶς
348 2662 391 2719 τδν
407 2660 564 2738 Ταρκύνιον.
576 2658 647 2735 ΙἍμα
661 2661 711 2738 γὰρ
724 2666 754 2738 τῇ
767 2661 834 2719 κατδι
843 2661 890 2732 τὴν
903 2663 978 2719 πόλιν
1022 2661 1124 2728 κύλικος
1145 2660 1195 2719 ὑπὸ
1216 2659 1328 2737 Βαγώου
1342 2667 1387 2719 τοῦ
1404 2661 1534 2740 εὐνούχου,
1556 2661 1703 2740 ἠνάγκασεν
1724 2639 1804 2723 αὐτῶν

203 2749 376 2808 ίπαναστοίσει
388 2748 433 2806 καί
444 2753 460 2819 ἡ
473 2747 536 2828 πρὸς
546 2746 594 2818 τὴν
608 2745 716 2826 Ἄρδιαν
728 2741 792 2806 adea
806 2749 915 2826 στρατιδ
926 2751 978 2806 τῶν
1022 2758 1100 2826 πιεῖν,
1114 2749 1161 2808 καί
1174 2747 1241 2807 πιὼν
1253 2753 1267 2807 θ
1278 2747 1390 2826 Βαγώας
1400 2751 1536 2808 ἀπέθανεν.

202 2834 352 2910 Ῥωμαίων,
369 2837 531 2893 ἀπολιποῦσα
544 2833 589 2892 τὸν
599 2833 722 2914 τύραννον
730 2834 827 2912 ᾤχετο,
840 2833 978 2894 ούδὲνούτα
1064 2857 1088 2896 α.
1102 2835 1167 2895 Ὅτι
1182 2835 1251 2894 κατὰ
1263 2835 1322 2903 τοὺς
1331 2835 1451 2916 ‘titonia
1466 2835 1656 2914 χρόνουςΝἷγος
1667 2839 1711 2895 καί
1724 2841 1803 2915 Σεμί·

202 2921 459 2989 δνακαλοῦντοςοιίδέ
473 2919 557 2997 μένειν
570 2920 894 3001 δεομένουπερροντικυία.
907 2925 978 3000 Ταρ-
1023 2945 1101 2998 ραμις
1124 2921 1408 3004 testitimonia
1431 2922 1498 2989 τινὸς
1518 2925 1644 3000 βασιλέως
1666 2927 1804 3002 Αἰγύπτου

201 3009 286 3077 κύνιος
300 3009 327 3068 δέ
347 3018 399 3075 τοῖς
419 3015 546 3088 παροῦσιν
573 3011 718 3087 ἀμηχανῶν
739 3009 850 3079 ἤλαυνεν
872 3008 915 3068 ἐπί
931 3009 978 3080 τὴν
1022 3008 1133 3076 πολλοὺς
1151 3014 1202 3068 τῶν
1225 3009 1371 3089 προσοίκων
1392 3010 1656 3087 καταγωνισαμένου,
1673 3013 1719 3069 καί
1744 3013 1804 3080 τούς

202 3097 322 3174 Ῥώμην,
336 3101 370 3163 ὡς
383 3097 535 3176 παύσωντῇ
551 3097 658 3175 παρόδῳ
671 3095 718 3166 τὴν
732 3094 860 3175 ταραχὴν,
876 3096 977 3167 κοίτην
1022 3095 1175 3175 ληστρικοθς
1197 3096 1291 3176 ἄνδρας
1314 3097 1568 3177 μεταρρυθμίσαντος
1580 3096 1644 3176 πρὸς
1666 3097 1700 3154 τίι
1711 3099 1804 3178 ριλοίν-

232 3267 271 3312 Fr.
282 3268 320 3314 ³7.
338 3263 428 3312 Eadem
438 3263 497 3311 serie
506 3261 630 3311 cedrenus
643 3273 667 3321 p.
679 3267 731 3310 262.
744 3291 773 3301 -
782 3262 822 3308 καί
834 3261 956 3318 νεύσαντος
965 3267 1006 3310 τοῦ
1020 3263 1136 3324 πλήθους]
1149 3263 1295 3319 κινεύσαντσς
1310 3263 1337 3312 τὸ
1348 3263 1434 3321 πλῆθος
1445 3263 1534 3323 οοᾱοκς
1542 3263 1637 3318 κινήσας
1647 3264 1673 3312 ιδ
1682 3265 1723 3310 πλ.
1736 3265 1801 3324 σοιτί.

200 3337 307 3384 Cramer.
315 3359 346 3368 —
355 3330 589 3395 inuisitatem]
600 3331 636 3381 Ab
644 3343 695 3380 etta.
709 3333 828 3392 corrupta.
836 3331 937 3381 cottion.
952 3351 958 3380 ι
970 3333 984 3388 ἡ
996 3330 1020 3378 δέ
1032 3334 1058 3381 τὸ
1072 3335 1123 3395 περὶ
1131 3333 1202 3390 αὐτὴν
1211 3333 1313 3394 ἀδίκημα
1320 3337 1355 3394 τῷ
1361 3349 1386 3381 τε
1395 3333 1457 3394 ἀνδρί.
1465 3334 1545 3394 μικρὸν
1553 3333 1647 3394 ὕστερον
1655 3333 1803 3382 simitum

200 3408 240 3454 καὶ
249 3403 358 3466 τῷπατρὶ
368 3404 408 3450 καὶ
417 3409 445 3463 τῇ
454 3406 523 3464 λοιπῇ
531 3419 554 3450 κ,
565 3417 618 3461 συγ.
626 3429 654 3442 -
664 3401 763 3462 sumpta
773 3400 825 3448 haic
834 3413 862 3448 ει
874 3402 981 3450 versione
991 3403 1096 3463 Eutropii
1105 3406 1124 3460 t,
1134 3409 1162 3452 s:
1174 3406 1266 3452 Postea
1276 3401 1385 3452 Ardeam
1394 3413 1557 3464 oppansam,
1566 3406 1593 3450 tn
1603 3406 1694 3452 aalaao
1702 3403 1803 3452 decima

200 3474 329 3522 milliaria
339 3473 371 3520 ab
381 3473 445 3520 arte
452 3475 562 3535 positam
574 3472 865 3532 civilatem,iinperium
871 3470 997 3532 perdidit.
1007 3473 1075 3519 Νοοι
1085 3471 1241 3534 qnamflttas
1249 3475 1313 3532 ejus.
1324 3477 1349 3524 et
1359 3476 1412 3534 ipre
1422 3473 1687 3534 Tarquiniusjitnior,
1697 3473 1804 3522 nobilis·

199 3547 294 3593 atinam
302 3543 434 3603 seminam
452 3544 611 3594 Lucretiam,
629 3539 787 3602 eandemque
795 3541 1002 3601 pudicissimam,
1016 3542 1142 3591 Collatini
1154 3555 1275 3604 uxorem,
1286 3546 1444 3605 stuprasset,
1455 3555 1537 3604 eaque
1552 3542 1584 3592 de
1594 3544 1694 3604 injuria
1707 3547 1805 3592 marito

199 3619 225 3665 el
236 3617 309 3676 patri
325 3617 351 3662 et
361 3615 449 3661 amieis
460 3615 550 3674 questa
559 3611 672 3672 suisset,
685 3614 712 3658 tn
726 3613 841 3658 omnium
851 3613 1021 3672 conspectura
1033 3610 1133 3660 occidit.
1147 3615 1256 3674 Propler
1265 3626 1345 3675 quant
1358 3625 1465 3662 causant
1479 3615 1593 3673 Brutus,
1601 3624 1698 3674 ραι-ται
1711 3617 1736 3662 el
1750 3617 1805 3675 ipse

204 3685 355 3746 Tarqmnit,
375 3682 501 3742 ροριιίιιαι
519 3683 670 3739 concitavit,
688 3682 713 3728 el
735 3681 876 3742 Tarquinia
892 3678 990 3728 ademit
1008 3683 1153 3740 imperium.
1172 3685 1235 3732 tlon
1252 3687 1377 3732 exereitus
1398 3694 1586 3745 quoquotum,
1607 3683 1652 3743 qui
1669 3685 1804 3733 civilatem

200 3754 311 3805 Ardeam
327 3765 385 3802 eum
400 3754 453 3811 ι’ρεο
464 3763 521 3810 τερα
531 3748 712 3810 ορρυροαοαι,
724 3748 831 3810 reliquit
845 3768 851 3796 ι
866 3751 1017 3811 veniensque
1028 3750 1065 3798 ad
1071 3752 1160 3801 artem
1168 3766 1216 3801 rea
1224 3755 1305 3814 portis
1314 3753 1410 3802 clausis
1420 3753 1539 3801 exalonis
1548 3755 1594 3800 est.
1608 3755 1742 3814 οααοιραε
1752 3757 1803 3804 im·

198 3826 315 3887 parasset
323 3835 405 3871 annos
416 3822 506 3881 otaiitli
514 3823 637 3881 quinque,
647 3830 705 3866 mim
714 3831 796 3866 uxore
805 3821 829 3865 et
839 3818 930 3866 lilieris
938 3818 1074 3882 suisfuqit.
1086 3825 1127 3872 llo
1135 3827 1218 3873 ltamae
1225 3827 1362 3884 παρασίτιον
1372 3826 1410 3872 est
1418 3836 1465 3884 per
1472 3825 1566 3885 sepiem
1574 3833 1644 3882 reyes
1653 3827 1733 3871 annis
1741 3828 1803 3886 ata,

199 3907 280 3958 quum
288 3892 375 3943 aditae
386 3894 477 3948 tonia,
486 3890 530 3937 utu
541 3889 697 3950 plurimum,
711 3889 755 3934 oin
764 3899 844 3949 usqua
854 3887 890 3935 ad
899 3891 1021 3949 quintam
1030 3890 1155 3941 decimum
1164 3893 1326 3942 milliarium
1337 3893 1486 3956 possideret.
1501 3895 1567 3941 ltine
1576 3893 1692 3941 eonsules
1704 3906 1804 3954 erepere

197 3977 246 4026 ρτο
255 3977 308 4012 uno
317 3974 374 4024 rme
383 3960 434 4010 duo
445 3959 493 4008 ltae
502 3959 533 4007 de
542 3971 622 4007 causa
631 3961 729 4012 creari,
740 3961 783 4014 ul,
794 3961 816 4004 si
824 3970 891 4006 unus
899 3960 985 4008 nialus
993 3973 1045 4008 esse
1053 3963 1181 4018 voluisset.
1191 3964 1260 4010 aller
1267 3975 1333 4019 eum,
1342 3961 1437 4011 liabens
1443 3965 1592 4024 patestatem
1599 3963 1721 4017 similem,
1730 3975 1803 4010 eaer-

199 4037 274 4084 cerat.
285 4036 319 4082 at
329 4033 429 4092 placuit
439 4031 613 4089 metropolium
621 4028 721 4087 lanatus
729 4039 809 4088 aliam
818 4039 917 4075 annum
927 4041 1008 4078 anam
1016 4031 1154 4089 haberem,
1165 4047 1196 4084 ne
1208 4047 1256 4095 ρει·
1265 4033 1471 4083 diuturnitatem
1478 4035 1613 4094 potestatis
1622 4033 1804 4084 insolentiores

199 4103 382 4159 redderentur,
391 4100 435 4148 seii
445 4099 529 4148 ciuiles
542 4101 746 4159 temperassent,
757 4099 800 4158 qui
812 4109 837 4144 se
846 4101 902 4158 post
912 4111 1010 4148 onnam
1022 4103 1232 4163 scirentsuluros
1242 4115 1294 4152 esse
1303 4105 1428 4164 priuatos.
1439 4127 1467 4137 -
1479 4103 1529 4159 τὴν
1543 4099 1671 4164 ’λρδεαυ]
1682 4101 1803 4166 cedren.;

197 4173 317 4234 τὸνάνδρα
330 4170 383 4218 coll-
394 4165 631 4229 -δπεινσδεὶς1
652 4165 765 4223 (ίθιίῐδθιι
783 4167 926 4222 ἀπεικασθεὶς
935 4168 1026 4218 cod-
1037 4171 1112 4234 ὅρων]
1131 4173 1190 4235 δρῶν
1205 4173 1245 4229 έτη
1263 4171 1316 4222 aad.
1329 4199 1359 4212 -
1371 4171 1502 4220 ἐντεῦθεν
1516 4173 1650 4231 ἐγένοντο
1666 4171 1735 4233 κτλ]
1753 4173 1804 4222 Pte·

199 4243 254 4292 ttius
265 4243 317 4292 haec
332 4243 375 4300 (ex
391 4244 449 4289 uxo.
467 4239 580 4300 ioannis)
592 4237 667 4287 tutti
678 4237 763 4286 suidas
778 4251 784 4283 ι
798 4237 923 4286 Ὗπατοι
930 4274 938 4299 ,
950 4243 972 4288 ol
984 4242 1025 4294 τὴν
1034 4246 1079 4290 τῶν
1088 4237 1210 4302 Ῥωμαίων
1221 4241 1337 4289 πολιτείαν
1347 4241 1492 4293 διοικοῦντες.
1509 4239 1690 4300 Ἀποσεισαμένη
1705 4241 1751 4304 γὰρ
1760 4243 1804 4299 τὴν

198 4311 302 4362 δουλείαν
314 4313 329 4367 ἡ
339 4309 443 4358 πολιτεία
453 4309 510 4370 μετὰ
520 4308 616 4354 θάνατον
627 4305 755 4368 Ταρκυνίου
762 4306 802 4354 δύο
811 4312 956 4368 στρατηγοῖς,
967 4309 1109 4358 ἑνιαυσιαίαν
1118 4311 1211 4371 ἔχουσιν
1223 4311 1295 4370 ἀρχὴν
1301 4345 1308 4368 ,
1316 4311 1357 4366 τὴν
1368 4307 1473 4362 ἐξουσίαν
1484 4307 1603 4370 ἐπέτρεψε·
1611 4312 1644 4368 τῷ
1657 4309 1698 4366 μὲν
1711 4309 1803 4372 ἀριθμῷ

197 4387 245 4430 τῶν
257 4381 344 4442 ἀνδρῶν
353 4379 392 4426 τὸν
401 4384 441 4435 τῆς
451 4377 576 4439 μοναρχίας
588 4376 729 4438 διωθουμένη
739 4375 809 4437 ρόῦον
818 4409 824 4430 ,
834 4381 867 4436 τῷ
877 4376 901 4424 δὲ
911 4379 1086 4440 συνεσταλμένην
1097 4385 1137 4436 τῆς
1149 4379 1252 4434 ἐξουσίας
1263 4379 1366 4439 μετρίους
1380 4379 1432 4432 τοὺς
1444 4378 1467 4424 ἐν
1476 4383 1505 4439 τῄ
1515 4378 1647 4440 προστασία
1658 4383 1705 4426 τῶν
1715 4386 1802 4427 κοινῶν

198 4449 380 4513 ἀπεργαζομένη.
391 4448 419 4495 Ὁ
429 4448 520 4508 γάρνῦν
530 4448 575 4493 ὑπὸ
585 4445 690 4494 natinaei
700 4461 725 4492 τε
732 4447 771 4492 καί
782 4445 872 4508 ρέῦδοις
881 4447 1072 4509 δορυφορούμενος
1081 4449 1121 4496 καὶ
1132 4450 1292 4509 στρατοπέδων
1302 4447 1450 4507 ἐξηγούμενος
1459 4481 1466 4503 ,
1475 4451 1515 4503 τῆς
1526 4445 1576 4507 μετ’
1585 4446 1662 4506 ὀλίγον
1671 4449 1803 4506 μεταῦολης

198 4523 230 4577 είς
247 4521 334 4568 ἔννοιαν
348 4517 530 4578 καθιστάμενος,
543 4513 632 4576 μέτριόν
645 4531 670 4562 τε
688 4517 727 4562 καί
744 4515 869 4575 δημοτικὸν
879 4521 986 4578 παρεῖχεν
1000 4517 1081 4567 ἑαυτὸν
1090 4522 1138 4572 τοῖς
1152 4519 1295 4580 θρχομένοις’
1309 4519 1329 4566 εἰ
1342 4519 1361 4566 δ’
1374 4517 1421 4578 ἄρα
1429 4533 1463 4570 τις
1474 4517 1563 4578 βαρέως
1573 4531 1598 4564 τε
1608 4517 1647 4564 καί
1657 4516 1802 4574 ὰλαζονικεῐνς

197 4595 276 4654 χρῷτο
290 4595 320 4650 ιη
335 4587 471 4646 δυναστείᾳ,
482 4585 565 4648 ῥαδίως
577 4584 643 4640 οὗτος
654 4585 700 4632 ὑπὸ
711 4585 806 4646 θατέρου
818 4590 864 4632 τῶν
874 4586 992 4646 ἡγεμόνων
1002 4623 1008 4646 ,
1019 4589 1119 4647 ίσοπαλῆ
1130 4589 1224 4650 δύναμιν
1235 4589 1328 4652 ἔχοντος
1337 4624 1344 4650 ,
1354 4592 1481 4651 γυμνοῦται
1496 4591 1538 4634 τοῦ
1551 4587 1703 4650 φρονήματος.
1717 4587 1802 4651 Τούτῳ

198 4661 238 4710 οὖν
248 4661 276 4717 δὴ
285 4663 320 4722 τῷ
330 4658 409 4721 τρόπῳ
417 4662 457 4714 τῆς
467 4655 581 4711 πολιτείας
592 4656 707 4718 φυγούσης
721 4656 850 4718 τυραννίδος
863 4657 980 4717 βαρύτητα
990 4661 1029 4706 καὶ
1039 4657 1194 4724 δημοκρατίας
1204 4658 1332 4708 ἀκολασίαν
1342 4694 1349 4716 ,
1359 4657 1525 4720 προχειρίζεται
1535 4657 1640 4718 πρώτους
1655 4659 1802 4718 στρατηγούς

198 4728 367 4791 αὐτοκράτορας
377 4728 458 4788 ἄνδρας
468 4726 509 4774 δύο
518 4761 524 4783 ,
537 4728 681 4782 Κονσούλους
694 4727 776 4780 αὐτοὺς
788 4725 927 4786 ὀνομάσασα
936 4761 942 4784 ,
956 4727 995 4774 oia
1004 4727 1032 4784 δν]
1042 4727 1182 4786 προόούλους
1195 4729 1234 4774 καί
1247 4726 1388 4789 προηγύρους
1398 4725 1475 4779 τινας·
1487 4725 1526 4780 ot<
1536 4723 1645 4781 Ἕλληνας
1655 4725 1714 4786 μετὰ
1725 4731 1802 4774 ταῦτα

198 4797 236 4846 διὰ
252 4801 293 4858 τὴν
309 4799 425 4862 ὑπεροχὴν
441 4802 480 4854 τῆς
498 4795 602 4852 ἐξουσίας
622 4796 761 4852 Ὑπάτους
781 4796 990 4858 προσηγορεύαααι.
1011 4801 1071 4856 Quao
1085 4795 1170 4846 deinde
1182 4810 1221 4858 ap.
1238 4797 1336 4847 suidam
1351 4797 1483 4856 sequuntur
1498 4794 1529 4843 de
1550 4797 1666 4855 Eutropia
1685 4797 1802 4845 eunucho

198 4873 308 4931 consule,
324 4873 381 4920 item
397 4884 410 4920 e
424 4870 524 4918 ioannis
534 4875 593 4918 lixo.
610 4870 664 4930 Περὶ
675 4869 754 4930 ἀρετῆς
767 4869 892 4930 dosunipta
901 4871 965 4916 suut.
976 4865 1036 4913 Vide
1049 4867 1118 4914 iutra.
1128 4895 1159 4907 -
1170 4866 1289 4914 Nonnulla
1300 4879 1329 4914 οι
1344 4865 1366 4912 Ιι.
1382 4864 1397 4911 Ι.
1410 4863 1495 4912 suidas
1508 4862 1593 4924 repetit
1607 4875 1630 4908 ν.
1644 4865 1801 4919 Κονσούλους.

229 4945 270 4993 Fr.
283 4949 320 4992 38.
335 4942 371 4991 cl.
386 4940 483 4992 Diodor.
500 4942 581 4998 xvii,
595 4947 621 4988 5.
636 4945 664 4999 ος
679 4941 763 4988 AEtiaa.
777 4943 798 4986 v
820 4942 847 4987 it.
862 4941 908 4999 vt,
925 4946 948 4987 a.
962 4935 1044 4988 itacio
1054 4935 1118 4986 unde
1130 4949 1173 4985 sua
1183 4935 1268 4985 tiabeat
1280 4935 1365 4986 suidas
1374 4947 1397 4982 ν.
1413 4933 1518 4988 notaio·
1532 4951 1544 4974 ι
1558 4932 1610 4982 Ὅτι
1620 4933 1720 4994 Βαγώας
1736 4935 1802 4984 dnt-

198 5014 294 5077 γύπτιος
308 5014 404 5073 έσααξεν
413 5012 489 5073 Ὦχον
499 5013 539 5059 τὸν
550 5012 640 5071 Πέρσην
650 5046 657 5070 ,
668 5011 745 5058 καὶτὰ
758 5010 798 5071 μέν
811 5011 896 5070 κρέατα
910 5011 996 5070 έραγε,
1007 5009 1037 5056 τὰ
1052 5006 1159 5066 δέδστέα
1173 5011 1294 5068 μαχαιρῶν
1305 5004 1428 5066 εἰργάσατο
1438 5002 1518 5057 tata.
1533 5021 1545 5044 ν

222 5088 269 5133 Ἐκ.
284 5091 322 5132 aa.
334 5082 349 5144 §
359 5090 383 5130 ι.
396 5085 504 5130 Fortasse
514 5084 618 5130 loannes
628 5083 753 5141 postquam
764 5080 826 5128 Asiae
837 5083 860 5128 et
871 5081 964 5142 AEgyiiti
975 5089 1046 5142 regna
1055 5076 1085 5124 ati
1094 5075 1229 5126 alexandro
1241 5087 1379 5124 eversaesse
1393 5073 1499 5134 dixerat,
1513 5070 1544 5120 ad
1555 5071 1641 5121 uiliora
1649 5069 1801 5122 adateadeas

199 5153 279 5218 paucis
295 5153 414 5202 tartunam
431 5151 516 5199 harum
532 5151 688 5211 turperiorum
705 5148 811 5198 recoluit.
