3792 5728
211 325 264 376 lat
606 317 809 380 EUS'l'llTllll
831 321 1117 386 umrnldlaltsls
1139 327 1384 391 FRAGMENTA.

206 446 244 524 τῷ
264 443 424 524 Ἀναστασίῳ
446 445 565 526 ζωγρίσι·
586 445 600 504 θ
621 448 736 518 μάλιστα
756 449 800 508 τόν
818 473 846 510 τι
868 451 979 530 βασιλόα
1027 453 1195 516 Ἀναστασίου
1206 457 1399 526 καταλελοιπὼς
1413 459 1555 538 βασιλείας.
1570 464 1611 524 Gs.
1627 464 1770 544 Tbeophan·

207 529 265 598 τούς
285 553 313 590 τε
329 531 483 600 Βυζαντίους
500 535 685 614 τιθεράπευκι,
698 535 825 616 θριάμόου
842 537 914 610 δίκην
929 537 978 596 ἀνθ
1023 564 1052 620 p.
1070 563 1125 601 aaa
1138 565 1182 620 sq.
1195 549 1318 622 Procop.
1335 551 1404 608 Bell.
1423 552 1499 608 Pers.
1515 553 1544 620 l,
1559 571 1586 621 7,
1599 551 1712 612 Deaedii.
1725 559 1772 624 111,

206 616 252 684 τὰς
273 618 416 698 λεωφόρους
439 623 484 690 τῆς
507 621 606 687 πόλεως
622 623 671 680 ἀνά
692 646 720 682 τε
738 621 784 694 τὴν
804 625 979 704 ἱπποδρομίαν
1026 631 1058 701 53
1072 634 1227 692 Marcellin.
1239 634 1342 692 Chron.
1355 635 1391 690 ad
1404 654 1450 694 an.
1465 635 1520 693 502
1536 637 1641 714 (Probo
1649 655 1675 698 et
1682 645 1773 698 Avieno

206 705 333 782 Λογγίνου
343 727 371 763 τε
387 705 431 764 καὶ
444 705 530 766 Ἰνδου
543 707 766 788 περιενεχθέντων,
780 710 824 768 καλ
836 714 886 768 τῶν
897 713 926 770 ix
940 733 981 770 σι·
1025 737 1096 775 coss.
1106 717 1113 794 )
1124 741 1132 788 ς
1145 721 1304 778 Tillemont.
1318 742 1347 798 p.
1361 723 1417 778 560
1426 743 1470 798 sq.

206 790 284 870 δείρου
295 794 475 868 πεποιημένων
488 795 604 854 ἁλύσεων
618 797 738 864 θεόντοὺς
750 797 861 877 αὖχίνας
873 799 917 857 καὶ
930 799 977 866 τὰς

207 879 297 956 χεῖρας
312 879 550 958 περιόιόλημόνων.
567 883 700 944 Ἐντεῦθεν
723 885 767 944 καλ
781 885 815 942 rb
831 885 978 961 καλούμενα
1376 873 1405 926 7'

205 958 295 1042 πρώην
310 967 445 1047 Ἰσαυρικόν
461 977 513 1034 τοῖς
534 973 677 1048 βασιλικοῖς
691 971 814 1050 ίνηνόχθη
830 975 979 1051 θησαυροῖς·
1063 983 1165 1038 Malaia
1175 1002 1205 1057 p.
1226 983 1298 1058 398,
1316 1003 1346 1039 11
1364 985 1409 1043 ed.
1421 987 1510 1042 Bonn.
1529 1005 1535 1040 ι
1550 983 1610 1044 Ἐπί
1620 983 1645 1044 δὲ
1654 989 1696 1057 τῆς
1708 988 1773 1046 abaci

204 1041 236 1122 ἧν
247 1050 274 1108 δὲ
287 1053 337 1130 ἄρα
349 1059 424 1112 τοῦτο
433 1055 538 1132 χρυσίον
549 1057 574 1122 tc
588 1055 696 1115 ἕκαστον
708 1057 762 1123 ἔτος
774 1059 825 1124 τοῖς
837 1059 977 1138 βαρόάροις
1026 1065 1215 1144 (Ἀναστασίου)
1227 1066 1625 1150 βασιλείαςπαρελήρθηἌμιδα,
1636 1074 1775 1148 μητρόπολις

206 1139 407 1214 χορηγούμενον,
419 1142 631 1220 πεντακισχιλίας
643 1142 716 1202 ἕλκον
727 1145 826 1222 λίτρας.
840 1148 881 1206 cl.
892 1149 979 1204 Theo·
1025 1152 1106 1232 ὀχυρά
1122 1153 1190 1212 πάνυ
1209 1159 1254 1220 τῆς
1273 1157 1490 1244 Μεσοποταμίας,
1502 1157 1548 1214 καὶ
1568 1160 1775 1231 Θεοδοσιοόπολις,

204 1227 290 1300 phau.
307 1247 336 1301 p.
352 1229 419 1284 216.
433 1239 497 1296 aad.
512 1233 673 1290 Tillemont.
684 1234 704 1292 l.
715 1234 735 1291 l.
747 1254 777 1308 p.
791 1233 859 1307 549.
1024 1239 1134 1318 πολέμῳ
1156 1243 1282 1320 ληιρθεῖσα
1306 1240 1355 1300 ὑπὸ
1378 1243 1504 1316 Κωάδου,
1528 1246 1650 1322 βασιλέως
1671 1251 1775 1324 Περσῶν,

245 1315 315 1387 Gap.
336 1313 385 1372 36.
406 1313 601 1391 Ἐπειιάιμασειν
614 1319 661 1374 οὐκ
675 1318 710 1382 tlt
723 1317 752 1374 τὸ
770 1321 885 1375 σννοῖσον
910 1317 981 1396 σφίσι
1025 1327 1175 1392 ἐπελθόντος
1203 1332 1248 1386 τοῦ
1281 1329 1408 1405 βασιλέως
1436 1328 1503 1402 μετόι
1530 1333 1659 1405 δυνάμεως
1683 1335 1774 1403 πολλῆς.

205 1398 273 1454 κατὰ
286 1402 332 1468 τῆς
345 1398 497 1475 Ῥωμαϊκῆς
510 1402 674 1478 ἐπικρατείας
688 1402 978 1484 καίοὶΣκηνῖταιβάρ·
1025 1409 1127 1472 Ἐλπίς
1152 1412 1179 1472 δὲ
1199 1415 1383 1493 παραλήπτους
1408 1419 1421 1474 ό
1448 1418 1524 1484 αὐτὸς
1547 1419 1662 1497 βασιλεὺς
1682 1422 1776 1498 Περσῶν

206 1483 329 1563 &poeta
338 1508 365 1542 τε
376 1489 421 1556 τῆς
431 1484 513 1562 pion<
524 1490 574 1544 τῶν
585 1492 711 1564 ποῖομῶο
720 1489 753 1546 τά
763 1513 791 1546 τε
799 1494 844 1560 Τῆς
855 1491 980 1562 Φοεοθοεηε
1026 1503 1234 1573 Κωνσταντῖνον,
1251 1501 1394 1580 στρατηγὸν
1409 1503 1549 1579 Ῥωμαίων
1562 1506 1676 1582 δυνατὸν,
1691 1507 1778 1586 φυλάτ-

205 1571 328 1650 reasque
342 1571 386 1630 κοί
407 1572 438 1629 τὰ
460 1574 642 1634 Ποθοεοεῖνοον
657 1574 808 1650 θηεοᾶμενοο
822 1577 976 1655 πράγμοεο.
1025 1610 1100 1644 ταντα
1118 1589 1165 1658 τὴν
1184 1588 1264 1658 αὐτὴν
1277 1588 1502 1661 Θεοδοσιούπολιν,
1518 1591 1564 1648 καὶ
1579 1592 1666 1658 ἄλλους
1683 1593 1707 1650 δὲ
1722 1594 1778 1649 πολ-

202 1657 287 1736 Οῗπερ
301 1662 387 1725 κακῶς
398 1659 469 1738 πορθ
481 1664 531 1718 τῶν
541 1665 691 1740 ἓνοοοοχοῧ
705 1663 916 1740 στρατηγούντων
928 1688 980 1723 rre-
1025 1673 1097 1740 λούς·
1111 1673 1201 1742 οἵτινες
1212 1675 1256 1734 καὶ
1269 1677 1438 1744 ἐτελεύτησαν
1449 1680 1475 1735 ίν
1486 1681 1538 1744 τοῖς
1548 1682 1681 1758 Περσικοῖς
1692 1677 1777 1757 μίρεσι.

204 1742 304 1819 θόνεες,
317 1744 422 1822 ῧσεερον
436 1743 483 1814 nil
503 1747 615 1824 ἢοοκίοο
631 1749 741 1824 ἤθελον,
756 1749 819 1828 προσ
832 1750 980 1825 Ῥωμαίους
1026 1761 1080 1820 Καὶ
1097 1765 1284 1844 ἐπεστράτευσε
1299 1763 1366 1822 κατά
1386 1765 1492 1843 Περσῶν
1506 1769 1520 1823 θ
1539 1766 1615 1832 αὐτὸς
1632 1765 1779 1832 ’Λναστάσιος

203 1831 332 1888 ποοοοδεί
346 1831 524 1908 οοεεοοῖμενοε·
540 1836 583 1896 Cf·
601 1837 768 1911 ThCOPhlffl·
786 1857 817 1913 P·
841 1857 895 1908 217
915 1858 977 1912 ⁵<t-3
1024 1848 1157 1926 βασιλεὺς,
1175 1850 1280 1930 πέμψας
1300 1849 1456 1928 Ἆρεόόινδον
1479 1850 1523 1908 τὸν
1541 1851 1704 1931 Δαγαλαῖρου
1723 1851 1778 1922 υίθν,

203 1919 329 1974 Nonnosi
346 1922 414 1978 Exc.
439 1940 485 1994 ap.
507 1923 655 1993 Photium3
675 1925 836 1982 Tillemout.
855 1945 887 1998 p.
909 1924 976 1984 351.
1022 1937 1203 2013 στρατηλάτην
1216 1937 1356 2008 ἀνατολῆς,
1367 1937 1411 1994 τὸν
1423 1937 1503 2016 ἄνδρα
1515 1937 1719 2010 Ἰουλιάνας,κιιλ
1731 1942 1780 1998 llo·

244 2005 315 2079 Cap·
331 2005 378 2076 37·
392 2004 469 2062 ’Ᾱλθθ
481 2005 525 2063 καὶ
538 2005 640 2086 mim*
654 2008 914 2086 οοροοποεδῆοονεεε
929 2007 978 2066 ὑπὸ
1021 2019 1127 2098 τρίκιον,
1151 2021 1332 2100 στρατηλάτην
1354 2028 1400 2081 τοῦ
1424 2024 1537 2100 μεγάλου
1565 2025 1727 2106 πραισίντου,
1742 2025 1780 2084 καλ

204 2089 317 2168 Κσόάδῃ
341 2093 379 2168 τῷ
405 2093 523 2168 βασιλεῖ,
546 2092 590 2149 καί
605 2091 638 2150 τθι
659 2095 742 2151 οἰκεῖα
764 2095 978 2162 καταλελοιπότος
1023 2107 1152 2180 Ὑπάτην,
1168 2109 1350 2189 στρατηλάτην
1367 2110 1541 2190 πραισῖντου,
1555 2113 1600 2170 τὸν
1611 2113 1663 2170 υἱθν
1677 2115 1778 2172 Σεκουν-

204 2175 270 2248 ’iotis
288 2180 380 2255 πρῶτα
402 2175 450 2252 μὲν
471 2177 611 2256 ’θθμεοίοῑε
631 2181 847 2258 ἕοεοεροῖεεοοοοτ
864 2183 910 2240 κοί
927 2204 977 2240 ⁷⁶⁰·
1023 2194 1092 2252 δίνου
1116 2201 1161 2252 τοῦ
1183 2195 1333 2274 πατρικίου,
1354 2196 1399 2254 καλ
1425 2197 1469 2255 τὸν
1497 2197 1633 2277 πατρίκιον
1655 2198 1780 2265 ’λππίονα,

204 2261 301 2340 λίχνιον
323 2261 432 2332 ἐπίκλην
451 2263 667 2324 Θεσδσσιούπολιν
689 2266 802 2340 ἑλόντες,
816 2271 851 2335 ὡς
868 2267 977 2344 Ἄμιδαν
1022 2281 1133 2352 ποιήσας
1145 2281 1222 2340 αὐτὸν
1233 2283 1348 2362 ἔπαρχον
1359 2287 1409 2342 τῶν
1421 2285 1586 2363 πραιτωρίῳ
1597 2287 1727 2357 ἀνατολῆς,
1742 2283 1779 2341 καί

203 2349 281 2406 ποθεν
292 2349 389 2427 ὀχυρὰν
399 2353 444 2420 τῆς
456 2350 537 2425 μέθη(
546 2355 597 2408 τῶν
609 2357 735 2428 ποταμῶν
746 2355 922 2432 &lamma
932 2355 977 2413 οεολ
1022 2369 1119 2438 πλῆθος
1138 2369 1242 2448 άπειρον
1257 2378 1379 2449 στρατιᾶς
1393 2371 1449 2442 μετ’
1464 2373 1548 2430 αὐτῶν
1570 2376 1672 2442 πεζικῆς
1685 2371 1726 2428 καί
1743 2373 1780 2427 te-

205 2435 303 2505 ταύτην
318 2436 564 2515 ἐκπολιορκήσαντες
576 2429 651 2496 εἷλον.
666 2439 718 2498 Καὶ
729 2433 823 2506 addico
835 2439 976 2518 Ῥωμαίων
1020 2459 1100 2525 wll<
1111 2455 1253 2531 δυνάμεως,
1271 2456 1324 2515 Καὶ
1338 2457 1477 2514 cingent„
1491 2461 1548 2533 μετ’
1560 2459 1678 2530 ἀλλήλω,
1693 2457 1724 2514 ,λ
1737 2459 1781 2530 ἅμ.

204 2522 324 2599 βασιλεὺς
344 2524 448 2587 πολλοῖς
464 2523 623 2583 ἀνενεώσατο
643 2525 739 2591 πόνοις.
758 2525 791 2585 Εἴ
807 2549 844 2606 τιμ
862 2527 889 2585 δὲ
905 2527 976 2606 φίλον
1021 2538 1115 2617 ρότερα
1131 2541 1268 2616 τάγματα,
1282 2541 1326 2600 καί
1340 2543 1492 2621 ἐσφάγησαν
1506 2544 1599 2602 πολλοὶ
1609 2545 1652 2602 καὶ
1664 2543 1747 2600 ἔπεσον
1759 2539 1781 2608 ἐξ

203 2610 302 2673 λεπτῶς
316 2606 349 2665 τὰ
358 2610 417 2687 περὶ
427 2610 523 2668 τούτων
533 2609 626 2668 εἰδέναι
638 2611 683 2668 καὶ
695 2617 727 2690 τῇ
738 2613 856 2692 θκριόεῖσρ
869 2614 975 2671 πάντων
1021 2627 1172 2705 ἀμφοτέρων
1193 2631 1245 2685 τῶν
1266 2613 1362 2706 μερῶν.
1380 2629 1447 2708 Περὶ
1466 2621 1497 2686 οὗ
1519 2631 1635 2706 πολέμου
1652 2629 1782 2692 Εὖστάθιος

203 2693 354 2764 ἐπεξελθεῖν,
366 2695 501 2774 Εθσταθίῳ
516 2687 544 2753 ιθ
559 2697 631 2772 μάλα
646 2702 729 2776 σοφῶς
744 2701 809 2774 μετὰ
823 2703 919 2758 πολλοῦ
930 2706 974 2760 τοῦ
1020 2713 1191 2788 §mutum
1205 2715 1379 2794 χρωογράφος
1394 2716 1588 2796 Μεγράψατο.
1609 2717 1677 2782 qm
1687 2715 1729 2773 ml,
1741 2715 1781 2771 εὖ.

202 2780 280 2839 πόνον
293 2781 337 2838 ’mi
350 2786 395 2852 τῆς
409 2783 434 2848 lt
449 2783 514 2859 ἆγον
528 2785 655 2862 κομψείας
667 2785 801 2864 ἱστόρητο(
811 2809 839 2844 σε
855 2785 898 2844 οεοῖ
913 2809 977 2864 σνΥ·
1020 2799 1082 2865 θόως
1104 2800 1253 2872 ἐτελεύτησε
1258 2845 1267 2875 ,
1286 2801 1353 2878 μήτε
1373 2807 1408 2869 τίς
1427 2794 1523 2862 τελειον
1539 2803 1587 2876 τὴν
1600 2803 1698 2864 ἔκθεσιν
1713 2803 1782 2858 αὐτοῦ

201 2867 360 2945 γέγραπται·
382 2866 409 2935 ὃς
430 2867 508 2947 μέχρι
530 2873 576 2940 τῆς
596 2875 695 2950 γρορῆς
709 2871 804 2942 ταύτης
824 2872 974 2952 ἱστορήσας,
1019 2886 1152 2955 συντάξας,

201 2959 253 3022 τοῖς
279 2956 417 3014 ἀπελθοῦσι
444 2958 651 3036 συναριθμεῖται,
678 2959 822 3017 δωδέκατον
847 2959 903 3026 ἔτος
931 2965 976 3032 τῆς

202 3121 383 3183 linopolitannrn
395 3135 536 3183 magnopere
549 3123 758 3184 trecentarum
770 3121 890 3184 Longinus
901 3127 925 3172 et
936 3125 975 3172 ln·
1021 3126 1171 3187 maximaque
1183 3127 1299 3188 elegantia
1310 3127 1397 3176 barum
1409 3141 1489 3177 rerum
1506 3127 1631 3178 historiam
1646 3123 1782 3186 conseripsit.

200 3196 257 3256 des,
270 3200 385 3258 tauquam
404 3197 428 3245 in
442 3197 579 3259 triumphali
594 3211 693 3260 pompa,
705 3211 747 3260 per
762 3200 827 3248 vicos
839 3200 904 3249 urbis
918 3204 941 3249 el
951 3200 975 3249 in
1021 3202 1068 3257 Qui
1079 3215 1154 3262 quum
1163 3215 1238 3264 usque
1248 3203 1337 3253 adhaec
1348 3207 1456 3265 tempora
1463 3205 1587 3254 historiam
1596 3217 1664 3254 auam
1674 3200 1783 3264 perdutis

202 3274 267 3322 circo
280 3274 471 3334 traducerentur,
483 3278 579 3324 calenas
591 3275 678 3323 ferreas
689 3275 751 3324 oollo
767 3288 796 3323 ae
809 3276 918 3324 manibus
927 3277 974 3324 oir-
1019 3281 1068 3337 set,
1080 3281 1181 3328 excessit
1192 3293 1205 3328 e
1219 3280 1281 3342 vita,
1292 3284 1415 3342 resgastas
1424 3294 1487 3331 auno
1500 3282 1596 3344 imperii
1608 3280 1722 3333 anastasii
1732 3278 1783 3328 duo·

200 3351 332 3412 eumjeetas
343 3355 472 3413 gestantes.
504 3357 540 3402 Ex
551 3367 580 3401 eo
593 3356 700 3414 tempore
718 3367 830 3415 munera,
842 3367 897 3416 que
907 3367 975 3404 roeo·
1019 3354 1112 3404 decimo
1121 3359 1268 3418 persecutus.

201 3427 290 3477 bantur
302 3429 420 3488 isaurica,
436 3429 460 3478 in
470 3429 581 3492 principis
592 3430 703 3479 erarium
716 3429 796 3478 inlerri
814 3443 915 3492 erepere.
948 3429 975 3480 ld
1384 3467 1401 3516 7

202 3509 254 3554 erat
270 3517 371 3565 aurum,
389 3505 453 3565 quod
480 3505 587 3554 barbaris
607 3507 736 3567 quotannis
759 3506 918 3568 pendebatur,
944 3507 973 3556 li·
1404 3503 1410 3516 '

201 3581 299 3630 brorum
309 3581 398 3629 scilicet
409 3581 514 3642 quinque
525 3582 608 3630 millia.
1050 3579 1175 3628 Anastmio
1184 3579 1324 3641 imperante,
1339 3581 1463 3630 Persarum
1473 3581 1618 3631 rexcoades
1633 3577 1785 3642 (cabades),

233 3656 281 3706 sed
299 3660 322 3704 et
334 3656 426 3704 barbari
435 3669 496 3716 quos
512 3659 618 3706 Scenitas
627 3659 727 3717 vocant,
737 3669 785 3706 nou
798 3659 849 3708 sine
858 3672 901 3708 suo
911 3659 971 3722 ipso·
1018 3655 1106 3716 ingenti
1116 3657 1222 3705 exercitu
1232 3657 1370 3717 instructus,
1382 3658 1580 3720 Tlreodosiopolin
1589 3655 1785 3720 alqueanidan,

202 3745 258 3782 rum
269 3734 357 3781 damno
368 3732 514 3781 insultarent
526 3733 624 3794 imperio
643 3737 766 3794 Romano,
781 3737 974 3797 Mesopotamiam
1019 3731 1201 3779 munitissimam
1215 3732 1389 3792 mesopotamiae
1403 3732 1559 3794 metropolin,
1575 3732 1640 3782 bello
1651 3730 1720 3792 oepit.
1730 3732 1785 3778 coo·

201 3813 228 3858 et
243 3813 370 3870 utramque
385 3809 513 3858 Plitenieen
529 3813 553 3858 et
567 3811 716 3858 Palaestinam
728 3811 860 3871 provincias
871 3812 975 3874 depopo-
1017 3807 1148 3856 stautinum
1160 3819 1256 3869 quoque
1268 3805 1354 3855 docem
1374 3810 1535 3856 Romanorum
1545 3808 1704 3857 fortissimum
1715 3809 1738 3853 et
1753 3817 1787 3852 ur·

202 3885 252 3934 lati.
264 3887 354 3935 verum
368 3884 492 3934 aducibus
501 3886 626 3947 Romanis,
646 3887 687 3948 qui
701 3885 726 3934 in
735 3887 833 3948 singulis
846 3889 974 3950 provinciis
1019 3883 1054 3932 bis
1066 3882 1310 3944 Theodosiopolilanae
1320 3883 1459 3944 custodem,
1469 3897 1526 3932 eum
1539 3885 1650 3947 pluribus
1658 3883 1709 3931 aliis
1722 3879 1787 3942 epti·

201 3965 284 4021 erant,
304 3963 369 4024 gravi
388 3961 455 4010 clade
474 3962 566 4023 allecti,
583 3963 735 4024 postmodum
757 3965 882 4027 quievere,
896 3979 973 4027 quum
1018 3973 1074 4008 rum
1088 3959 1189 4008 abduxit
1199 3995 1206 4018 ,
1216 3959 1257 4020 qui
1267 3957 1330 4006 diem
1341 3972 1411 4007 suum
1423 3973 1506 4008 omnes
1518 3961 1541 4009 in
1560 3959 1659 4010 Perside
1674 3958 1786 4007 obierunt.

202 4040 313 4088 universa
328 4052 384 4100 gens
393 4051 475 4100 pacem
488 4052 544 4088 cunr
558 4041 671 4089 Romanis
682 4041 784 4090 lecisset.
1019 4039 1148 4097 tmperator
1157 4035 1239 4096 itaque
1249 4035 1387 4084 Anastasius
1397 4035 1485 4084 bellurn
1497 4037 1573 4086 Persis
1585 4036 1680 4097 intulit,
1690 4035 1714 4082 in
1724 4045 1787 4094 expe·

233 4119 311 4164 Persae
327 4127 436 4176 quoque,
448 4117 559 4176 regnante
569 4116 632 4177 apud
642 4117 703 4178 ipsos
714 4116 825 4176 cabade,
846 4115 922 4166 loedus
935 4131 974 4166 ru-
1016 4115 1130 4163 ditiouem
1140 4114 1202 4162 lianc
1216 4113 1293 4162 missis
1303 4112 1436 4162 areobindo
1455 4113 1594 4176 Dagalaipbi
1610 4115 1677 4173 lilio,
1692 4111 1788 4162 iuliane

201 4207 267 4255 pere,
276 4197 309 4254 et,
319 4193 404 4242 relictis
411 4193 510 4254 propriis
518 4194 622 4254 sedibus,
628 4195 731 4256 primum
741 4196 765 4244 in
776 4196 911 4244 Armeniam
918 4209 973 4245 curn
1017 4191 1117 4252 coniuge
1132 4193 1156 4238 et
1172 4190 1277 4238 militum
1294 4189 1319 4238 in
1336 4190 1434 4238 Oriente
1451 4191 1577 4251 magistro,
1598 4189 1702 4240 Patricio
1715 4186 1788 4246 magui

205 4270 310 4318 exercitu
325 4271 470 4318 invaserunt.
488 4274 615 4332 Quumque
629 4271 768 4332 oppidulum
778 4272 973 4333 Tlieodosiopolin
1017 4266 1233 4326 mesammones,
1253 4268 1277 4314 et
1288 4267 1381 4327 llypate
1397 4265 1523 4315 Secundini
1540 4267 1635 4328 patricii
1652 4266 1713 4324 filio,
1727 4266 1787 4311 Pre-

202 4347 332 4407 ceptsent,
344 4345 453 4394 luridam
463 4359 553 4404 versus,
562 4359 616 4408 qum
623 4347 680 4395 urbs
692 4348 867 4409 Mesopotamiae
875 4352 910 4396 eal
917 4349 974 4396 satis
1016 4343 1090 4392 sentis
1108 4343 1197 4391 militie
1214 4342 1339 4403 magistro,
1354 4343 1379 4390 et
1395 4341 1500 4404 appione
1515 4343 1631 4404 patricio,
1644 4355 1717 4404 quem
1731 4351 1788 4400 prn-

202 4421 459 4481 muuita,itcrtecere.
493 4425 560 4470 lione
569 4435 664 4484 quoque
675 4424 786 4472 diuturna
795 4423 915 4472 obsidione
926 4424 973 4472 cio·
1017 4422 1078 4470 torio
1090 4421 1113 4470 in
1132 4421 1229 4470 oriente
1240 4421 1379 4482 praelectum
1396 4421 1641 4470 constituit:laornm
1662 4418 1788 4469 snbdrtctu

203 4502 267 4546 ctam
285 4497 380 4546 tandem
395 4501 516 4559 ceperunt.
536 4498 582 4547 Sed
601 4499 729 4559 imperator
737 4503 908 4559 Romanorum,
925 4513 972 4548 non
1017 4500 1148 4549 exereitum
1167 4499 1245 4548 emisit
1256 4499 1403 4561 pedestribus
1418 4502 1443 4548 et
1455 4499 1606 4560 equestribus
1617 4497 1693 4559 copiis
1706 4495 1789 4544 instru-

201 4577 252 4624 siue
263 4589 346 4637 niagno
354 4575 447 4636 labore,
459 4589 511 4624 eam
521 4575 646 4638 postmodo
657 4577 805 4627 instauravit.
819 4577 909 4634 Quodsi
919 4578 973 4640 quis
1016 4579 1155 4628 ctissimum.
1167 4579 1252 4627 Prmlio
1260 4581 1341 4625 autem
1351 4576 1478 4625 commisso
1489 4575 1662 4638 quamplurimi
1674 4574 1789 4631 utrimque

201 4653 292 4713 singula
312 4659 424 4700 accurate
441 4653 507 4714 eupit
524 4665 679 4714 cognoscere,
691 4657 716 4702 et
726 4654 861 4715 diligentem
877 4658 972 4704 cuncto·
1015 4655 1160 4705 oeciderunt.
1182 4655 1238 4703 Belli
1256 4657 1336 4702 aulem
1355 4653 1426 4714 liujus
1443 4653 1564 4702 historiam
1583 4664 1688 4701 exorsus
1704 4651 1740 4698 ost
1756 4659 1788 4694 sa·

202 4741 270 4788 rum,
281 4742 337 4790 quse
353 4731 416 4791 gesta
430 4731 498 4788 suut,
517 4730 676 4778 narrationem
694 4730 825 4792 perlegere,
846 4730 866 4779 is
887 4735 971 4780 Eusta-
1015 4732 1173 4794 pientissimus
1180 4731 1317 4779 Eustatbius
1326 4731 1519 4791 ctuouograplius
1525 4743 1618 4793 ;quam
1627 4733 1709 4780 bmeu
1716 4731 1789 4776 morte

202 4807 279 4856 tlriurn
299 4808 375 4872 legat,
392 4809 434 4870 qui
451 4807 638 4858 luculentissime
657 4811 682 4860 et
699 4822 794 4860 summo
812 4822 868 4858 cum
889 4809 971 4860 labore
1015 4813 1195 4874 praeoccupatus
1212 4809 1241 4858 ad
1255 4809 1347 4859 exitum
1364 4821 1413 4858 uon
1428 4808 1548 4872 perduxit.

741 5052 1264 5098 ψ
