3766 5726
205 374 221 424 3
229 375 236 424 1
244 375 260 424 ’ί

201 484 292 565 πρώτῃ
308 485 472 564 συγγένηται.
484 487 518 549 Ὁ
530 487 557 546 δί
571 487 644 565 μάλα
655 485 770 566 γεγηθώς
784 487 906 566 ἠπείγετο
917 489 980 569 πρδς

201 574 250 646 τήν
262 575 390 650 γυναῖκα,
410 574 561 652 πειθόμενος
575 575 643 636 κατά
664 582 723 636 νοῦν
747 575 778 636 δν
800 580 871 657 αὐτῷ
891 577 979 658 χωρή-

202 685 255 726 σειν
268 662 297 720 τδ
307 671 439 740 μαντεῖον.
454 663 531 724 Ἐπεί
543 664 572 722 δί
585 665 671 724 πλέων
684 665 790 746 ἀφίκετο
802 669 827 734 ές
842 665 978 725 Βύόαστσν

201 751 264 828 πρὸς
277 751 415 833 Στάφυλον
425 751 468 810 τδν
479 751 620 830 Διονύσου,
632 753 705 830 μάλα
715 745 873 834 φιλοφρόνως
886 755 980 818 ἰκτῖνος

202 839 279 897 αύτδν
294 839 483 920 ὑποδεχόμενος
502 841 536 907 εἰς
548 839 629 899 πολύν
641 831 709 900 οἰνον
721 843 917 922 προετρέψατο,
935 842 981 900 καί

201 927 291 998 ἐπειδή
303 929 388 1006 πολλῇ
399 928 465 1006 μέθη
476 936 598 1007 παρεῖτο,
610 929 807 1006 συγκατέκλινεν
819 932 890 1010 αύτῷ
903 929 981 1006 Ἡμι·

202 1013 262 1072 θέαν
274 1013 321 1085 τήν
332 1015 470 1096 θυγατέρα.
487 1018 579 1077 Ταῦτα
590 1015 617 1074 δί
627 1017 708 1076 ἐποίει
720 1017 935 1096 προπεπυσμένος
951 1019 980 1077 τδ

201 1105 247 1160 τοῦ
261 1103 422 1182 χρηστηρίου
433 1104 478 1162 καλ
489 1103 645 1182 βουλόμενος
656 1107 685 1163 ἐκ
697 1104 793 1176 ταύτης
803 1107 874 1186 αὐτῷ
885 1107 981 1172 παῖδας

201 1189 330 1264 γενέσθαι.
343 1189 383 1250 Δι’
394 1189 474 1270 ἔριδος
487 1192 574 1267 μέντοι
585 1191 700 1269 ἐγένοντο
712 1191 792 1252 Ῥοιώ
804 1217 832 1250 τε
842 1193 887 1252 καί
899 1193 978 1270 Ἡμι·

202 1275 247 1334 θέα
263 1281 290 1335 αἱ
304 1284 348 1336 τοῦ
361 1278 514 1358 Σταφύλου,
528 1277 565 1345 τίς
578 1281 662 1337 αὐτῶν
677 1281 783 1359 μιχθείη
797 1285 834 1357 τῷ
845 1280 921 1359 ξένῳ·
934 1303 978 1339 το·

202 1368 291 1431 σοῦτος
310 1367 457 1458 ἀμφοτέρας
470 1367 583 1446 κατέσχε
597 1367 685 1434 πόθος.
703 1366 803 1448 Λύρκος
818 1369 844 1427 δὲ
864 1369 980 1448 ἐπιγνούς

111 1493 116 1500 -
202 1457 234 1531 τῇ
256 1455 379 1533 ὑστεραίᾳ
399 1459 441 1513 οἱα
457 1455 605 1534 ίδεδράκει,
629 1456 675 1514 καί
696 1454 743 1526 τὴν
764 1457 892 1530 Ἡμιθέαν
914 1462 979 1539 δρῶν

202 1543 490 1619 συγκατακεκλιμένην,
501 1543 635 1626 ἐδυσφόρει
649 1567 676 1602 τε
691 1545 735 1602 καί
749 1546 834 1603 πολλά
846 1549 980 1624 κατεμέμ-

202 1649 264 1706 φετο
283 1628 327 1687 τδν
351 1631 488 1710 Στάφυλον
511 1631 546 1698 ὡς
567 1633 708 1688 ἀπατεῶνα
729 1631 864 1709 γενόμενον
886 1636 979 1694 αὐτοῦ·

201 1713 307 1795 ὕστερον
328 1715 355 1774 δέ
376 1716 456 1794 μηδὲν
479 1715 547 1798 έχων
561 1719 577 1776 θ
590 1742 617 1777 τι
630 1723 708 1799 ποιῇ,
729 1719 910 1800 περιελόμενος
932 1721 980 1794 τήν

202 1801 284 1874 ζώνην
304 1803 392 1863 δίδωσι
408 1809 442 1885 τῇ
461 1804 540 1886 κάρη,
563 1805 675 1866 κελεύων
695 1805 827 1877 ήόήσαντι
848 1811 885 1886 τῷ
905 1809 977 1867 παιδί

182 1891 353 1970 φυλάττειν,
375 1893 444 1960 ὅπως
466 1893 515 1973 ίχῃ
536 1894 689 1972 γνώρισμα,
711 1893 785 1954 ὁπότ’
807 1895 837 1953 ἂν
862 1895 980 1975 ἀφίκοιτο

201 1977 265 2058 πρδς
287 1979 331 2036 τδν
353 1979 455 2059 πατέρα
470 1985 548 2040 αὑτοῦ
566 1984 601 2048 εἰς
618 1985 736 2058 Καῦνον,
753 1981 798 2040 καί
816 1981 979 2050 ἐξέπλευσεν.

202 2064 328 2132 Λίόιαλδς
343 2066 370 2125 δέ
382 2071 417 2136 ὡς
436 2067 530 2147 ᾔσθετο
547 2069 621 2128 τότε
637 2069 705 2128 κατίι
719 2069 748 2127 τδ
763 2070 922 2149 χρηστήριον
935 2071 980 2130 καί

201 2153 248 2226 τήν
263 2153 404 2231 Ἡμιθέαν,
424 2157 521 2228 ήλαυνι
533 2161 578 2228 ιη”ς
597 2161 645 2236 γῆς
660 2157 746 2218 αὐτόν.
762 2157 846 2218 Ἔνθα
859 2159 891 2231 δή
905 2160 979 2238 μάχη

202 2241 312 2321 συνεχής
331 2234 362 2314 ήν
381 2251 434 2311 τοῖς
449 2267 477 2302 τε
492 2245 536 2302 τὸν
550 2243 653 2324 Λύρκου
673 2243 851 2323 προσιεμένοις
868 2245 980 2314 καὶτοῖς

202 2330 235 2388 τά
259 2331 387 2390 Λῖόιαλοῦ
401 2337 538 2411 φρονοῦσι·
557 2333 674 2408 μάλιστα
695 2331 722 2390 δέ
744 2333 863 2410 συνεργδς
883 2332 981 2412 ἐγένετο

201 2417 323 2490 Εἰλεόίη·
336 2422 364 2478 ού
379 2418 428 2500 γάρ
444 2421 553 2476 άπείπεν
569 2417 613 2478 τὸν
629 2417 739 2497 Λύρκον.
758 2418 835 2479 Μετά
855 2419 881 2478 δέ
896 2427 980 2480 ταῦτα

202 2507 338 2585 ἀνδρωθείς
355 2506 407 2575 iii
429 2506 557 2584 Ἡμιθέας
576 2506 622 2566 καί
643 2506 747 2587 Λύρκου
766 2507 894 2584 (Βασίλος
909 2511 979 2591 αὐτῷ

201 2593 299 2670 ὄνομα)
321 2585 397 2666 ήλθεν
417 2596 453 2658 εἰς
472 2593 518 2665 τήν
542 2593 672 2666 Καυνίαν,
692 2595 737 2652 καί
755 2594 832 2654 αύτδν
853 2597 981 2676 γνωρίσας

201 2685 215 2738 δ
229 2683 330 2759 Λύρκος
341 2681 392 2752 ήδη
405 2680 512 2760 γηραιὸς
527 2679 563 2741 ών
576 2681 694 2759 ἡγεμόνα
706 2681 844 2754 καθίστησι
854 2687 906 2742 τῶν
918 2708 980 2765 σφε·

201 2768 282 2848 τέρων
295 2770 376 2828 λαῶν.

241 2859 321 2913 ldenr
340 2859 411 2914 ibid.
428 2878 454 2912 c.
478 2878 523 2914 ιι.
547 2859 618 2915 Vide
641 2859 800 2916 Aristocriti
824 2859 924 2936 fragm.
948 2883 976 2918 α.

240 2943 385 3022 [Λέσάου
400 2941 521 3022 κτίσις]
532 2948 699 3002 Parthenius
708 2949 788 3004 Erot.
802 2966 828 3002 c.
841 2967 875 3002 ar
893 2949 981 3028 ιΠερί

203 3032 365 3101 Πεισιδίκης.
389 3029 502 3108 Λέγεται
517 3030 544 3089 δέ
565 3031 610 3089 καί
629 3031 672 3089 ὅτε
684 3030 815 3110 Ἀχιλλεύς
828 3033 914 3092 πλέων
934 3035 980 3102 τάς

201 3119 337 3198 προσεχεῖς
350 3122 382 3198 τῇ
394 3119 495 3198 ἠπείρῳ
507 3118 599 3189 νήσους
612 3118 728 3198 ἐπόρθει,
745 3123 887 3198 προσσχεῖν
902 3121 979 3182 αὐτόν

205 3205 311 3287 Λέσύῳ·
340 3207 400 3264 ἔνθα
425 3205 456 3278 δή
484 3206 541 3264 καθ’
564 3207 676 3278 ἑκάστην
699 3211 751 3265 τῶν
777 3206 878 3264 πολεων
901 3209 979 3270 αὐτὸν

202 3292 307 3353 ἐπιόντα
317 3289 456 3371 κεραίζειν.
470 3291 520 3360 Ὦς
533 3291 560 3350 δέ
572 3294 596 3350 οἰ
608 3292 755 3368 Μήθυμναν
768 3295 895 3360 οἰκοῦντες
908 3293 979 3370 μάλα

202 3385 333 3462 κρατερῶς
347 3379 538 3458 ἀντεῖχον,καί
553 3383 579 3438 ἰν
597 3380 683 3457 πολλῇ
697 3378 835 3458 άμηχανίφ
847 3371 878 3450 ήν
894 3379 937 3438 διά
950 3381 979 3441 τδ

202 3469 379 3547 μὴδύνασθαι
397 3470 464 3526 έλεῖν
486 3467 534 3539 τήν
555 3468 648 3540 πολιν,
665 3467 820 3539 Πεισιδίκην
840 3467 899 3528 τινδ
914 3471 978 3544 Μη·

202 3557 345 3632 θυμναέαν,
367 3559 412 3612 τοῦ
428 3555 556 3634 βασιλέως
570 3555 713 3635 θυγατέρα,
738 3555 903 3633 θεασαμένην
927 3555 979 3614 ἀπδ

201 3651 246 3705 τοῦ
260 3643 362 3724 τείχους
377 3639 421 3700 τδν
437 3641 559 3719 ’Λχιλλέα
576 3643 716 3722 ἐρασθῆναι
731 3644 825 3718 αὐτοῦ,
840 3641 885 3701 καί
897 3642 979 3710 οθτως

200 3733 247 3804 τήν
268 3729 361 3812 τροφόν
386 3729 605 3808 διαπεμύαμίνην
624 3733 805 3808 ὑπισχνεῖσθαι
826 3730 978 3810 ἐγχειρίσειν

201 3817 335 3899 αὐτῷτὴν
353 3816 443 3890 πόλιν,
466 3815 490 3874 εἰ
511 3839 540 3894 γε
564 3817 656 3893 μέλλοι
678 3813 758 3886 αὐτὴν
776 3825 886 3893 γυναῖκα
904 3815 977 3884 ἕξειν.

201 3908 236 3969 ‘0
249 3905 277 3966 δί
288 3907 318 3966 τὸ
327 3904 375 3981 μέν
387 3902 538 3981 παραυτίκα
550 3901 806 3980 καθωμολογήσατο·
820 3903 877 3962 έπεί
890 3904 978 3981 μέντοι

202 3994 328 4073 ἐγκρατής
342 3992 441 4057 πόλεως
453 3989 566 4067 ἐγένετο,
581 3990 727 4066 νεμεσήσας
740 3991 782 4048 ini
794 3993 832 4071 τῷ
844 3991 978 4070 δρασθέντι

202 4081 381 4161 προύτρέψατο
399 4078 456 4144 τοίις
473 4077 636 4158 στρατιώτας
651 4081 813 4136 καταλεῦσαι
827 4081 873 4148 τήν
885 4079 975 4160 κόρην.

203 4172 342 4244 Μέμνηται
352 4173 396 4226 τοῦ
407 4168 503 4234 πάθους
513 4169 585 4225 τοῦδε
603 4166 649 4225 καί
668 4170 682 4225 δ
696 4165 752 4237 τήν
771 4166 814 4227 Λέ
820 4165 859 4225 σό
865 4191 898 4226 ου
910 4168 979 4225 κτί-

202 4281 250 4316 σιν
265 4257 375 4326 ποιήσας
392 4256 594 4332 (Λρολίοιιίιιε,
615 4257 692 4313 haud
706 4257 809 4332 dubie]
829 4257 855 4313 ἐν
880 4256 979 4314 τοῖσδε·

264 4423 355 4472 Ἐνθάδι
367 4422 479 4479 Πηλείδης
489 4422 549 4470 κατά
558 4423 599 4485 μὲν
608 4422 677 4470 κτάνε
688 4421 813 4484 Λάμπετον
820 4423 884 4486 ἥρω,

263 4497 290 4543 ἐκ
299 4495 319 4542 δ’
328 4492 446 4542 Ἱκετάονα
458 4494 555 4555 πέφνεν,
566 4494 680 4554 ίθαγενέος
691 4493 840 4554 Λεπετύμνου

263 4565 315 4612 υίέα
327 4563 453 4623 Μηθύμνης
462 4579 487 4610 τε
496 4564 536 4610 καί
547 4563 705 4618 άλκηέστατον
716 4563 808 4621 ἄλλων,

262 4632 462 4689 αὐτοκασίγνητον
473 4631 620 4691 Ἑλικάονος,
633 4632 706 4680 ένδοθι
718 4631 818 4692 πάτρης,

233 4781 355 4830 Mortuum
372 4791 423 4828 εσσε
443 4781 579 4842 Lycurgum
596 4778 637 4827 aiii
658 4778 750 4827 oirrhae
771 4777 884 4838 tradunt,
903 4777 977 4838 Apol-

202 4857 312 4906 Ιοίίιειειίε
323 4855 400 4914 Elide,
419 4869 468 4918 quc
488 4857 539 4905 ium
556 4869 582 4905 sc
600 4855 751 4916 contulisset,
762 4854 866 4904 Timacus
881 4855 906 4903 et
923 4853 977 4902 Ari·

200 4939 314 4986 sioxcnus
334 4936 448 4986 increta
467 4936 540 4985 vitam
560 4948 616 4984 curu
636 4935 713 4983 ιιιοτίσ
731 4935 891 4984 commutasse
912 4944 975 4982 ausc·

202 5018 265 5063 runt.
288 5019 290 5026 “

608 359 968 438 APOLLOTuuurun,
991 351 1244 424 aricflunacffl
1265 363 1397 425 EUBOEI

1087 493 1181 550 πηλίκον
1191 493 1319 556 θψιπύλου·
1333 493 1415 556 θαλερὴ
1427 494 1451 542 δί
1461 511 1500 557 μιν
1513 495 1572 546 ἀασα
1582 496 1678 562 Κύπρις.

1088 565 1117 613 Ἦ
1128 565 1173 627 γάρ
1185 563 1221 612 ἐπ’
1233 563 1333 625 Αἰακίδῃ
1344 564 1415 626 κούρη
1428 567 1508 628 φρένας
1519 566 1627 626 ἐπτοίησε

1088 633 1224 695 Πεισιδίκη,
1235 633 1273 682 δτε
1282 633 1321 682 τόν
1331 649 1358 694 γε
1368 635 1427 695 μετὰ
1436 635 1590 696 προμάχοισιν
1599 637 1697 700 Ἀχαιῶν

1088 704 1166 766 χάρμη
1178 703 1333 764 ἀγαλλόμενον
1346 703 1470 763 θηέσκετο,
1482 707 1556 754 πολλά
1565 705 1585 754 δ’
1596 706 1619 763 ές
1631 708 1703 770 ύγρήν

1088 773 1145 836 ἠέρα
1155 778 1232 838 χεῑρας
1243 773 1327 822 ἰτιινεν
1337 773 1459 835 ίελδομίιη
1470 775 1596 837 φιλότητος.

1028 893 1093 962 Εἰτα
1105 901 1197 984 μικρὸν
1209 902 1324 971 ύποόάς·

1091 1061 1164 1110 Λέκτο
1175 1062 1216 1123 μὲν
1225 1061 1310 1110 αὐτίκα
1319 1061 1374 1110 λαδν
1383 1061 1501 1124 Ἀχαιῑκδν
1512 1063 1583 1112 ίνδοθι
1593 1065 1682 1130 πάτρης

1088 1131 1227 1193 παρθενική,
1240 1131 1333 1188 κληῖδας
1343 1132 1510 1194 θποχλίσσασα
1520 1134 1629 1196 πυλάων,

1089 1200 1142 1258 έτλη
1152 1201 1172 1249 δ’
1184 1201 1244 1250 οἰσιν
1255 1201 1344 1250 ἰδέσθαι
1354 1201 1378 1249 έν
1388 1202 1525 1264 ὀφθαλμοῖσι
1535 1211 1620 1264 τοκῆας

1088 1270 1170 1332 χαλκῷ
1180 1270 1332 1332 ἰληλαμένους
1340 1273 1380 1320 καὶ
1392 1273 1472 1320 δούλια
1481 1275 1555 1336 δεσμά
1564 1279 1682 1337 γυναικῶν

1088 1327 1218 1400 ἑλκομένων
1227 1339 1265 1388 ἀπὶ
1275 1346 1331 1397 νῆας
1339 1342 1485 1404 ύποσχεσίης
1496 1343 1611 1406 Ἀχιλῆος,

1091 1409 1149 1471 δφρα
1162 1411 1213 1465 νυὸς
1224 1411 1326 1471 γλαυκῆς
1339 1411 1433 1466 θέτιδος
1446 1415 1526 1467 πέλοι.
1537 1413 1596 1476 δρρα
1605 1419 1626 1464 οἰ
1637 1416 1682 1464 εἷεν

1089 1472 1192 1534 πενθεροὶ
1202 1472 1324 1532 Αἰακίδαι,
1334 1473 1395 1530 Φθίη
1407 1475 1427 1520 δ’
1441 1475 1465 1522 έν
1478 1475 1575 1535 δώματα
1588 1479 1649 1526 ναίοι

1089 1540 1169 1602 ἀνδρὸς
1179 1540 1286 1603 ἀριστῆος
1297 1543 1379 1600 πινυτή
1388 1541 1478 1604 δάμαρ·
1489 1543 1536 1592 οὐδ’
1548 1544 1584 1604 ὅγ’
1597 1547 1676 1608 ἔμιλλε

1087 1609 1669 1742 iiiii*’iiiiii²‘‡i‡35{iiiiiiiii¹’'

1090 1747 1195 1810 Ἀργείων
1204 1750 1250 1798 ὺπδ
1259 1751 1324 1812 χερσί
1334 1750 1494 1814 δυσάμμορος,
1507 1753 1529 1799 ci
1539 1769 1578 1814 μεν
1587 1755 1682 1816 ἔπεφνον

1092 1819 1208 1881 πανσυδίῃ
1220 1821 1342 1881 θαμινησιν
1357 1820 1496 1884 ἀράσσοντες
1510 1823 1649 1872 λιθάδεσσιν.

1065 1960 1219 2017 Probabile
1228 1973 1270 2016 est
1278 1963 1385 2036 Canopi
1397 1979 1513 2035 quoque
1525 1963 1648 2036 origines
1657 1981 1802 2036 argumen-

1027 2056 1088 2100 tum
1108 2047 1191 2104 fuisse
1210 2051 1341 2104 carminis
1359 2049 1526 2104 choliambis
1540 2052 1713 2124 conscripti,
1730 2051 1803 2124 quud

1027 2133 1139 2190 duobus
1160 2133 1232 2190 iocis
1250 2136 1348 2192 laudat
1368 2137 1465 2209 Steph.
1491 2135 1558 2209 Βγτ.
1586 2155 1614 2190 ν.
1641 2134 1767 2212 Κόρινθος
1780 2149 1803 2191 et

1045 2243 1068 2276 ω
1085 2243 1113 2280 α.
1717 2265 1720 2268 -

1026 2239 1214 2381 χῶροίίοιιίί
1232 2312 1329 2366 nescio
1350 2310 1431 2382 cujus
1454 2307 1708 2384 Ὑπομνήματα,
1731 2313 1803 2368 haud

1026 2394 1117 2468 liquet
1148 2396 1294 2468 cujusnam
1319 2398 1443 2472 generis,
1473 2397 1625 2454 laudantur
1652 2400 1681 2452 in
1716 2401 1801 2454 schol.

1025 2483 1122 2556 Apoll.
1142 2485 1237 2540 Rhod.
1252 2485 1282 2554 l,
1298 2485 1355 2551 430
1372 2505 1379 2542 ε
1395 2482 1566 2549 Ἀπολλώνιός
1578 2506 1655 2562 φησιν
1670 2486 1698 2540 έν
1712 2485 1805 2564 πρώτῳ

1026 2570 1079 2626 τῶν
1095 2567 1357 2648 Ὑπομνημάτων
1370 2569 1414 2630 τδν
1428 2571 1532 2650 σίδηρον
1552 2569 1603 2628 ὑπὸ
1625 2573 1674 2628 τῶν
1689 2573 1805 2650 ἀρχαίων

1026 2654 1126 2733 χαλκὸν
1139 2658 1275 2735 λέγεσθαι·
1291 2659 1391 2734 ἀγνοῶν
1403 2656 1442 2718 ότι
1456 2657 1569 2734 μηδέπω
1582 2657 1729 2738 ιθρεθέντος
1742 2656 1806 2726 σιδή·

1028 2765 1073 2820 ρου
1080 2791 1089 2816 ,
1100 2747 1194 2825 χαλκῷ
1206 2747 1338 2826 ἐχρῶντο,
1351 2749 1386 2813 ὡς
1397 2745 1442 2805 καί
1455 2744 1575 2812 Ἡσίοδός
1588 2768 1662 2826 φησι.

1357 2920 1486 2942 ..0.-

1193 3069 1632 3158 APOLLOTHEMIS.

1065 3247 1209 3307 Plutarch.
1220 3251 1290 3321 Lyc.
1307 3267 1332 3304 c.
1345 3247 1378 3302 31
1399 3267 1406 3302 :
1418 3246 1581 3316 Τελευτῆσαι
1593 3243 1620 3303 δὲ
1630 3244 1674 3304 τδν
1685 3248 1808 3322 Λυκοῦρ-

1025 3335 1112 3410 γοναί
1134 3333 1181 3411 μέν
1200 3335 1225 3391 έν
1238 3333 1325 3414 Κίρριρ
1343 3332 1482 3412 λέγουσιν’,
1494 3332 1678 3410 ’Λπολλόθεμις
1700 3334 1748 3408 δὲ,
1772 3336 1805 3399 εἰς

1024 3411 1106 3482 Ἡλιν
1133 3420 1304 3496 κομισθέντα·
1330 3422 1443 3497 Τιμαῖος
1461 3421 1489 3479 δέ
1514 3419 1560 3479 καί
1583 3419 1761 3500 Ἀριστόξενος
1783 3425 1807 3480 έν

1025 3509 1119 3589 Κρήτη
1132 3509 1347 3570 καταύιώσαντα.
1360 3511 1489 3586 scriptor
1507 3511 1620 3567 aliunde
1631 3530 1691 3566 non
1712 3523 1806 3567 notus.

1346 3707 1476 3730 -οοο-

1057 3849 1470 3939 ARCHEMACHUS
1506 3851 1776 3942 EUBOEUS.

1324 4032 1499 4092 urrunnu.

1253 4193 1275 4246 r:
1296 4191 1405 4248 niuno
1425 4191 1571 4248 ranno.

1399 4355 1422 4390 ι.

1064 4443 1213 4498 Athenaeus
1226 4444 1279 4510 vl,
1300 4460 1331 4514 p.
1349 4441 1423 4508 264,
1442 4443 1468 4496 Α
1488 4457 1496 4497 :
1518 4436 1682 4516 Ἀρχέμαχος
1695 4439 1721 4498 δ’
1737 4442 1812 4520 ίντῇ

1025 4527 1097 4606 τρίτη
1117 4527 1249 4586 Εὖθοίκῶν
1264 4554 1276 4578 ι
1290 4527 1411 4586 Βοιωτῶν
1425 4525 1521 4604 (φησί)
1540 4529 1591 4583 τῶν
1610 4526 1659 4596 τήν
1685 4526 1812 4606 Ἀρναίαν

1024 4614 1227 4672 κατοικισάντων
1240 4616 1262 4672 οἷ
1275 4611 1313 4690 μή
1324 4613 1472 4692 ἀπάραντες
1487 4614 1522 4678 εἰς
1533 4611 1581 4683 τήν
1593 4612 1737 4688 Βοιωτίαν,
1751 4617 1811 4672 ἀλλ’

1230 4810 1280 4870 DE
1292 4809 1412 4869 REBUS
1426 4809 1594 4870 EUBOEAE.

1053 5008 1230 5078 Arcifemacirus
1247 5031 1334 5078 Rerum
1354 5029 1514 5080 Euboicarum
1532 5030 1592 5081 iibru
1609 5031 1680 5081 icriio
1699 5033 1811 5082 scribit:

1025 5127 1035 5150 ν
1053 5109 1182 5158 ΕκΒιεοίίε
1200 5107 1544 5171 ηιιίλτιιααιιιεοιιδίιίετευῑ,
1563 5110 1671 5174 Ιιίηιιίίιι
1686 5111 1812 5161 Boeciiam
