3830 5720
215 303 271 353 tut
770 287 976 348 Maurusii!
999 284 1258 346 PROTEGFORIS

213 423 329 500 ὑπῆρχον
344 421 378 487 τίς
391 419 445 486 ίτος
460 419 569 478 ἕκαστον
584 417 771 497 νομισμάτων)
782 461 789 490 ,
800 415 889 488 ἐπειδὴ
905 415 948 474 τόν
964 439 991 473 τι
1038 414 1342 494 έπιτρέποντοςῦλωςτοῦ
1351 407 1582 498 αὖτοκράτοροςάύ
1591 411 1654 472 neri
1662 411 1780 488 Ῥωμαίων

213 505 293 564 ἄλλον
307 505 410 588 φόρτον,
422 504 449 566 δν
464 508 494 564 ίιι
505 507 555 562 τῶν
570 503 715 584 χρημάτοιν
730 503 931 582 ένιπορεύσατο,
947 503 992 562 καί
1037 527 1065 566 σι
1080 503 1268 581 μηχανώμενος
1283 500 1331 582 έφη
1345 499 1482 580 βούλεσθαι
1492 500 1615 580 πηγνύναι
1624 500 1667 570 τὴν
1679 500 1781 580 γέρυραν,

125 577 135 598 ⁰
213 590 244 649 τδ
259 591 365 672 χρυσίον
376 589 443 670 έχων
456 591 585 662 έπανῆκεν
599 594 634 657 ώς
645 590 731 662 αὐτὸν,
747 593 841 657 ίκεῖνος
851 593 992 668 έναισχιιν·
1040 591 1125 658 ἄλλως
1138 588 1166 648 δέ
1180 589 1248 648 κατά
1261 589 1423 661 Σκλαύηνῶν
1436 579 1541 668 χωρεῖν,
1556 587 1598 646 καί
1609 587 1781 666 διαπτραιούμε-

213 678 311 736 τύτατα
321 677 367 736 καί
382 675 576 759 βαρύαρώτατα
591 676 664 758 άρνω
675 677 830 757 παραλύσας
842 675 887 744 τδις
899 677 993 748 συνθή-
1039 701 1080 744 νος
1091 677 1135 736 τὸν
1153 677 1223 738 Σάον
1238 675 1378 734 έπιύαίνων
1395 699 1423 735 τε
1437 679 1462 742 ές
1472 674 1519 746 τὴν
1531 678 1546 706 ⁴*
1560 675 1661 751 Ῥώμην
1676 666 1737 741 αῦδις
1747 677 1781 734 τὸν

214 789 277 836 κας,
289 765 319 832 ἃς
339 766 403 846 πρὸς
417 770 442 826 Τ
444 765 537 845 ιύίρισν
556 770 602 836 τῆς
617 765 751 844 Καίσαρος
765 764 892 824 ίπιάάντα
911 765 994 843 τύχης
1039 763 1142 843 Ἴστρον
1156 763 1327 834 διαὸήσισύαι
1338 767 1396 820 κατ’
1409 765 1505 834 αὐτῶν,
1516 763 1610 821 πλοίων
1622 764 1686 840 αύτῷ
1697 765 1781 820 πολλῶν

215 851 287 920 εὐθὺς
302 853 329 912 έν
344 855 438 933 ἀρχαῖς
454 850 612 924 ἐποιήσατο,
633 849 679 910 καί
692 859 857 930 πανστρατιᾷ
870 850 993 926 κινήσας,
1040 849 1113 929 παρὰ
1124 853 1175 908 τιῦν
1191 853 1249 928 (τοῦ
1260 853 1362 926 Beki.)
1378 849 1518 926 Ῥωμαίων
1531 847 1704 928 αὐτοκράτορος
1716 851 1737 914 ές
1748 849 1784 920 τὴν

215 939 360 1019 ἀφικνεῖται
371 939 439 998 κατά
451 937 483 1008 δὴ
493 937 536 996 τὸν
549 937 619 998 Σάον
630 936 758 1013 ποταμδν,
771 937 869 1013 μεταξύ
882 937 994 1016 Σιμμίου
1041 938 1162 999 trabere
1172 939 1454 1017 παρασκευαζομένων.
1467 941 1552 998 Τοῦτο
1562 938 1610 1016 γάρ
1619 935 1648 1007 δὴ
1660 935 1700 994 καί
1711 937 1784 1014 upriu-

213 1027 315 1092 πόλεως
334 1027 379 1085 καὶ
400 1023 573 1102 Σιγγηδόνος,
589 1023 633 1082 καί
652 1028 778 1102 γεφυροῦν
802 1024 931 1102 έπτχείρει
949 1023 992 1082 τὸν
1044 1049 1087 1106 ρον
1101 1025 1164 1106 πρὸς
1182 1025 1259 1106 χάριν
1273 1030 1319 1084 τοῦ
1341 1023 1481 1100 Ῥωμαίων
1501 1023 1624 1102 βασιλέως
1636 1021 1734 1101 πρᾶξαι,
1750 1023 1785 1080 καί

192 1181 196 1190 ¹
216 1117 288 1192 ῥοῦν,
304 1112 479 1171 ἐπιὸουλεύων
490 1111 536 1188 μὲν
552 1110 656 1190 Σιρμίιρ
667 1115 700 1190 τῇ
710 1111 784 1169 πόλει
796 1111 841 1170 καί
855 1111 996 1190 παραστή-
1043 1111 1144 1179 πολλίις
1159 1111 1336 1190 αἰχμαλώτων
1358 1110 1486 1190 μυριάδας
1506 1113 1536 1168 ὶκ
1548 1115 1593 1180 τῆς
1611 1109 1737 1184 Ῥωμαίων
1749 1113 1786 1184 γῆς

216 1203 311 1258 uerior
322 1198 420 1270 ταύτην
434 1198 601 1278 βουλόμενος·
614 1198 699 1263 δείσας
709 1198 752 1268 δέ,
769 1197 807 1274 μὴ
822 1197 996 1268 διακωλυθείη
1043 1198 1206 1270 Σκλαόηνοῖς
1220 1197 1419 1273 δεδουλωμένων
1439 1199 1571 1276 ἐλευθέρας
1585 1188 1652 1264 αῦθις
1668 1197 1787 1273 Ῥωμαίοις

215 1287 280 1366 πρὸς
292 1290 343 1344 τῶν
356 1285 498 1363 Ῥωμαίων
508 1289 560 1342 τῶν
576 1285 801 1364 ἕπιρυλαττάντων
816 1288 843 1344 έν
856 1285 996 1363 Σιγγηδάνι
1043 1289 1191 1346 ἀποδοῦναι.
1213 1289 1267 1346 Νῦν
1282 1285 1309 1345 δί
1322 1285 1443 1364 ύῦρίσθαι
1458 1285 1506 1362 μὲν
1520 1285 1592 1362 ίλιγε
1604 1284 1663 1364 πρδς
1682 1287 1752 1342 αύτῦιν
1763 1286 1786 1341 οὗ

215 1375 261 1433 καί
275 1373 322 1446 την
335 1375 363 1432 έκ
374 1375 471 1432 πολλοῦ
482 1377 526 1430 τοῦ
538 1371 631 1451 χρόνου
646 1370 736 1452 πεῖράν
749 1372 833 1430 τεκαὶ
847 1371 996 1447 ίπιστόμην
1045 1373 1210 1453 βουλομένων
1223 1373 1252 1432 τὸ
1267 1373 1408 1452 συνταχθίν
1424 1379 1566 1446 τηνικαῦτα
1580 1372 1648 1438 τέλος
1657 1371 1720 1450 napi
1730 1373 1787 1449 ορῦν

216 1465 242 1520 ἐν
257 1465 313 1527 ταῖς
332 1465 377 1519 τοῦ
393 1465 513 1535 ποταμοῦ
532 1459 621 1517 ναυσίν
639 1458 818 1535 ὑπειδόμενος,
841 1459 997 1538 βουλόμενός
1044 1461 1103 1520 καθ’
1118 1460 1227 1518 ἕκαστον
1242 1459 1347 1526 έτοςέπ’
1360 1457 1788 1536 αύτδνκατατιῦέναι·καίπρίσύεις
1834 1445 1841 1462 ’

218 1571 247 1605 τι
259 1549 311 1626 πρὸ
321 1551 365 1606 τοῦ
377 1547 425 1618 τὴν
437 1545 531 1626 βουλὴν
546 1548 571 1612 ἐς
582 1546 612 1604 τὸ
622 1544 731 1626 φανερὸν
744 1549 862 1604 ἐκπεσεῖν
872 1545 901 1604 τύ
913 1546 997 1625 ίγχεί·
1045 1548 1071 1606 δὲ
1096 1547 1210 1624 ’Abripere
1236 1546 1377 1612 σταλέντας
1398 1546 1462 1626 πρδς
1486 1549 1571 1604 αῦτῦιν
1590 1549 1729 1624 ἀνῃρῆσθαι.
1749 1543 1789 1604 riri

220 1657 293 1714 ρημα
313 1632 505 1704 τελεώσασθαι,
523 1635 603 1691 πλοῖα
624 1632 776 1710 συναγείρας
794 1631 863 1692 nori
882 1633 930 1703 τὴν
945 1633 999 1690 άνω
1044 1632 1168 1693 ταῦτάτε
1182 1633 1255 1705 ἥκειν
1276 1637 1301 1700 ές
1320 1634 1365 1692 τὸν
1385 1635 1464 1706 Σάον,
1480 1635 1526 1693 καί
1539 1633 1582 1694 irri
1600 1633 1678 1712 τούτῳ
1694 1631 1790 1711 πρίσὸεις

218 1721 374 1782 Παννωνίαν
389 1723 424 1786 εἰς
437 1719 481 1778 τὸν
492 1716 597 1800 Ἴστρον
608 1719 695 1778 πολλὰ
713 1719 812 1799 βαρέα,
828 1721 872 1780 καί
887 1724 915 1780 ού
930 1719 999 1778 κατδι
1046 1719 1164 1780 ἐκέλευσε
1178 1720 1298 1788 δέξασθαι
1317 1742 1372 1799 παρ
1397 1741 1477 1778 αιιτου
1496 1743 1540 1778 τον
1556 1722 1638 1790 Eitea
1656 1716 1791 1790 σταλησομί·

216 1806 294 1886 λόγον
307 1812 353 1879 τῆς
374 1811 536 1884 ναυπηγικῆς
555 1809 663 1886 τέχνης,
686 1807 756 1883 ὅμως
771 1809 801 1867 ἐκ
820 1811 871 1866 τῶν
891 1806 999 1866 ἐνόντων
1046 1828 1102 1873 νους
1116 1807 1150 1864 δι’
1174 1809 1252 1864 αὐτοῦ
1273 1809 1308 1872 ὡς
1327 1807 1369 1864 τδν
1391 1806 1585 1885 αὐτοκράτορα,
1603 1803 1647 1864 καί
1666 1803 1791 1873 αἰτήσοντας

218 1894 321 1973 μακράς
333 1893 534 1970 συμπηξάμενος
547 1893 734 1974 στρατιώτιδας
744 1901 821 1969 ναῦς,
832 1895 878 1954 καί
890 1892 1000 1960 πολλοὺς
1046 1892 1247 1972 παρασκευάσαι
1261 1891 1330 1952 κστδ
1343 1893 1386 1950 τὸν
1398 1891 1503 1970 Ἴστρον
1515 1895 1586 1972 αὐτῷ
1597 1893 1628 1950 τδι
1640 1893 1710 1948 πλοῖα
1720 1891 1792 1947 διαπι-

217 1982 246 2039 ir
259 1983 350 2046 αὐταῖς
362 1980 518 2046 ίπιύιδάσας
530 1979 639 2046 ὁπλίτας
653 1980 742 2060 ἐρέτας
762 2005 807 2056 τε,
821 1985 849 2041 οὐ
870 1981 998 2040 κατδικό-
1047 1985 1182 2059 μαιοῦσθαι
1206 1979 1328 2057 μέλλοντι
1349 1979 1419 2038 κατά
1446 1980 1617 2051 Σκλαάηνῦιν.
1644 1975 1751 2054 Ὀμνύειν
1771 1997 1792 2032 τε

218 2090 284 2144 σμον
301 2066 368 2124 siti
391 2067 557 2146 βαράαρικῦις
570 2090 598 2125 τε
617 2067 662 2126 καί
677 2069 823 2146 ἀνωμάλοις
834 2075 891 2135 ταῖς
900 2068 1001 2136 κώπαις
1047 2067 1136 2144 ἔλεγεν
1160 2066 1229 2145 ἔχειν
1259 2068 1368 2144 ίτοίμονς
1395 2067 1453 2134 τούς
1481 2067 1660 2142 νομιζομένους
1683 2063 1792 2141 μεγίστους

218 2152 362 2220 τύπτοντας
376 2155 406 2212 τὸ
417 2153 502 2234 ὕδωρ,
513 2151 621 2223 κινήσας
633 2153 736 2233 ἀθρόον,
749 2163 805 2220 ταῖς
819 2177 848 2214 τε
862 2155 1001 2236 ίπακτρίσι
1046 2155 1120 2234 παρά
1136 2177 1165 2212 τι
1184 2154 1300 2233 Ἀάάροις
1313 2156 1359 2214 καὶ
1376 2154 1521 2230 Ῥωμαίοις
1536 2153 1638 2232 ὅρκους,
1650 2155 1683 2218 ώς
1695 2149 1792 2224 οὐδεμίαν

219 2239 263 2298 τδν
274 2239 401 2316 ποταμὸν,
415 2239 459 2298 καί
475 2239 551 2306 αὐτὸς
560 2239 628 2316 μετὰ
639 2241 726 2310 πάσης
738 2247 783 2312 τῆς
795 2241 911 2321 Ἀύάρων
926 2266 1002 2322 στρα·
1045 2240 1103 2300 τινὰ
1113 2239 1181 2300 κατδ
1197 2241 1338 2315 Ῥωμαίων
1352 2241 1370 2312 ἦ
1383 2243 1453 2299 κατὰ
1466 2246 1514 2312 τῆς
1528 2241 1636 2319 Σιμμίου
1652 2237 1738 2300 πόλεως
1750 2257 1792 2310 μη·

220 2336 277 2393 orii<
291 2332 356 2406 πεζῇ
369 2326 411 2386 διὰ
431 2332 478 2398 τῆς
494 2330 638 2406 Σιρμιανῆς
651 2328 822 2407 πορευόμενος
839 2329 933 2402 νήσου,
947 2353 1001 2388 πα·
1046 2327 1196 2406 χανώμενος
1209 2327 1320 2407 βλάὸην,
1329 2329 1386 2386 ἀλλ’
1397 2329 1482 2407 ἕπὶτῇ
1493 2335 1539 2388 τοῦ
1551 2321 1792 2393 έδνουςτῦινΣκλτῦη·

221 2413 353 2492 ραγίνιται
368 2413 437 2472 κατά
455 2414 498 2472 τδν
523 2415 593 2474 Σάον
618 2413 748 2490 ποταμόν.
767 2416 1001 2496 Διαταραχύέντων
1046 2419 1096 2472 νῦιν
1111 2414 1195 2494 έρόδιρ
1209 2415 1256 2486 τὴν
1270 2414 1383 2495 γέφυραν
1403 2415 1524 2494 βαίλοιτο
1534 2414 1668 2486 πόξασδαι.
1679 2410 1791 2472 Ταῦταιύ

223 2501 250 2559 δὲ
261 2503 313 2558 τιῗιν
324 2503 351 2558 έν
366 2503 423 2568 ταῖς
436 2502 528 2560 πόλεσι
539 2500 645 2566 ταύταις
657 2500 799 2578 Ῥωμαίων
812 2503 857 2562 καί
872 2503 901 2562 τί
915 2504 1001 2582 ίγχεί-
1046 2501 1127 2560 πιστδι
1148 2501 1195 2578 μέν
1213 2501 1272 2560 oriar
1296 2505 1375 2583 Σήθῳ
1395 2504 1468 2582 αὐτῷ
1486 2502 1546 2562 οὔτε
1566 2502 1618 2568 τοῖς
1635 2503 1659 2558 έν
1678 2495 1793 2576 limiti*

147 2625 157 2645 r
223 2610 296 2667 ρημα
313 2587 519 2660 συννοησάντων,
539 2592 583 2646 τοῦ
598 2610 626 2646 τε
644 2591 670 2647 έν
682 2589 824 2666 Σιγγηδάνι
838 2596 1000 2670 στρατηγοῦ,
1048 2587 1131 2666 ἐδόκει
1148 2587 1300 2664 Ῥωμαίοις.
1317 2584 1413 2664 Ὅμως
1425 2588 1452 2646 δδ
1470 2587 1530 2646 ούτε
1547 2585 1707 2666 παρασκευὴν
1721 2580 1794 2650 inerit

225 2673 310 2744 Σήθου
322 2671 445 2749 strepa,
456 2675 602 2740 σῖῑίλᾱντος
612 2675 674 2755 πρὸς
684 2676 727 2733 τὸν
738 2677 873 2754 Χαγάνον,
885 2678 931 2736 καί
944 2681 1001 2736 ἐπε·
1046 2675 1115 2754 ἔχειν
1130 2674 1258 2752 οἰόμενοι,
1270 2677 1436 2755 στρατιωτῶν
1448 2699 1475 2734 τε
1489 2675 1584 2752 ὀλίγων
1596 2675 1676 2739 αὐτοῖς
1685 2670 1795 2748 παρόντων

222 2763 352 2840 ρωτιῦντος
360 2759 406 2818 ὅτι
418 2759 449 2831 δὴ
458 2761 502 2818 καί
514 2759 677 2837 βουλόμενος,
692 2762 795 2840 εἰρήνης
806 2763 912 2841 βεύαίας
920 2786 947 2820 τε
955 2763 1000 2822 καί
1046 2763 1091 2820 καί
1103 2761 1239 2840 δρομάδων
1251 2765 1314 2821 νεών
1325 2763 1429 2821 πολλῶν
1442 2764 1471 2821 ού
1483 2765 1633 2842 παρουσῶν,
1644 2751 1682 2818 rie
1693 2761 1733 2826 τῆς
1742 2751 1797 2822 καί·

221 2846 307 2924 φιλίας
324 2847 486 2920 συνεστώσης
500 2849 572 2928 αὐτῷ
591 2871 619 2906 τε
635 2849 679 2908 καὶ
693 2848 848 2927 Ῥωμαίοις,
869 2849 934 2929 πρὸς
954 2849 998 2908 τὸν
1051 2872 1116 2916 σεως
1130 2849 1226 2920 ταύτης
1238 2849 1357 2931 ἐξαίφνης
1368 2873 1395 2908 τε
1408 2850 1453 2908 καὶ
1464 2847 1662 2928 ἀπροσδοκήτως
1670 2841 1795 2923 γενομένης·

222 2932 292 2994 Σάον
306 2933 412 3012 ἀφίκετο
426 2933 552 3010 ποταμόν.
572 2933 628 3010 ἅμα
641 2934 668 2993 δὲ
680 2935 810 3012 λέγοντος,
822 2939 856 3003 ὡς
870 2937 899 2994 οὐ
912 2935 999 3014 περιό·
1046 2935 1101 3012 έμσ
1114 2960 1142 2995 τι
1153 2941 1198 2994 τοῦ
1209 2937 1331 3014 Χαγάνου
1341 2937 1482 2996 διαπειλεῖν
1493 2936 1639 3016 ἀρξαμένου
1649 2931 1691 2992 καί
1702 2933 1795 3005 διαμαρ-

220 3025 298 3101 ψεται
311 3027 437 3100 γεφυροῦν
448 3023 639 3101 ἐπιχειροῦντος
653 3024 730 3082 αὐτοῦ
745 3021 789 3081 τὸν
808 3022 939 3100 ποταμὸν,
953 3026 1001 3081 οῦκ
1045 3024 1185 3103 τύρασθαι,
1197 3027 1232 3091 ὡς
1246 3023 1323 3090 αὐτὸς
1337 3026 1384 3100 μίν
1396 3025 1453 3091 ταῖς
1463 3023 1531 3102 πρὸς
1542 3021 1684 3098 Ῥωμαίους
1692 3021 1796 3078 rueretu-

221 3191 306 3228 manos
315 3177 462 3228 comminisci
472 3177 599 3240 diguatus,
609 3181 831 3243 impudentissime,
841 3182 883 3242 nni
898 3181 1005 3230 barbaris
1048 3193 1074 3228 se
1084 3184 1177 3230 struere
1186 3181 1233 3241 ait,
1246 3181 1288 3230 sed
1299 3184 1327 3232 ut
1344 3183 1428 3232 matre
1438 3182 1566 3230 sclavinos
1576 3171 1798 3242 expeditiorersrso

222 3269 274 3304 mos
282 3259 328 3317 eet,
338 3255 442 3316 tradere,
453 3269 507 3317 quer
519 3269 575 3304 eum
584 3257 681 3306 Tiberio
691 3257 759 3306 initio
768 3258 820 3317 ojus
832 3259 933 3319 imperro
944 3259 1004 3307 iece-
1049 3263 1116 3320 peret
1124 3279 1130 3308 r
1139 3272 1164 3308 se
1175 3260 1315 3309 transmisso
1326 3261 1386 3318 Sao,
1397 3259 1519 3310 ettinibus
1531 3263 1687 3310 Romeuonrnr
1697 3251 1797 3316 umenti·

223 3334 274 3394 ret,
287 3333 360 3394 rupit,
377 3335 468 3382 etcum
487 3334 553 3381 omni
569 3334 677 3382 exercitu
691 3347 792 3382 movens
803 3334 833 3383 ari
853 3339 942 3384 sarum
959 3335 1004 3382 iiu-
1049 3349 1132 3386 rursus
1143 3339 1232 3388 istrum
1242 3338 1413 3399 traiecturum,
1425 3339 1512 3388 muitis
1523 3339 1554 3387 eri
1568 3337 1720 3398 najeertorrsrr
1729 3331 1754 3378 eb
1764 3331 1798 3375 im·

222 3410 289 3459 uium
301 3410 364 3459 inter
379 3411 494 3460 Sirmium
510 3410 625 3472 oppidum
636 3413 644 3473 (
655 3412 701 3460 hoe
717 3426 747 3462 ενι
759 3412 851 3461 insidiis
864 3427 949 3476 cepere
965 3427 1005 3462 m·
1050 3417 1159 3475 peratore
1168 3413 1657 3476 Romanorumimpetratisnaribus.idem
1666 3410 1736 3471 τοῖσι]
1744 3407 1798 3454 estet

223 3487 331 3547 putabet)
351 3489 375 3535 et
391 3487 549 3548 stngedonern
568 3492 646 3536 cestre
666 3490 745 3550 prurit,
767 3492 792 3538 et
814 3489 914 3538 iiurium
933 3493 1005 3552 pronis
1049 3493 1186 3555 ingratiem
1201 3497 1363 3542 itomenorum
1375 3493 1528 3556 imperatorie
1544 3493 1638 3550 iecisse,
1652 3485 1798 3539 etmulhflt·

221 3563 320 3624 jungere
331 3563 437 3624 suscipit.
451 3567 532 3626 Quum
546 3567 627 3614 autern
642 3565 737 3614 timeret
750 3568 925 3616 neeiiomenis
934 3569 1005 3626 turpe
1050 3584 1178 3620 manorum
1187 3571 1275 3632 miliia,
1285 3571 1327 3634 qui
1339 3572 1516 3620 inservituram
1526 3585 1541 3620 a
1551 3563 1747 3620 sensium-ndacii
1758 3561 1798 3610 tuis·

223 3639 324 3700 diretur,
338 3639 380 3701 qui
399 3638 534 3700 singedone
555 3639 579 3688 in
594 3641 707 3702 presidiis
725 3645 807 3702 eraut,
822 3645 927 3692 merisne
939 3645 1004 3705 quod
1049 3650 1115 3708 sent,
1129 3648 1239 3698 libertate
1250 3647 1477 3708 arremarensis
1489 3649 1629 3698 restituisse.
1641 3647 1704 3694 itane
1715 3635 1798 3688 nerodi-

223 3717 328 3766 muitum
338 3729 409 3766 usum
417 3719 441 3766 et
450 3718 573 3766 scientiam
583 3719 681 3767 narium
691 3719 795 3767 ssrrrrrints
804 3721 924 3771 hebebant
932 3738 939 3782 ς
948 3735 1006 3771 eorr-
1050 3725 1133 3786 rebat,
1144 3724 1400 3785 seesciarinisinjrrria
1408 3725 1525 3773 etieeturrr
1535 3761 1542 3785 ‚
1553 3722 1698 3787 quianotient
1706 3717 1801 3766 tributum

223 3794 304 3842 sitium
321 3797 541 3856 suurn‚entequarrr
555 3795 579 3844 in
591 3795 678 3856 vulgus
697 3796 867 3857 innotesceret,
878 3803 1004 3848 exsecutu-
1049 3801 1177 3862 quotannis
1193 3801 1234 3850 iiio
1247 3803 1354 3862 ternpore
1362 3800 1480 3850 indictum
1500 3799 1547 3850 sibi
1566 3800 1668 3859 mirere,
1685 3797 1731 3844 tum
1743 3791 1800 3839 etiem

224 3882 281 3928 rus,
295 3870 371 3918 nruita
383 3871 488 3920 rectoris
496 3871 625 3932 graviaque
636 3872 730 3934 σινῖςῖιι
740 3872 763 3921 in
775 3876 835 3922 istro
847 3886 888 3935 per
897 3877 1005 3936 superio·
1048 3879 1107 3941 quie
1118 3886 1225 3929 Areruur
1238 3880 1327 3942 legatus
1340 3891 1391 3928 ase
1403 3879 1488 3928 missos
1497 3877 1659 3936 sustulissent,
1670 3877 1693 3924 et
1702 3883 1748 3921 eam
1763 3875 1801 3936 rsa

223 3961 274 3998 rem
295 3951 442 4000 Pannoniam
456 3951 546 4012 coegit,
563 3950 706 4012 exquibus,
725 3965 885 4014 quecumque
900 3953 1005 4002 nancisei
1049 3969 1146 4004 seusam
1161 3969 1205 4004 οιιτ
1221 3955 1252 4004 ed
1270 3959 1343 4006 saum
1356 3955 1501 4004 secessisset.
1515 3958 1600 4017 traque
1609 3953 1702 4004 sethum
1712 3945 1801 4005 excipere

223 4025 315 4086 potuit,
332 4039 380 4074 non
396 4027 493 4088 quidem
511 4027 543 4076 ari
561 4027 619 4076 artis
638 4028 735 4076 narium
752 4028 948 4078 nstitisandrrrum
964 4043 1004 4078 re·
1047 4034 1119 4094 jussit
1134 4035 1238 4096 rogatos,
1260 4047 1320 4096 quos
1335 4035 1366 4083 ed
1381 4035 1552 4096 imperatorem
1569 4032 1689 4090 mittebat.
1703 4026 1739 4090 qui
1749 4023 1801 4085 δίε·

223 4103 329 4162 tionem,
339 4106 422 4152 temen
435 4117 509 4154 neres
521 4119 550 4154 ea
565 4105 744 4167 magnitudine,
755 4110 783 4155 ut
795 4107 826 4157 ed
840 4107 930 4157 betium
943 4111 1006 4172 aptes
1050 4113 1104 4160 rent
1117 4113 1144 4161 ut
1157 4111 1201 4160 sibr
1216 4111 1239 4159 in
1255 4111 1377 4162 marinos
1388 4111 1518 4171 traiecturo
1536 4123 1610 4160 nares
1618 4121 1659 4171 per
1668 4109 1747 4156 istrum
1755 4109 1802 4160 1³m

222 4180 312 4239 essent,
327 4181 462 4242 erutruxii,
478 4181 503 4229 et
519 4195 558 4230 ees
577 4183 714 4232 hominibus
729 4184 828 4234 armatis
839 4187 864 4234 et
877 4185 1006 4247 remigibus
1049 4191 1151 4251 pararet.
1164 4189 1270 4250 Adjeoit,
1282 4202 1307 4238 se
1317 4203 1358 4252 per
1367 4203 1459 4252 eaque
1472 4189 1570 4252 etepud
1579 4183 1724 4239 nommoeet
1732 4185 1803 4229 irem

224 4255 402 4318 instruxit‚qui
411 4256 539 4306 herbarum
549 4259 572 4306 irr
582 4271 673 4308 rnorem
683 4260 812 4310 inconditis
819 4261 907 4310 ictibus
916 4275 1005 4324 aquam
1048 4266 1196 4314 sanob'ssime
1210 4265 1337 4326 imitentur,
1347 4269 1457 4327 peretum
1471 4267 1561 4326 jurene,
1572 4279 1598 4314 se
1609 4263 1698 4314 nuiirrur
1708 4259 1803 4307 damnum

225 4333 391 4384 verberabant.
402 4337 515 4385 itesimui
526 4338 600 4386 siesse
610 4351 695 4399 magno
702 4343 771 4388 nrotu
780 4339 879 4391 iiumiue
889 4341 1003 4401 derecta,
1049 4343 1152 4404 cogitare
1166 4345 1209 4392 aur
1223 4343 1336 4392 Romanis
1347 4347 1389 4393 eut
1401 4342 1489 4404 oppido
1501 4344 1588 4393 Sinnio
1605 4342 1700 4400 inferre,
1711 4333 1746 4385 §td
1759 4335 1803 4379 ¹³¹1'

225 4425 281 4459 curn
296 4413 409 4462 omnibus
428 4418 532 4463 irarum
548 4417 698 4476 pedestribus
717 4419 792 4479 copiis
804 4433 846 4481 per
860 4420 1004 4469 §irmionem
1050 4423 1116 4480 turn,
1127 4433 1176 4481 quo
1190 4419 1235 4469 sibi
1246 4419 1339 4469 editum
1348 4419 1378 4468 ed
1393 4420 1517 4470 Suarines
1527 4419 1667 4482 patoteoiet,
1683 4406 1803 4479 pontrmia·

224 4489 326 4536 insuiam
337 4501 434 4538 crrrsurn
445 4491 613 4552 tenuit‚etad
625 4497 698 4542 Seum
711 4495 813 4544 iiurimn
825 4497 942 4558 pervenit.
954 4500 1005 4546 iios
1049 4499 1249 4548 esreinstirrrisse.
1263 4499 1305 4547 iiis
1316 4498 1415 4560 quidem
1432 4499 1519 4547 sethus
1530 4497 1675 4558 etiiorrreni,
1686 4494 1724 4556 qui
1740 4489 1804 4544 sing*

224 4569 353 4625 ronsprcro
371 4569 497 4627 apparatu,
517 4569 634 4628 Romani,
650 4571 692 4631 qrri
704 4571 727 4619 in
740 4570 841 4620 urbibus
852 4574 877 4621 in
895 4586 923 4622 ee
937 4576 1005 4635 perte
1049 4575 1113 4626 done
1121 4579 1198 4637 erent,
1208 4577 1306 4626 minime
1313 4577 1418 4626 ridebant
1429 4577 1484 4626 :sed
1494 4589 1521 4626 se
1533 4577 1618 4626 idoneo
1629 4573 1726 4624 exercitu
1733 4569 1803 4616 instru-

224 4641 276 4688 siiis
288 4640 435 4702 hebitairent,
454 4644 608 4694 vehementer
626 4649 683 4695 sunt
694 4647 835 4708 perturbari.
850 4652 907 4698 Erat
918 4651 1006 4700 sethus
1049 4655 1113 4713 otus,
1123 4655 1166 4702 eut
1179 4653 1315 4714 militibus(
1323 4666 1412 4715 pausos
1426 4653 1490 4702 eninr
1514 4652 1652 4712 habebant)
1665 4653 1704 4697 eut
1722 4640 1804 4692 neribus

227 4717 362 4777 Sffssssssdfflie
378 4719 512 4780 itfaesessius·
526 4724 548 4770 ¹⁸
561 4721 592 4770 ad
608 4723 749 4786 Cbaganunr
769 4725 842 4784 misit,
857 4727 937 4786 quien
955 4728 1005 4788 ipso
1049 4731 1280 4780 velocibusminime
1297 4731 1355 4780 setis
1365 4731 1460 4792 paratos
1475 4743 1526 4778 esse
1545 4729 1686 4790 cogitabant.
1706 4715 1803 4772 iiicrniur

225 4797 359 4854 quereret,
370 4798 483 4857 quoniam
493 4810 538 4860 par
549 4802 573 4849 et
584 4800 689 4848 amicitia
698 4801 732 4850 iiii
748 4814 803 4849 rum
812 4803 925 4852 Romanis
935 4807 1005 4864 esset,
1049 4813 1131 4856 motus
1144 4807 1174 4856 tie
1197 4806 1326 4868 improviso
1344 4809 1369 4856 et
1383 4809 1468 4868 praeter
1479 4819 1547 4868 spem
1567 4803 1690 4855 emitteret
1709 4797 1804 4848 i‘raterffl

225 4869 283 4929 quiri
297 4871 341 4918 sihi
349 4873 434 4933 veliet,
442 4875 506 4936 quud
518 4875 548 4934 eri
556 4880 629 4926 Saum
638 4877 753 4936 venisset,
761 4890 833 4939 quern
845 4879 865 4928 si
875 4880 1004 4941 pontejurr·
1050 4885 1178 4946 chaganus
1191 4885 1296 4934 minitari
1306 4886 1378 4947 eoepit
1391 4889 1415 4934 et
1426 4883 1557 4946 testificari,
1574 4897 1600 4933 se
1611 4883 1686 4932 soiuur
1701 4869 1804 4926 corrnatis

225 4960 280 5005 pere
295 4948 428 5000 inconsulto
447 4953 589 5014 imperatore
610 4957 726 5015 tentaret,
739 4969 787 5004 ιιοιι
808 4970 920 5018 pessrrrus
935 4963 1003 5008 esset.
1050 4963 1179 5010 interseri
1191 4963 1311 5011 Romanos
1321 4963 1386 5024 peris
1397 4961 1575 5011 conditionibus
1586 4963 1661 5018 stare,
1677 4959 1699 5005 et
1710 4949 1804 5014 quonian

226 5023 279 5085 tito,
293 5039 339 5072 non
350 5029 376 5076 ut
388 5029 516 5091 quicquain
524 5032 578 5080 nraii
588 5032 703 5082 horreariis
712 5033 901 5096 machinaretur,
909 5038 1006 5097 pontem
1051 5038 1075 5087 in
1083 5051 1222 5089 murmures
1233 5051 1290 5088 suos
1299 5041 1323 5089 et
1334 5041 1498 5089 Romanorum
1511 5038 1592 5088 hostes
1600 5036 1686 5100 pergat,
1694 5028 1805 5080 minimest
