3766 5726
189 339 245 390 trs

220 465 266 520 ud
279 466 389 521 Persica
402 463 506 520 referre
521 466 602 536 licet,
625 465 647 516 si
662 463 775 518 Batonis
794 472 874 529 sunt,
892 480 953 534 quae
968 489 972 498 ·

178 555 310 626 leguntur
324 553 401 626 apud
413 550 585 626 Stephanum
595 553 662 622 Byz.
680 567 687 606 ι
704 547 763 614 Διὸς
773 545 889 618 πόλις,ἡ
905 569 952 622 μι-

178 640 247 716 γάλη
272 639 344 705 πόλις
367 643 412 710 τῆς
437 636 583 714 Αἰγυπτίας
611 629 760 706 Θηόαίδος,
785 638 802 706 ἡ
827 633 953 712 λεγομένη

179 725 392 802 Ἑκατόμπυλος,
408 725 507 801 κτίσμα
523 723 653 802 Ὀσίριδος
665 721 710 780 καὶ
725 719 828 788 Ἰσιδσς.
846 721 913 802 Πρὶν
929 721 954 780 δὲ

179 811 228 870 ὑπὸ
242 815 352 892 Περσῶν
368 813 555 892 ἀφανισθῆναι,
572 809 635 890 φησί
651 809 783 884 Κάτων,
803 805 842 866 ότι
863 807 955 888 μυρίας

178 901 323 980 τρισχιλίας
339 900 430 975 κώμας
454 891 508 978 εἶχε
530 898 575 956 καί
589 900 729 978 τριάκοντα
749 895 911 976 ,ἀνθρώπων
928 895 955 954 δέ

181 989 309 1066 μυριάδας
323 986 493 1060 ἑπτακοσίας,
504 988 619 1065 άρουρῶν
628 985 654 1043 δέ
667 983 746 1042 τόπον
759 981 955 1062 μεμετρημένον

181 1075 330 1154 τρισχιλίων
345 1073 390 1133 καὶ
401 1073 571 1144 ἑπτακοσίων,
584 1072 675 1130 ἑκατὸν
690 1070 716 1130 δέ
731 1071 816 1137 πύλας
831 1073 954 1130 διακεκο-

179 1161 329 1238 σμημένος,
345 1165 500 1240 τετρακόσια
513 1162 605 1218 στάδια
618 1159 648 1218 τό
666 1162 757 1234 μῆκος.
773 1162 817 1216 lbi
831 1179 885 1234 pro
899 1157 958 1218 iii-

179 1272 231 1307 των
239 1251 420 1306 scribendum
432 1269 489 1305 esse
501 1247 592 1306 Βάτων
603 1249 723 1320 conjecit
732 1247 827 1302 Ebert.
841 1249 871 1301 in
882 1249 954 1303 Diss.

180 1339 235 1398 Sic.
252 1359 282 1414 p.
298 1347 345 1412 94.
355 1337 460 1392 Eadem
475 1340 606 1411 leguntur
620 1337 648 1390 in
661 1335 774 1390 scholiis
788 1335 824 1389 ad
838 1334 919 1391 Iliad.
936 1356 958 1403 t,

182 1425 254 1501 383,
271 1428 319 1480 ubi
333 1428 400 1482 item
411 1425 544 1480 laudatur
556 1421 663 1481 Κάτων.

240 1599 331 1658 ΠΕΡΙ
352 1597 430 1657 ΤΩΝ
453 1596 501 1656 EN
523 1596 650 1677 ΕΦΕΣῼ
674 1593 895 1654 ΤΥΡΑΝΝΩΝ.

559 1763 585 1800 1.

221 1880 370 1934 Athenaeus
382 1879 444 1945 Vll,
459 1896 486 1950 p.
498 1875 566 1950 289,
578 1877 608 1945 C,
621 1875 656 1930 de
666 1876 826 1929 Menecrate
835 1875 960 1945 Syracu·

181 1985 249 2020 sano
272 1965 400 2032 medico,
421 1968 469 2036 qui
486 1965 580 2018 lovem
606 1980 635 2017 se
659 1962 773 2018 dicebat
794 1957 885 2024 εΤοὺς
898 1963 960 2034 γοῦν

182 2050 399 2130 θεραπευομένους
413 2051 457 2105 ὑπ’
479 2050 556 2105 αὐτοῦ
574 2046 620 2112 τὰς
644 2045 714 2122 ἱεράς
737 2044 898 2120 καλουμένας
919 2044 961 2102 νό·

183 2159 259 2213 σους,
272 2135 463 2215 συγγράφεσθαι
473 2136 627 2212 ἠνάγκαζεν,
637 2133 677 2191 ὅτι
687 2131 879 2202 ὑπακούσονται
889 2133 961 2210 αὐτῷ

182 2226 268 2283 δοῦλοι
281 2222 473 2303 περισωθέντες.
493 2221 547 2281 Καὶ
560 2222 717 2291 ἠκολούθουν
733 2225 747 2278 δ
760 2219 807 2295 μέν
825 2243 863 2285 τις
874 2219 962 2295 Ἡρα-

182 2311 272 2377 κλέους
284 2309 379 2380 σκευὴν
401 2308 479 2386 ἔχων,
493 2308 538 2367 καλ
554 2307 711 2384 καλούμενος
730 2305 864 2385 Ἡρακλῆς
888 2308 897 2383 ί
909 2309 932 2366 N
940 2329 960 2362 ι-

182 2398 322 2477 κόστρατσς
337 2400 359 2454 δ’
374 2388 405 2468 ἦν
418 2387 503 2468 οὗτος,
526 2395 683 2474 δ’λργεῖος,
705 2393 776 2472 ἱερὰν
798 2393 871 2450 νόσον
884 2399 960 2471 θερα-

183 2484 295 2550 πευθείς.
309 2483 474 2559 Μνημονεύει
488 2482 510 2540 δ’
524 2485 610 2541 αὐτῶν
621 2480 755 2560 Ἔφιππος
765 2481 791 2538 έν
808 2481 958 2558 Πελτααιῇ,

183 2572 265 2649 λέγων
278 2564 344 2630 ὧδε·

249 2720 285 2768 Οὐ
296 2718 441 2781 Μενεκράτης
454 2720 495 2781 μὲν
507 2719 606 2781 ἔφασκεν
616 2715 675 2765 εἶναι
683 2715 737 2771 Ζεὺς
746 2715 808 2775 θεὸς,
884 2683 886 2688 Ι

246 2789 402 2850 Νικόστρατος
412 2789 432 2837 δ’
439 2791 541 2851 tersior,
553 2789 627 2850 ἕτερος
636 2787 751 2850 Ἡρακλῆι
762 2786 785 2836 λ·

185 2928 262 2995 άλλος
276 2927 304 2986 δέ
312 2950 363 3000 τις,
376 2929 411 2992 ιὺς
421 2924 540 3004 Ἑρμῆς,
554 2923 668 3003 χλαμύδ’
680 2927 747 3004 έχων
759 2922 805 2981 καί
814 2922 960 3000 κηρύκειον,

184 3016 247 3095 πρὸς
259 3017 286 3074 δέ
299 3013 397 3080 τούτοις
408 3014 507 3093 πτερά·
517 3017 553 3080 ὡς
565 3019 579 3072 θ
590 3013 709 3084 Ζελείτης
720 3011 878 3090 Νικαγόρας,
893 3010 962 3068 ὁκαὶ

183 3109 230 3175 τῆς
254 3103 377 3180 πατρίδος
397 3100 577 3180 τυραννήσας,
595 3104 631 3167 ὡς
646 3103 744 3178 ἱστορεῖ
758 3099 850 3159 Βάτων
863 3101 889 3156 ἐν
902 3104 970 3206 τοῖς,

487 3289 655 3350 Paesici.

559 3415 571 3464 1

216 3507 340 3568 Diospolis,
353 3506 507 3555 marimaiila
514 3504 704 3554 urbs'ibebaldis
711 3504 736 3552 iu
746 3506 962 3566 egyptomuoeve

183 3588 251 3634 catur
264 3583 460 3644 tlemtompylus,
471 3583 664 3644 contempnetis
675 3584 818 3640 inanitate,
828 3581 859 3631 ab
869 3580 963 3630 osiride

184 3665 209 3710 et
221 3661 281 3710 iside
292 3659 388 3708 condita
404 3662 448 3708 est.
462 3661 596 3720 Antequam
609 3671 623 3706 a
642 3659 719 3708 Persis
730 3658 874 3718 dirueretur,
887 3659 963 3707 Batou

183 3739 217 3787 ait
225 3739 334 3786 babuisse
342 3751 396 3786 eam
405 3737 513 3785 vieonrm
523 3735 638 3784 tredecim
648 3735 722 3784 millia
732 3738 756 3785 et
765 3736 877 3797 triginta,
887 3735 964 3784 bomi-

184 3828 242 3862 num
260 3815 406 3876 septingenta
417 3813 504 3873 miliia,
521 3813 571 3874 agri
586 3812 686 3862 dimensi
703 3813 788 3873 jugera
799 3813 844 3862 tria
855 3813 929 3862 millia
940 3814 964 3862 et

184 3894 345 3954 septingenta,
362 3895 458 3941 centum
470 3894 550 3954 portas
567 3891 658 3953 egregie
669 3892 809 3952 instructas,
822 3895 847 3941 et
863 3891 964 3953 quadra·

184 3971 248 4032 ginta
258 3971 335 4020 stadia
343 3970 501 4032 longitudinis

296 4099 348 4158 Dii
367 4100 619 4162 EPHESIORUM
640 4101 849 4160 TYRANNIS.

562 4245 586 4294 1.

215 4333 361 4382 Menecrates
372 4333 533 4393 Syracusanus
542 4345 583 4382 eos
594 4346 655 4396 quos
666 4345 680 4382 a
691 4333 764 4382 saeris
779 4332 871 4383 morbis
883 4345 964 4382 ouras·

185 4411 233 4468 set,
244 4409 333 4470 scripto
344 4421 429 4458 cavere
439 4411 529 4471 coegit,
539 4410 744 4471 obtemperaturos
754 4423 780 4459 se
791 4409 826 4458 iili
836 4423 965 4472 servosque

187 4487 291 4546 tuturos,
314 4486 355 4534 ubi
376 4487 560 4536 muraluissent.
582 4488 795 4550 Sequebanturque
814 4501 883 4548 eum,
904 4489 965 4538 alius

186 4563 293 4611 Herculis
304 4563 386 4612 babitu
399 4563 496 4612 indutus
509 4558 533 4613 e't
544 4566 666 4614 Hercules
681 4565 862 4627 coguomiuatus
877 4565 963 4629 (Nico

185 4641 273 4688 atratus
283 4639 302 4688 is
314 4640 360 4688 tuit
370 4641 483 4701 Αιςίνιιε,
492 4653 559 4689 sacro
569 4641 654 4690 morbo
663 4641 791 4703 liberatus,
802 4643 869 4702 cujus
879 4645 964 4694 memi-

185 4716 221 4764 nit
233 4717 355 4778 Epirippus
364 4716 388 4764 in
401 4717 517 4777 reiteste,
528 4717 563 4767 lais
572 4709 651 4768 verbis
663 4737 668 4766 :

239 4854 317 4897 Nonne
329 4855 464 4896 ilenecmtes
473 4851 540 4896 deum
551 4855 629 4897 Ιίονσιιι
644 4865 667 4898 se
676 4865 722 4898 eme
731 4855 831 4906 ‹licebatr

238 4921 376 4964 Nicostratus
385 4931 440 4964 vero
449 4921 560 4975 Αιςίναε,
572 4921 667 4965 aiterum
677 4933 699 4967 se
710 4924 846 4968 ilercmemi
854 4926 870 4978 i,

186 5037 246 5085 alius
262 5049 319 5085 vero
337 5036 448 5086 Mercurii
467 5035 564 5098 babitu,
584 5038 733 5102 chlamydem
753 5042 846 5100 gestans
858 5043 882 5090 et
893 5043 963 5090 cadu-

185 5126 254 5162 ceum
272 5113 414 5175 insuperque
426 5112 488 5176 ales;
506 5115 540 5164 sic
554 5116 639 5166 Zelites
651 5117 789 5179 Nicagoras,
802 5117 821 5167 is
834 5119 874 5179 qui
892 5119 963 5168 etiam

771 327 935 389 aaronis
956 325 1177 388 sinopensis

998 459 1064 536 Περὶ
1071 461 1121 514 τῶν
1133 461 1158 516 ἓν
1172 457 1275 536 Ἐφέσῳ
1284 449 1423 536 τυράννων.
1436 461 1477 515 De
1488 461 1625 536 Nicagora
1634 463 1670 520 cs.
1681 463 1777 522 clem.

998 549 1076 602 Alex.
1090 548 1231 621 Protrept.
1248 567 1277 622 p.
1295 546 1331 613 48
1344 549 1416 602 Ροιι.

1374 671 1400 710 a.

1038 748 1138 804 Suidas
1154 767 1161 805 ε
1182 745 1335 824 Πυθαγόρας
1356 746 1493 826 Ἐφέσιος,
1508 747 1658 814 καταλύσας
1674 750 1708 806 δι’
1721 752 1785 808 ἐπι-

999 831 1094 904 touta<
1108 831 1154 904 τὴν
1170 837 1220 891 τῶν
1241 835 1400 894 Βασιλειδῶν
1421 833 1583 910 καλουμένην
1602 834 1702 914 ἀρχὴν,
1720 843 1786 894 ἆνε-

1000 920 1067 999 φάνη
1083 943 1112 978 τι
1123 919 1244 1032 τύραννος
1260 919 1429 999 πικρότατος,
1452 921 1549 1002 καὶτῷ
1570 921 1616 1000 μέν
1631 923 1712 1001 δήμῳ
1735 925 1785 981 καὶ

1000 1011 1032 1082 τῇ
1045 1007 1140 1080 πληθύι
1157 1032 1188 1080 ην
1202 1007 1287 1066 τεκαὶ
1302 1009 1384 1066 ἐδόκει
1396 1010 1596 1087 κεχαρισμένος,
1610 1009 1668 1086 ἅμα
1682 1011 1719 1068 eir
1736 1012 1787 1085 μὲν

1000 1095 1092 1160 αὑτοὺς
1104 1094 1248 1164 ἐπελπίζων
1271 1094 1451 1172 ὑποσχέσεσιν,
1465 1093 1498 1152 τά
1510 1093 1537 1152 δὲ
1550 1095 1718 1173 ὑποσπείρων
1735 1100 1788 1154 αὖ·

1000 1181 1052 1248 τοῖς
1067 1181 1142 1260 ὀλίγα
1154 1183 1248 1260 κέρδη·
1265 1181 1322 1248 τούς
1336 1205 1365 1259 γι
1380 1181 1466 1258 μὴνέν
1479 1181 1582 1250 ἀξιώσει
1594 1205 1622 1240 τε
1636 1183 1684 1241 καί
1698 1185 1788 1242 δυνά-

1002 1292 1045 1342 μει
1059 1272 1204 1349 περισυλῶν
1225 1270 1270 1329 καί
1291 1269 1410 1344 δημεύων
1425 1270 1538 1350 φορητὸς
1556 1270 1658 1347 οὐδαμά
1673 1274 1786 1348 οὐδαμῆ

1001 1347 1043 1428 ἦν.
1060 1356 1115 1417 Καὶ
1135 1357 1246 1414 κολάσαι
1265 1355 1292 1413 δέ
1313 1356 1456 1432 πικρότατα
1472 1359 1519 1416 οὐκ
1538 1355 1569 1414 δν
1589 1355 1709 1428 ὤκνησε,
1735 1362 1786 1418 καὶ

1003 1443 1174 1523 ἀφειδέστατα
1188 1444 1339 1502 ἀποκτεῖναι
1354 1443 1427 1502 οὐδέν
1443 1445 1604 1509 ἀδικοῦντας·
1627 1444 1790 1517 ἑξελύττησε

1002 1530 1053 1610 γάρ
1065 1533 1100 1597 εἰς
1112 1537 1196 1590 ταῦτα
1211 1531 1274 1608 ἔρως
1291 1553 1329 1596 τις
1340 1529 1484 1608 χρημάτων
1496 1533 1619 1610 ἄμετρος·
1632 1533 1679 1590 καὶ
1690 1533 1789 1592 διαδο-

1003 1619 1060 1684 λαῖς
1070 1625 1127 1684 ταῖς
1141 1619 1176 1684 εἰς
1193 1615 1251 1682 τοὺς
1274 1615 1410 1683 πλουσίους
1429 1619 1609 1692 ἔκριπισθῆναι
1622 1617 1791 1696 κωφότατος

1003 1695 1046 1776 ἦν,
1061 1704 1208 1783 Ἀπέχρησε
1223 1704 1270 1780 μέν
1291 1694 1334 1762 οὑν
1355 1702 1400 1762 καὶ
1411 1709 1494 1763 ταῦτα
1504 1703 1536 1763 ἂν
1549 1703 1663 1764 κάκιστα
1679 1707 1791 1786 σἰνθρώ-

1004 1813 1059 1848 πων
1079 1789 1206 1849 ἀπολέσαι
1229 1787 1323 1848 αύτόν·
1346 1789 1396 1861 ἤδη
1411 1789 1437 1848 δέ
1452 1792 1554 1850 καὶτοῦ
1567 1790 1635 1850 θείου
1649 1795 1792 1872 κατεφρό-

1003 1900 1051 1938 νει.
1066 1878 1126 1936 Τῶν
1136 1882 1198 1956 γοῦν
1208 1878 1411 1955 προειρημένων,
1426 1867 1463 1943 οἷς
1477 1877 1595 1954 ἐπέθετο,
1609 1880 1792 1955 παμπόλλαις

1005 1968 1031 2023 έν
1044 1971 1096 2030 τοῖς
1108 1971 1178 2029 ναοῖς
1198 1962 1340 2020 ἀπέκτεινε·
1353 1964 1406 2030 ένὸς
1423 1964 1450 2021 δέ
1460 1963 1508 2034 τὴν
1520 1964 1649 2043 θυγατέρα
1664 1988 1792 2047 καταφυ-

1005 2055 1102 2130 γοῦσαν
1122 2052 1157 2117 εἰς
1179 2048 1209 2108 τὸ
1222 2049 1290 2128 ἱερὸν
1305 2053 1452 2122 ἀναστῆσαι
1466 2050 1514 2128 μέν
1527 2051 1608 2122 αὐτὴν
1625 2053 1722 2130 βιαίοις
1743 2058 1792 2114 οὐκ

1007 2137 1165 2213 ἐτόλμησεν,
1189 2141 1285 2214 συνεχῆ
1303 2136 1331 2195 δὲ
1342 2137 1460 2217 φυλακὴν
1480 2138 1622 2210 ἐπιστήσας
1637 2138 1793 2218 ἐξετρύχω-

1006 2247 1048 2282 σεν
1065 2224 1116 2302 ἄρα
1129 2225 1154 2290 ές
1172 2230 1305 2297 τυσοῦτον,
1325 2228 1360 2290 ιὺς
1383 2224 1471 2304 βρόχῳ
1491 2225 1538 2295 τὴν
1553 2225 1632 2306 κόρην
1646 2227 1693 2285 τὸν
1707 2229 1792 2302 λιμὸν

1006 2313 1159 2391 ἀποδρᾶναι.
1171 2313 1274 2372 Ούκούν
1288 2311 1448 2384 ἠκολούθησε
1460 2312 1572 2390 δημοσία
1586 2313 1659 2379 νόσος
1671 2317 1720 2372 καὶ
1729 2337 1793 2394 τρο-

1006 2403 1061 2479 φῶν
1080 2397 1191 2477 ἀπορία·
1210 2398 1255 2456 καλ
1267 2398 1384 2457 σαλεύων
1407 2403 1421 2458 δ
1441 2400 1593 2479 Πυθαγόρας
1612 2397 1678 2479 ὑπὲρ
1690 2405 1794 2461 ἑαυτοῦ

1007 2487 1040 2552 είς
1059 2485 1173 2565 Δελφαδς
1192 2484 1347 2562 ἀπέστειλε,
1369 2485 1415 2544 καί
1439 2485 1496 2564 ᾔτει
1519 2485 1592 2544 λύσιν
1611 2489 1662 2543 τῶν
1684 2491 1794 2545 κακῶν.

1005 2571 1040 2632 Ἦ
1054 2572 1081 2630 δέ
1092 2572 1158 2653 ἔφη,
1173 2573 1236 2630 νεὼν
1248 2575 1396 2642 ἀναστῆσαι
1407 2573 1452 2631 καλ
1461 2575 1586 2642 κηδεῦσαι
1597 2573 1654 2638 τοὺς
1666 2577 1792 2654 νεκρούς.

1006 2651 1060 2720 Ἦν
1074 2661 1101 2718 δὲ
1116 2659 1168 2738 πρὸ
1181 2659 1268 2738 Κύρου
1280 2659 1460 2739 τοῦλΠέρσου,
1476 2660 1510 2727 ὥς
1522 2683 1584 2739 φησι
1597 2660 1701 2720 Βάτων.

1046 2751 1123 2806 Finis
1130 2751 1297 2806 narrationis
1305 2749 1491 2808 desideratur.
1503 2750 1621 2806 suidam
1631 2751 1693 2805 baec
1704 2751 1796 2806 Bato·

1006 2839 1049 2892 nis
1061 2856 1096 2894 ex
1111 2837 1262 2912 deperdito
1271 2838 1346 2892 libro
1357 2837 1458 2892 AEliani
1468 2839 1510 2894 De
1519 2836 1704 2911 providentia
1718 2857 1797 2892 snm·

1006 2927 1090 3000 psisse
1103 2927 1262 3000 suspicatur
1284 2927 1412 2994 Kiister,
1433 2924 1635 2980 accedentibus
1656 2925 1797 2998 Toupio,

1006 3012 1403 3083 Valckenario,Bernbardyo.
1412 3043 1451 3054 -
1459 3009 1633 3086 Βασιλειδῶν]
1646 3011 1734 3085 Vulg.
1744 3015 1797 3088 βα-

1008 3096 1123 3168 σιλίδων,
1145 3117 1175 3154 ν.
1201 3097 1333 3156 Dindorf.
1357 3098 1388 3152 in
1408 3099 1507 3172 Steph.
1532 3099 1614 3156 Thes.
1641 3115 1666 3154 a.
1689 3117 1722 3154 ν.
1748 3101 1795 3158 Cf.

1007 3259 1158 3320 tyrannidem
1174 3271 1225 3308 suae
1245 3259 1328 3321 patrie
1346 3260 1517 3322 occupaverat,
1535 3261 1563 3308 ut
1577 3258 1649 3308 tradit
1666 3261 1751 3310 Batou
1771 3262 1798 3312 in

1007 3335 1073 3384 libris
1084 3338 1118 3386 De
1130 3335 1284 3398 Ephesiorum
1293 3335 1409 3397 tyrannis

1039 3499 1182 3561 mungens
1203 3499 1333 3560 Ephesius,
1347 3511 1429 3546 everso
1447 3511 1489 3560 per
1501 3498 1598 3548 insidias
1615 3498 1732 3562 illomm,
1751 3504 1798 3563 qui

1008 3577 1114 3626 Basilidas
1122 3576 1277 3634 vocabantur,
1287 3576 1506 3637 imperiotyrannus
1513 3575 1679 3626 acerbissimus
1685 3581 1798 3630 exstitit.

1008 3655 1038 3704 at
1048 3655 1113 3716 apud
1127 3653 1241 3716 populum
1251 3653 1349 3715 quidem
1361 3652 1387 3702 et
1400 3653 1579 3702 multitudinem
1588 3655 1675 3702 eterat
1686 3659 1713 3703 et
1728 3657 1800 3707 vide·

1007 3731 1078 3780 batur
1088 3731 1219 3794 gratiosus,
1231 3735 1281 3782 tarn
1297 3731 1508 3793 pollicitationibus
1520 3744 1586 3794 spem
1597 3730 1695 3781 iliorum
1708 3735 1800 3796 alens,

1006 3822 1080 3871 quam
1091 3809 1182 3870 exiguis
1191 3808 1282 3858 lucellis
1290 3821 1331 3858 eos
1341 3810 1463 3867 inermum
1474 3809 1539 3857 virus
1547 3811 1629 3857 autem
1637 3808 1765 3870 dignitate
1774 3817 1802 3862 et

1007 3886 1147 3934 auctoritate
1156 3886 1295 3946 mospieuoe
1306 3885 1449 3935 intolerabili
1458 3884 1563 3946 quodam
1575 3885 1647 3934 modo
1656 3886 1802 3948 spoliabat,

1008 3963 1457 4024 bonaqueeorumpubiicabat.itdbne
1466 3963 1574 4012 homines
1582 3962 1803 4016 innocentissimos

1007 4040 1157 4088 acerbissime
1163 4039 1248 4100 punire
1253 4041 1277 4088 et
1284 4039 1445 4089 crudelissime
1454 4039 1586 4088 interlicere
1595 4053 1642 4088 non
1652 4039 1802 4104 dubitabat,

1008 4119 1068 4166 nulli
1084 4130 1200 4179 parcens:
1214 4117 1244 4166 ad
1257 4131 1310 4166 eam
1324 4119 1389 4166 eninr
1406 4117 1495 4166 rabiem
1510 4117 1665 4166 inmoderata
1682 4121 1803 4180 peerrniae

1008 4195 1124 4256 cupiditas
1131 4196 1252 4244 hominem
1263 4196 1409 4257 impellebat3
1418 4199 1442 4245 et
1449 4195 1575 4245 calumniis
1583 4195 1803 4249 adversusdirites

1009 4272 1076 4321 troile
1085 4272 1263 4321 incendebatur.
1277 4275 1408 4333 ltaquerel
1422 4273 1486 4322 hisee
1495 4273 1573 4321 causis
1580 4272 1676 4322 abunde
1687 4286 1803 4327 nomme·

1009 4351 1106 4408 ruisset,
1116 4353 1144 4399 ut
1155 4350 1256 4411 pessime
1264 4351 1370 4400 omniunt
1380 4351 1517 4399 mortalium
1526 4351 1619 4412 periret.
1629 4350 1677 4399 Sed
1686 4351 1803 4402 addebat

1007 4428 1078 4476 etiam
1094 4428 1168 4476 divini
1182 4428 1285 4477 numinis
1303 4430 1476 4490 contemptum.
1497 4431 1559 4478 Item
1581 4429 1670 4477 multos
1688 4443 1802 4492 eorum,

1007 4518 1068 4566 quos
1077 4505 1100 4552 vi
1111 4505 1245 4567 opprimere
1262 4504 1408 4565 conabatur,
1418 4507 1445 4554 ut
1453 4505 1574 4566 diximus,
1585 4505 1608 4552 in
1625 4505 1682 4566 ipsis
1693 4509 1803 4570 templis

1009 4580 1134 4630 interiecit.
1165 4580 1297 4642 cujusdam
1319 4583 1401 4630 autem
1430 4581 1517 4642 liliam,
1539 4593 1594 4644 quaa
1621 4582 1646 4630 in
1668 4584 1801 4644 tempium

1008 4657 1160 4718 confugerat,
1174 4657 1303 4719 siquidem
1313 4657 1450 4706 abstrahere
1461 4671 1509 4706 non
1518 4659 1647 4718 astaram,
1662 4657 1705 4706 sed
1715 4660 1802 4709 eollo-

1007 4733 1066 4782 eatie
1075 4735 1130 4782 ante
1143 4735 1205 4783 iores
1213 4733 1362 4795 custodibus,
1373 4733 1476 4796 puellam
1486 4735 1549 4783 tame
1558 4733 1693 4782 molestam
1703 4735 1803 4796 laqueo

1008 4811 1083 4858 vitam
1096 4809 1164 4858 linire
1173 4809 1257 4870 megit.
1266 4813 1352 4870 itaque
1367 4810 1463 4870 publica
1472 4811 1523 4859 lues
1537 4811 1560 4859 et
1578 4823 1680 4860 munuae
1689 4816 1804 4872 penuria

1007 4887 1135 4934 consecuta
1144 4888 1187 4935 est.
1201 4887 1344 4948 Pythagoraa
1356 4888 1437 4935 autem
1447 4885 1478 4936 de
1490 4899 1533 4936 sua
1541 4886 1619 4936 salute
1629 4887 1718 4936 anxius
1735 4891 1802 4938 Del-

1008 4964 1068 5026 phos
1080 4965 1144 5013 misit
1162 4964 1292 5013 ennodium
1306 4965 1425 5013 malorum
1436 4967 1525 5026 petens.
1539 4965 1585 5014 (tui
1596 4965 1656 5016 deus
1669 4967 1803 5028 respondit

1007 5043 1124 5104 templum
1136 5043 1345 5093 mcoudendum
1356 5044 1380 5092 et
1392 5055 1474 5092 manes
1489 5046 1640 5092 mortuorum
1653 5043 1802 5106 placandos.

1009 5121 1063 5171 Fuit
1076 5123 1156 5171 nutem
1166 5125 1220 5172 ante
1232 5125 1321 5183 Cyrum
1333 5124 1437 5184 Persam,
1453 5124 1478 5170 ut
1490 5121 1523 5170 ait
1534 5124 1601 5172 uate.
