3930 5754
843 310 1087 374 FRAGMENTA.
1698 335 1755 386 ⁵³9

163 459 207 505 τος
220 426 296 498 εἶναι.
309 435 339 517 (ε)
354 437 411 510 Τήν
420 437 567 518 Ὠρείθυιαν
580 443 594 500 θ
607 439 726 522 Ἀστρέου
740 440 750 518 (
758 445 778 499 l.
795 440 941 523 Ἀστραίου)
990 445 1128 526 μετείληφε
1140 444 1326 526 [καί]Θησεθς
1336 447 1380 506 καί
1392 448 1494 522 ἐνίκησε
1503 450 1596 510 Μίνιοα
1606 455 1761 523 (δείκΤαῶ

162 523 263 603 Βορέας
283 528 297 582 δ
317 525 391 607 Θρᾲξ
410 525 546 606 ἥρπασεν,
566 530 616 606 οὐχ
632 531 646 586 θ
661 529 763 604 ἄνεμος.
781 527 811 608 (7)
826 527 860 590 ‘0
874 531 943 609 ‹lipi-
989 536 1063 610 ρον),
1073 533 1282 605 ἐπαύθητδκατέι
1292 534 1350 602 τοὺς
1359 537 1462 600 παῖδας.
1475 535 1518 614 (ιτ)
1527 537 1661 616 Ἡρακλῆς
1669 543 1764 606 εἷςλσι·

163 611 207 680 ξω
220 613 340 688 μυθώδης
349 612 419 692 κριδς
430 615 518 675 πλοῖον
528 607 560 686 ήν
572 615 639 676 οὕτω
650 615 821 692 καλούμενον,
834 616 852 686 ἢ
864 620 877 676 θ
889 618 944 677 δια·
988 619 1036 691 μδν
1049 620 1168 696 ἐμπεσών
1183 624 1217 687 είς
1230 621 1314 703 πυρδν
1328 622 1421 693 ἥλατο.
1434 625 1468 683 Ἡ
1480 625 1640 700 μυθευομένη
1657 628 1763 700 Σκύλλη

162 697 251 768 σώσας
263 700 340 760 αύτδν
354 701 471 782 τροφεύς.
490 703 521 780 (e)
538 701 570 762 ‘il
583 701 690 782 Γοργὼν
703 702 794 782 έταίρα
805 696 836 774 ήν
849 702 943 783 εύμορ-
986 698 1130 785 τριήρηςήν
1136 710 1278 786 Τυρρηνῶν
1286 708 1444 784 ληιζομένων
1452 710 1510 776 τοὺς
1520 713 1728 791 παραπλέοντας·
1737 717 1764 773 αί

161 809 210 866 φος
224 785 267 846 διδ
278 786 373 855 κάλλος
385 787 510 856 ἐζιστῶσα
524 788 583 856 τοὺς
594 789 701 866 θεατάς,
712 793 746 858 ώς
758 793 943 850 ἀπολιθοῦσθαι
987 791 1014 850 δέ
1029 796 1152 872 Σειρῆνες
1165 797 1267 872 ἑταῖραι
1285 795 1499 855 ἐπιθουλεύουσαι
1509 803 1562 866 τοῖς
1573 801 1763 878 παραπλέουσι.

161 875 262 932 δοκεῖν·
283 875 356 934 καίθ
376 874 502 952 Πήγασος
522 879 601 948 αὐτῆς
615 868 647 948 ῆν
661 881 765 953 κτῆμα,
785 875 865 944 ίππος
886 876 943 946 ὀξύς
987 881 1032 956 (is)
1047 879 1123 940 Φασί
1135 905 1200 948 τινες
1210 880 1333 962 Ὅμηρον
1343 883 1388 941 καλ
1402 881 1521 944 Ἡσίοδον
1532 887 1614 946 Δαυλδ
1624 889 1765 964 συνακμά-

161 959 215 1020 ῶν·
231 963 402 1042 Παλαίφατος
421 961 448 1020 δέ
462 962 668 1044 Βελλεροφόντου
681 963 756 1023 τοῦτό
767 987 831 1044 φησι
842 966 941 1025 πλοῖον.
987 989 1044 1040 σαι,
1056 969 1080 1025 οἱ
1095 966 1122 1025 δέ
1137 967 1216 1048 ὀλίγῳ
1230 969 1370 1050 πρότερον,
1385 973 1409 1028 σί
1424 969 1450 1029 δέ
1463 972 1528 1046 μετθ
1541 979 1624 1033 ταῦτα
1636 975 1763 1051 γενέσθαι.

202 1069 226 1108 e.
247 1045 315 1110 'Ore
329 1048 437 1126 Κάδμος
451 1049 534 1118 ἔκτιζε
546 1049 654 1123 Θήύας,
666 1053 689 1110 oi
701 1051 878 1131 πλησιόχωροι
892 1051 942 1110 ἐντ’·
1026 1075 1061 1114 ιο.
1069 1054 1169 1114 Ξάνθου
1175 1062 1219 1114 τοῦ
1227 1056 1484 1134 Βοιωτοῦθνμοίτην
1492 1061 1526 1125 τίς
1534 1063 1698 1140 μονομαχίαν
1704 1087 1764 1142 προ·

159 1157 241 1196 πεσον
253 1133 371 1217 ἐξαίφνης
384 1137 471 1215 αὐτῷ,
486 1136 532 1196 καὶ
545 1135 588 1196 διδ
602 1137 631 1195 τδ
645 1138 807 1216 πανταχόθεν
822 1140 875 1218 [ῶς
889 1138 941 1197 άπδ
985 1141 1157 1214 καλουμένου,
1173 1141 1209 1218 με)
1228 1143 1422 1211 ὑπακούσαντος
1438 1147 1531 1219 αὐτοῦ,
1543 1151 1557 1204 θ
1569 1146 1763 1226 Ἀνδροπόμπου

158 1227 209 1300 γῆς
228 1227 296 1282 add.
312 1224 419 1302 Syme]
435 1224 535 1304 συρρεῖν
549 1223 627 1303 [κατ’
642 1226 720 1284 αὐτοῦ
737 1227 803 1287 add.
821 1227 940 1305 Sync.],
985 1227 1038 1294 υίδς
1049 1228 1182 1295 Μέλανθος
1196 1230 1292 1298 Πύλιος
1300 1231 1330 1290 τδ
1339 1231 1436 1290 ἐκείνου
1445 1238 1537 1312 σχῆμα
1548 1233 1696 1308 θναλαόών,
1707 1239 1764 1313 ἐμο-

160 1311 281 1390 Σπαρτολ
290 1311 480 1387 ὠνομάσθησαν
493 1313 548 1390 [ῶς
560 1310 731 1391 Παλαίφατος
745 1315 771 1370 ἐν
781 1313 876 1393 πρώτῳ
888 1337 940 1394 φη·
985 1314 1119 1394 νομάχησε
1128 1317 1174 1374 καλ
1184 1317 1323 1390 νενίκηκεν·
1330 1316 1385 1377 όθεν
1394 1324 1410 1390 ἡ
1420 1323 1471 1377 τῶν
1487 1321 1663 1400 Ἀπατουρίων
1675 1325 1761 1402 ἑορτή.

159 1397 202 1456 σίν
216 1402 300 1474 Sync.
314 1399 336 1478 ].
360 1400 403 1476 (ιο)
426 1402 459 1456 Οί
480 1402 544 1478 παρ’
560 1398 694 1478 Ἀμφίονος
708 1400 856 1476 θελγόμενοι
876 1399 940 1458 λίθοι
1024 1423 1058 1462 νο.
1081 1403 1144 1464 Ἐπ’
1165 1403 1314 1486 Ἀρχεμόρῳ
1335 1405 1368 1472 ,τδ
1383 1406 1473 1483 Νέμεα
1489 1409 1552 1485 πρὸς
1569 1413 1620 1466 τῶν
1642 1409 1763 1490 Ἀργείων

157 1485 255 1557 ἠλίθιοί
270 1509 334 1552 τινες
343 1477 411 1558 ήσαν
423 1484 558 1565 ἀκροαταί.
573 1488 617 1564 (ιι)
629 1486 758 1554 Δαίδαλος
766 1486 849 1555 έδοζεν
859 1487 941 1564 άγάλ-
985 1486 1092 1566 άγεται·
1108 1489 1150 1549 ἐπί
1165 1491 1313 1570 Μελικέρτῃ
1323 1492 1374 1550 θπδ
1389 1493 1528 1572 Κορινθίων
1541 1493 1573 1552 τθι
1586 1493 1700 1572 Ἰσθμια·
1713 1499 1764 1556 ὑπὸ

159 1593 234 1648 ματα
248 1571 386 1648 κινούμενα
400 1580 482 1632 ποιεῖν
499 1573 541 1631 διδι
561 1573 591 1631 τδ
605 1577 708 1651 πρῶτον
730 1575 869 1644 διαστῆσαι
884 1573 940 1641 τοὺς
984 1576 1091 1655 Δελφῶν
1104 1576 1138 1634 τὰ
1154 1577 1240 1637 Πύθια
1262 1579 1306 1636 ἐπλ
1327 1579 1446 1659 Δελφύνῃ
1468 1583 1506 1660 τῷ
1533 1582 1667 1658 δράκοντι·
1689 1585 1713 1641 οί
1735 1583 1764 1641 δέ

157 1658 243 1725 πόδας
255 1661 350 1732 αὐτῶν,
363 1663 415 1718 τῶν
427 1659 514 1718 ἄλλων
527 1658 728 1740 συμπεφυκότες
743 1659 884 1720 ποιούντων
896 1659 940 1728 ·θς
984 1683 1062 1741 φασιν
1079 1663 1122 1722 ἐπὶ
1142 1663 1266 1743 Δελφύνη·
1279 1667 1377 1744 άρχαίρ
1393 1665 1494 1745 ήρωίδι.
1510 1667 1573 1726 liri
1591 1673 1637 1740 τῆς
1652 1668 1764 1744 ἁμίλλης

158 1744 262 1826 φεύγων
283 1745 394 1823 Μίνωα,
416 1747 458 1805 διέι
478 1746 508 1805 τδ
522 1747 656 1828 ἀνεύρετον
670 1746 754 1815 ἔδοξεν
776 1750 939 1824 ἐποπτῆναι,
983 1752 1035 1807 τῶν
1049 1748 1161 1809 ’Ἀεθλίου
1175 1749 1274 1808 παίδων
1290 1751 1401 1822 άθληταί
1415 1751 1562 1824 ἐκλήθησαν
1574 1757 1597 1812 οί
1610 1755 1761 1830 ἀγωνισταί.

156 1833 252 1892 πλοίου
264 1831 350 1912 τυχών
362 1831 416 1910 άμα
431 1835 469 1912 τῷ
483 1835 530 1912 υἱῷ
544 1831 648 1914 Ἰκάρῳ,
664 1836 710 1912 (ια)
732 1834 765 1893 ‘li
781 1833 864 1915 Σφὶγξ
875 1835 938 1912 γυνὴ
973 1903 974 1906 ¹
1023 1855 1059 1895 τι.
1085 1835 1222 1914 Αἰγύπτιοί
1245 1859 1323 1916 φασιν
1342 1843 1376 1905 ὡς
1401 1837 1550 1918 Ἥφαιστος
1571 1843 1656 1898 αὐτῶν
1673 1842 1762 1899 ἐὸασί-

157 1911 225 1978 οθσα
246 1919 357 1994 Κάδμου
375 1919 418 1978 διδι
439 1921 516 1990 ζῆλον
537 1919 673 2000 Ἁρμονίας
687 1920 802 1992 ἀπέστη,
819 1922 863 1979 καί
877 1923 938 1992 θη·
983 1925 1072 1981 λευσιν
1095 1923 1215 2002 ἀπείρους
1237 1923 1307 1991 τινδις
1328 1925 1447 2006 χρόνους·
1472 1925 1539 2002 μετέι
1559 1933 1648 1987 τοῦτον
1669 1928 1762 1995 Ἥλιος

158 2004 243 2072 6αίοις
255 2005 392 2082 ἐπολέμει·
406 2005 530 2074 Οἰδίπους
543 2006 570 2064 δέ
582 2007 801 2087 ἐπιστρατεύσας,
813 1999 879 2066 εἶλεν
891 2010 938 2067 αὖ·
983 2013 998 2067 θ
1011 2008 1154 2090 Ἡφαίστου
1175 2009 1221 2084 ἐτη
1239 2011 1325 2091 ,ξψοζθ
1341 2013 1397 2088 μετ’
1416 2013 1492 2071 αὐτὸν
1508 2017 1581 2086 Σῶς,
1598 2015 1656 2085 ἤτοι
1670 2011 1761 2096 Ἀρης,

156 2091 219 2163 τήν.
262 2095 390 2170 (16)”(λιτ
408 2092 529 2172 Σαμψών
541 2094 630 2171 ἡγεῖτο
643 2099 688 2152 τοῦ
706 2095 784 2166 λαοῦ,
805 2093 940 2176 Ἡρακλῆς
983 2101 1039 2174 μεθ’
1061 2095 1088 2154 δν
1109 2096 1171 2166 ille
1184 2103 1229 2156 τοῦ
1252 2097 1359 2174 Ἡλίου,
1375 2099 1434 2170 ήτοι
1453 2100 1558 2179 Κρόνος.
1580 2101 1614 2162 Ὁ
1629 2100 1681 2159 eri
1697 2105 1761 2178 Χδιμ

157 2179 243 2239 ἐτέλει
256 2179 314 2246 τοὺς
326 2179 433 2247 άθλους·
451 2179 556 2259 ίοχυρδς
567 2181 594 2238 δέ
608 2177 653 2254 liv,
669 2179 775 2260 άτεχνος
790 2173 822 2252 ήν
837 2181 938 2238 παλαι·
982 2188 1026 2242 τοῦ
1043 2186 1098 2241 υίοῶ
1122 2187 1183 2244 Νῶε
1205 2183 1330 2265 Μεστρέμ
1350 2187 1386 2252 είς
1399 2186 1531 2262 Αἴγυπτον
1552 2187 1702 2267 ἀπῳκίσθη,
1716 2190 1761 2247 καλ

157 2265 239 2339 στής·
251 2271 266 2325 θ
276 2265 303 2326 δέ
316 2266 429 2334 Ἀνταῖος
438 2266 558 2346 ἔμπειρος
568 2271 621 2325 τῶν
634 2267 707 2347 παρδι
717 2268 769 2334 τοῖς
781 2269 938 2335 παλαισταῖς
982 2272 1029 2328 ἀπ’
1041 2271 1119 2329 αὐτοῦ
1134 2269 1229 2344 ἐκλήθη
1241 2276 1259 2342 ἡ
1277 2272 1362 2350 χώρα·
1374 2272 1403 2330 τὸ
1415 2274 1466 2352 γθιρ
1479 2274 1604 2352 Μεστρὲμ
1618 2273 1759 2357 Ἑάραῖστλ

156 2354 247 2433 χαμαλ
261 2354 441 2431 καλουμένων,
456 2357 490 2421 ὡς
504 2355 555 2413 hui
569 2358 616 2433 γῆς
627 2359 673 2426 τῆς
683 2357 779 2435 μητρὸς
790 2359 938 2435 βοηθεῖσθαι
981 2356 1114 2434 Λίγυπτον
1135 2358 1218 2428 δηλοῖ.
1242 2357 1305 2418 Ἐπί
1326 2359 1450 2437 Βινώριος
1473 2360 1600 2436 βασιλέως
1627 2361 1760 2438 Αἰγύπτου

157 2445 254 2501 δοκεῖν.
276 2446 366 2500 Ταῦτα
385 2440 485 2523 φεύγων
503 2445 517 2500 δ
532 2441 681 2521 Ἡρακλῆς,
696 2441 779 2510 ζώσας
795 2441 871 2500 αὐτὸν
884 2451 938 2510 τοῖς
981 2445 1045 2524 φαολ
1060 2443 1104 2502 τδν
1117 2445 1210 2506 Νεῖλον
1223 2443 1309 2520 μέλιτι
1321 2445 1346 2504 α’
1359 2449 1460 2526 ῥυῆναι.
1473 2447 1559 2527 illiue
1569 2446 1672 2520 ἑξαέτης
1687 2446 1762 2528 ἀρξά·

157 2529 279 2605 ἅμμασι,
289 2528 335 2587 καί
345 2531 471 2608 μετέωρον
482 2528 546 2608 άρας
556 2528 700 2588 ἀπέκτεινε.
718 2531 762 2606 (ιι)
773 2529 850 2608 Λέγει
861 2529 935 2590 Πλά·
980 2555 1054 2608 μενος
1069 2530 1213 2609 βασιλεύων
1229 2531 1354 2608 διεγένετο
1362 2534 1453 2613 μέχρις
1463 2536 1527 2592 ἐτῶν
1539 2535 1571 2610 ρ’.

156 2638 211 2678 των
228 2615 372 2692 (Euthyd.
386 2637 417 2692 p.
432 2613 672 2695 αο6,Ε)καλτ-)ν
686 2614 765 2694 θδραν
786 2617 936 2696 σοφίστριαν
1018 2637 1053 2677 αα.
1086 2616 1231 2699 Σεμίραμις
1256 2623 1272 2689 ἡ
1299 2620 1452 2699 περιθόητος
1475 2623 1610 2700 πολλαχοῦ
1637 2625 1685 2692 τῆς
1710 2624 1758 2694 γῆς

156 2693 225 2761 εἶναι
240 2704 335 2772 δεινήν.
352 2705 398 2781 (lo)
411 2705 447 2764 Oi
458 2703 601 2785 Κένταυροι
614 2706 758 2766 Θεσσαλῶν
768 2696 835 2775 ήσαν
846 2707 935 2770 ίππεῖς
979 2704 1066 2784 ήγειρε
1077 2704 1209 2783 χώματα,
1223 2705 1351 2786 προφάσει
1366 2705 1413 2784 μὲν
1425 2707 1468 2764 διδ
1477 2707 1535 2774 τοθς
1549 2706 1757 2782 κατακλυσμούς·

156 2793 270 2872 ἄριστοι.
813 2823 816 2831 ·
978 2791 1035 2850 τάδ’
1049 2782 1117 2862 ἦσαν
1132 2790 1183 2869 ἐρα
1197 2794 1248 2850 τῶν
1262 2791 1399 2870 ἐρωμένων
1412 2793 1513 2862 ζώντων
1524 2794 1755 2872 κατορυσσομίνων

199 2899 235 2940 ιε.
256 2880 309 2938 Τὸν
330 2877 493 2958 Μινόταυρον
507 2878 593 2958 θηρίον
611 2879 762 2956 μυθεύονται
776 2881 936 2937 καταθοινώ-
979 2880 1002 2937 ci
1013 2877 1102 2958 τάφοι,
1117 2877 1174 2956 [ὡς]
1194 2878 1310 2948 Κτησίας
1321 2881 1428 2958 ἱστορεῖ.

156 2987 235 3043 μενον
248 2964 487 3033 παῖδαςἈττικούς·
503 2963 646 3045 στρατηγὸς
655 2964 682 3023 δέ
690 2956 745 3036 ήνθ
758 2962 846 3030 Μίνως
860 2956 933 3040 (lule
1017 2983 1053 3024 66.
1083 2963 1231 3044 Σέσωστρις
1259 2964 1379 3043 βασιλεὺς
1403 2964 1538 3042 Αίγύπτου
1566 2966 1589 3022 θ’
1612 2963 1680 3023 ίτεσι
1711 2965 1759 3036 τήν

154 3051 294 3130 Μίνωος),
316 3054 419 3129 Ταῦρος
440 3051 595 3127 καλούμενος
619 3051 662 3108 διδ
684 3052 713 3109 τθ
738 3049 867 3126 θυμοειδές
889 3051 934 3109 καλ
979 3051 1083 3109 θπασαν
1095 3049 1183 3108 Ἀσίαν
1194 3049 1361 3129 ἐχειρώσατο,
1372 3049 1417 3110 καί
1429 3055 1475 3123 τῆς
1492 3049 1621 3130 Εὐρώπης
1632 3049 1665 3107 τθι
1678 3048 1758 3129 μέχρι

154 3143 204 3198 τοῦ
216 3138 312 3218 τρόπου
324 3137 355 3196 τδ
366 3137 465 3219 άγριον.
480 3137 557 3197 Ἐπεί
572 3139 599 3196 δέ
613 3136 740 3217 [Μίνως]
756 3139 844 3216 ἀγῶνα
858 3137 935 3196 ἐτίθει
977 3135 1095 3218 Θράκης·
1108 3135 1153 3194 καί
1165 3136 1317 3212 μνημόσυνα
1337 3136 1464 3210 πεποίηκε
1477 3143 1523 3209 τῆς
1536 3141 1587 3196 τῶν
1599 3139 1677 3194 ἐθνῶν
1689 3136 1758 3194 ἁλώ-

155 3227 200 3286 ἐπ’
215 3225 370 3306 Ἀνδρόγεῳ,
385 3223 580 3284 θνάπέκτειναν
591 3225 737 3300 Ἀθηναῖοι,
752 3225 848 3283 ἐδίδουν
863 3226 935 3304 αὐτῷ
979 3245 1057 3296 σεως,
1068 3222 1111 3282 ἐπί
1126 3222 1174 3298 μέν
1187 3224 1240 3291 τοῖς
1256 3223 1379 3302 γενναίοις
1393 3225 1503 3304 ἀνδρῶν,
1520 3225 1563 3282 ἐπὶ
1578 3223 1605 3282 δέ
1616 3228 1668 3290 τοῖς
1680 3227 1759 3301 ἐγεν-

156 3317 197 3389 (1.
209 3313 292 3372 ἐδίδου
304 3314 375 3392 αύτῷ
386 3315 432 3371 vel
445 3311 558 3391 Ταύρῳ)
568 3310 668 3371 ἔπαθλα
682 3313 778 3379 παῖδας
792 3310 933 3383 Ἀττικούς,
978 3311 1032 3368 νέοι
1048 3311 1176 3387 γυναικῶν
1191 3310 1265 3387 [ταῖς
1279 3310 1387 3382 στήλαις
1401 3311 1587 3390 ἐγ)χαράσσων
1604 3309 1694 3389 μόρια.

155 3405 194 3467 ὣς
206 3401 310 3458 νικῶντι
320 3399 433 3466 πάντας·
449 3398 553 3477 ἰσχυρὸς
566 3397 617 3478 γάρ
628 3389 671 3470 ήν.
683 3398 733 3464 Ὦς
744 3397 770 3456 δέ
782 3403 826 3457 τοῦ
837 3400 934 3476 ἀγῶνος
1018 3415 1052 3455 τι.
1075 3395 1137 3456 Ἐπὶ
1147 3397 1298 3478 Βοκχόρεως
1313 3397 1441 3477 βασιλέως
1454 3397 1586 3474 Αἰγύπτου
1600 3396 1686 3474 ἀρνίον
1700 3396 1759 3455 ἐλά-

154 3557 209 3622 -§
218 3565 241 3608 6.
252 3557 341 3608 Mem
351 3558 454 3620 synceli.
465 3571 488 3620 ρ.
502 3563 560 3619 161,
572 3564 605 3620 Α,
616 3571 646 3608 ω
656 3559 799 3610 Philochoro
811 3559 855 3620 (ir¹
866 3559 916 3620 30.)
929 3555 982 3618 ές
994 3561 1017 3607 e.
1028 3555 1117 3606 Eadem
1129 3556 1330 3618 pioniussyuceii.
1345 3571 1368 3619 ρ.
1383 3563 1435 3618 iou,
1447 3562 1475 3607 κ.
1487 3555 1603 3605 Eusebius
1614 3569 1654 3604 ιιι.
1663 3561 1718 3606 669.
1727 3583 1758 3596 -

154 3629 204 3692 §⁹-
214 3629 272 3679 Εεθ.
283 3632 353 3691 syrio.
363 3643 387 3690 ρ.
401 3634 460 3690 ihu,
471 3631 499 3678 u.
510 3627 595 3678 euseb.
606 3640 646 3677 ειι.
657 3633 710 3678 711.
725 3627 782 3691 -§
796 3635 832 3679 iu.
843 3627 902 3678 Eud.
915 3631 985 3688 sync.
1002 3639 1025 3688 li·
1039 3633 1098 3686 166,
1114 3630 1144 3676 l).
1155 3629 1191 3676 Du
1201 3627 1338 3688 Amphionis
1347 3626 1427 3676 sabula
1436 3629 1550 3676 Nostrum
1565 3625 1646 3675 laudat
1656 3627 1755 3674 Τεοῖιεε

154 3699 219 3749 chii.
231 3701 256 3756 l.
267 3701 311 3748 316
323 3712 329 3746 :
339 3697 368 3749 '0
381 3698 481 3761 λυρῳθδς
493 3697 589 3762 Ἀμφίων
605 3699 645 3761 μὲν
656 3697 723 3756 οὗτος
738 3699 831 3762 σύναμα
841 3699 908 3760 Ζήθῳ
920 3697 970 3746 Υῑολ
985 3695 1037 3751 Διὸς
1052 3696 1104 3744 καθ’
1120 3695 1242 3760 Ὅμηρον,
1255 3696 1338 3760 μητρὸς
1353 3701 1392 3754 τῆς
1409 3693 1538 3752 Ἀντιόπης·
1555 3693 1622 3742 Κατὰ
1631 3693 1651 3741 θ’
1665 3693 1753 3755 ἐτέρους

154 3768 275 3832 χρονικοθς
284 3768 324 3816 καλ
335 3767 382 3817 τδν
394 3768 541 3831 Ἀντιοχέα
553 3767 603 3817 rici
611 3771 654 3816 τοῦ
665 3767 825 3829 θεοθύωντος,
840 3767 925 3830 μητρὸς
934 3767 958 3816 δέ
969 3770 1009 3822 τῆς
1020 3763 1133 3827 ρηθείσης.
1146 3765 1200 3828 -§
1213 3765 1413 3828 11.Οί.8γιιοοίί.
1427 3779 1451 3828 p.
1466 3771 1523 3824 167,
1535 3768 1564 3812 G.
1574 3763 1627 3825 -§
1641 3768 1676 3811 ii.
1692 3764 1752 3812 Eud.

155 3836 296 3900 syncelly).
309 3841 367 3898 166,
377 3841 407 3887 D.
421 3836 507 3887 iiuseb.
520 3850 559 3886 ιιι.
570 3841 612 3886 761
622 3871 630 3896 ,
640 3849 671 3886 ex
681 3837 827 3899 Palaepimio.
836 3835 891 3898 -§
907 3842 941 3886 iu.
954 3833 991 3884 01.
1002 3835 1105 3896 syncell.
1116 3848 1141 3898 p.
1163 3843 1220 3896 166,
1232 3842 1248 3885 Α
1258 3853 1266 3898 ;
1277 3835 1364 3884 uumh.
1377 3849 1417 3884 sn.
1430 3839 1484 3885 770.
1499 3837 1554 3883 Ροει
1571 3834 1753 3894 πωλουμένων

155 3905 274 3956 excidisse
286 3905 383 3955 ridetur
391 3905 491 3971 τρόπων.
502 3906 626 3968 syncellus
636 3904 669 3954 ita
689 3925 694 3954 :
711 3905 826 3968 Ἡρακλῆς
837 3907 890 3962 τοὺς
905 3906 987 3960 άθλονς
996 3905 1066 3954 ἐτέλει
1076 3907 1116 3954 καί
1131 3905 1231 3956 Ἀνταῖον
1246 3909 1269 3955 ἐν
1281 3907 1356 3968 Λιθύη
1367 3904 1544 3960 καταπαλαίσας
1560 3904 1648 3965 ἀναιρεῖ
1664 3903 1703 3950 τὸν
1716 3903 1754 3951 λε-

154 3977 254 4038 γόμενον
270 3981 369 4039 γηγενῆ,
380 3977 418 4025 διὰ
428 3977 455 4026 τθ
464 3977 608 4038 ἐπιστήμονα
619 3975 678 4024 εῖναι
690 3975 729 4023 τδν
745 3975 866 4038 λεγόμενον
877 3975 941 4038 παρὰ
957 3979 1005 4030 τοῖς
1020 3977 1158 4032 παλαισταῖς
1169 3976 1252 4040 τρόπω
1264 3977 1356 4039 γαμεῖς,
1372 3979 1403 4031 ὡς
1415 3975 1462 4024 ὰπθ
1478 3981 1518 4032 τῆς
1539 3973 1621 4036 μητρὸς
1634 3977 1676 4034 γῆς
1697 3974 1753 4034 βοη-

154 4047 244 4095 θεῖσθαι
253 4046 337 4096 δοκεῖν.
347 4071 378 4085 -
389 4045 403 4108 §
416 4049 451 4096 11.
462 4047 521 4096 Eud.
534 4049 605 4109 Syrie.
616 4059 640 4108 ρ.
654 4051 712 4104 166,
724 4047 750 4094 Β.
765 4045 851 4094 Ευεεί),
862 4059 901 4094 uu.
917 4050 972 4095 776.
983 4071 1011 4080 -
1023 4044 1037 4108 §
1051 4053 1086 4096 16.
1098 4045 1156 4094 Eud.
1172 4049 1244 4108 sync.
1253 4045 1269 4094 i.
1279 4047 1296 4095 Ι.
1307 4081 1313 4106 ,
1325 4045 1411 4094 Ευευῖι.
1422 4057 1462 4093 ιιι.
1476 4047 1531 4094 777.
1542 4040 1595 4103 -§
1613 4049 1648 4091 16.
1665 4041 1753 4090 Eadem

154 4116 238 4166 narret
246 4115 349 4175 syncell.
359 4128 382 4177 p.
395 4117 492 4177 166,0,
503 4117 527 4164 et
538 4114 625 4165 Euseb.
636 4127 676 4165 ιιι.
685 4119 729 4165 767
737 4150 745 4176 ,
753 4127 767 4163 e
776 4114 917 4162 Philochoro
926 4113 970 4175 (ir.
981 4115 1035 4173 69).
1043 4111 1097 4176 —§
1108 4118 1145 4164 17.
1156 4118 1192 4164 De
1202 4114 1304 4166 Hercule
1313 4115 1395 4163 eodem
1405 4114 1507 4175 syuceil.
1519 4125 1543 4174 ρ.
1558 4115 1615 4170 ici,
1626 4116 1653 4158 ii.
1664 4112 1749 4160 Eussh.

154 4187 258 4234 umeeh
268 4207 300 4219 -
309 4181 477 4246 Τυρρηνῶν]
490 4182 736 4248 Οιειιιει.,τνράννων
748 4182 802 4232 cod.
814 4185 845 4232 V.
859 4183 990 4244 Puioephui.
1009 4185 1101 4232 incred.
1114 4197 1136 4234 ο.
1150 4191 1188 4234 ii.
1203 4183 1258 4246 -§
1271 4189 1307 4233 16.
1325 4186 1361 4232 ei.
1373 4184 1461 4233 chron.
1476 4187 1594 4243 Anonym.
1608 4179 1662 4229 eod.
1680 4182 1751 4229 i‘eris.

155 4256 200 4302 851
214 4253 238 4301 iu
248 4253 353 4302 Cramer.
365 4253 454 4303 Aneed.
468 4255 504 4315 il,
515 4265 540 4315 y).
552 4259 605 4302 261.
616 4252 671 4316 -§
686 4258 722 4304 19.
733 4253 873 4303 Ξάνθου...
885 4252 1049 4316 Μέλανθος]
1062 4253 1227 4308 Ξανθίππου...
1241 4253 1366 4309 Μελάνθιος
1379 4253 1433 4302 cod.
1446 4279 1478 4288 -
1491 4252 1595 4306 Πύλιος
1606 4247 1654 4311 τδ)
1666 4249 1753 4304 ποδίως

153 4339 181 4371 τε
190 4320 244 4371 cod.
258 4323 382 4384 syncellus
390 4335 414 4385 p.
432 4328 487 4384 178,
503 4326 521 4374 Β
534 4343 540 4372 ι
555 4325 608 4373 Ἐπί
617 4325 700 4374 τούτου
709 4324 724 4381 ἡ
736 4329 782 4374 τῶν
794 4323 942 4387 Ἐρεχθειδῶν
952 4321 1060 4384 βασιλεία
1071 4324 1183 4380 κατελύθη
1194 4323 1256 4386 παρὰ
1265 4323 1390 4381 Ἀθηναίοις
1402 4323 1509 4372 Ἀττικῶν
1522 4319 1633 4380 λεγομένη
1642 4354 1649 4378 ,
1660 4319 1699 4366 καὶ
1710 4335 1751 4380 με·

153 4393 234 4452 τῆλθεν
244 4393 276 4449 είς
287 4392 362 4456 Ιτερον
373 4395 446 4456 γένος.
458 4393 576 4456 Θυμοίτην
586 4394 630 4457 γὰρ
641 4393 845 4458 προκαλεσαμένου
856 4391 947 4441 Ξάνθου
962 4397 1003 4440 τοῖν
1016 4392 1142 4450 Βοιωτίου,
1153 4395 1235 4456 καὶμὴ
1247 4394 1422 4450 ὑπακούσαντος
1435 4397 1476 4441 τοῦ
1489 4391 1619 4453 Θυμοίτου,
1631 4391 1748 4446 Μελανθος

154 4461 327 4527 Ἀνδροπόμπου
338 4464 423 4519 Πύλιος
440 4463 604 4526 ἀναδεξάμενος
620 4463 784 4527 ἐμονομάχησε
798 4463 838 4512 καὶ
849 4463 946 4520 νικήσας
960 4461 1116 4511 ἐθασίλευσεν.
1134 4461 1214 4511 Ἔνθεν
1231 4463 1336 4522 Ἀθήνησι
1348 4466 1420 4522 ἡτῶν
1433 4459 1655 4522 ἀπατουρίωνὲορτή
1669 4459 1749 4520 ἄγεται

153 4533 193 4581 διὰ
202 4533 229 4582 εδ
237 4531 280 4582 σὺν
290 4531 368 4594 ἀπάτη
378 4533 483 4593 γενέσθαι
492 4535 534 4592 τήν
543 4533 617 4592 νίκην.
629 4533 687 4583 eud.
703 4533 789 4582 Euseb.
805 4531 835 4581 lid
848 4545 887 4581 aii.
903 4535 959 4581 θθθ.
968 4555 999 4565 -
1009 4528 1023 4592 §
1035 4537 1075 4581 20.
1088 4530 1229 4593 Ἀεθλίου]
1240 4531 1335 4580 ἐκθλίων
1348 4531 1401 4580 eod.
1412 4533 1443 4580 V.
1455 4529 1544 4578 Euseb.
1556 4539 1579 4588 ρ.
1593 4531 1634 4574 liu
1645 4525 1682 4574 eri.
1695 4527 1749 4574 lici.

152 4627 186 4640 -·
195 4599 210 4664 §
219 4607 257 4652 21.
270 4599 373 4665 Ᾰψοζ]
384 4601 400 4649 1.
412 4615 434 4651 e.
445 4605 514 4653 7777.
527 4601 610 4652 codex
627 4602 828 4665 1ιεῖιο1ι,ζψοξ’,
840 4599 906 4663 quod
921 4603 1004 4661 aperie
1014 4601 1166 4662 corruptum.
1179 4603 1289 4650 Fortasse
1301 4598 1463 4662 reponendum
1473 4593 1630 4658 dicerem(
1646 4595 1752 4656 (eiiii,

153 4683 230 4734 quem
246 4683 374 4720 numerum
393 4671 501 4734 preomi
513 4673 603 4722 curor.
618 4673 701 4722 Paech.
722 4675 746 4734 l,
761 4685 784 4734 ρ.
806 4675 835 4722 82
850 4674 873 4720 ei
887 4670 973 4720 hiulcis
989 4684 1012 4734 ρ.
1028 4675 1072 4733 13,
1087 4679 1100 4722 l
1116 4671 1170 4733 (ed.
1186 4671 1295 4734 Bone),
1309 4677 1334 4720 ei
1350 4669 1410 4720 inire
1425 4668 1469 4730 (ir.
1489 4674 1517 4728 6,
1531 4665 1546 4728 §
1566 4666 1594 4726 6)
1613 4667 1663 4726 ipso
1680 4665 1752 4714 ellum

151 4743 258 4791 Joanucs
270 4741 359 4791 noter.
380 4741 426 4791 sed
442 4742 478 4792 iris
491 4743 550 4792 nihil
563 4741 692 4802 dirimitur,
705 4755 779 4804 quum
796 4753 824 4790 co
837 4753 892 4802 quse
906 4741 968 4790 inire
986 4754 1025 4804 ορ.
1040 4745 1159 4793 ioannem
1179 4743 1298 4805 leguntur,
1314 4756 1345 4792 ex
1359 4741 1412 4790 silis
1426 4739 1530 4788 lontibus
1544 4738 1629 4786 housia
1640 4748 1691 4784 esse
1709 4735 1752 4784 de-

152 4811 237 4862 huni.
247 4813 361 4861 celerum
376 4811 407 4860 ci.
420 4813 555 4862 Manethon.
569 4813 652 4874 iragm.
668 4811 692 4862 iu
706 4815 765 4862 ium.
777 4813 812 4871 il,
826 4824 849 4873 ρ.
862 4815 916 4861 636.
927 4839 957 4851 -
966 4810 1119 4874 Βινώριος]
1134 4811 1202 4875 Apud
1216 4811 1384 4862 Marathonem
1395 4803 1495 4858 λῖιῖοέιιί
1505 4807 1551 4867 (ir.
1564 4811 1587 4864 6,
1598 4819 1622 4866 ρ.
1636 4804 1697 4865 eiu)
1710 4817 1753 4852 rex

151 4879 208 4943 ille,
221 4879 266 4930 sub
274 4893 326 4942 quo
333 4880 380 4930 mei
390 4881 457 4931 iilius
466 4881 551 4942 ssusii,
561 4883 694 4944 appelletur
706 4879 903 4942 ueplmcceres.
918 4880 987 4943 Apud
1000 4882 1129 4931 Eusebium
1145 4896 1233 4932 nomen
1243 4880 1458 4943 eiusdesideroiur.
1478 4875 1601 4927 Αιιιοοεθῖι
1613 4887 1669 4923 τωο
1687 4875 1752 4936 apud

151 4949 241 5001 Euocb.
253 4949 344 5000 mentio
352 4951 413 5013 regis
422 4950 525 5013 Βιθριοςς
536 4951 635 5000 loclesse
645 4965 676 5000 cx
687 4951 735 5000 hoc
743 4951 828 5000 nutum
842 4953 878 5000 esi
888 4955 995 5000 nostrum
1007 4953 1123 5014 Βινώριος.
1135 4977 1163 4992 -
1174 4949 1274 5013 uiue]
1284 4952 1352 5011 Φιὼρ
1363 4953 1469 4998 Cramer.
1480 4973 1509 4982 -
1520 4945 1534 5008 §
1547 4949 1585 4993 ιθ.
1596 4941 1750 5006 ἁλώσεως]

152 5019 318 5082 reponendum
331 5020 426 5071 ridetur
440 5024 605 5084 καταοχὲσιως
619 5021 658 5071 νεῖ
677 5021 781 5084 σχέσεως
797 5033 829 5071 ex
845 5021 956 5071 hirlcunu
972 5023 997 5070 ei
1014 5020 1115 5071 Eusebio
1126 5035 1171 5090 sep.
1192 5020 1294 5083 Symeii.
1308 5034 1331 5082 ρ.
1345 5024 1391 5079 69,
1410 5019 1481 5078 Β(ν.
1501 5014 1636 5064 Manethon.
1656 5013 1686 5062 ir.
1707 5017 1751 5072 ui,

152 5101 180 5156 ρ.
199 5089 418 5156 6611).1116κ[ιαις
436 5092 530 5152 στήλαις
549 5091 590 5156 ιγ]
612 5091 691 5142 rddidi
706 5106 719 5142 e
733 5093 851 5154 syncello.
864 5119 896 5129 -
906 5090 921 5154 §
933 5095 972 5144 ei.
986 5093 1024 5143 01.
1044 5093 1148 5157 synceil.
1169 5096 1194 5144 et
1214 5093 1299 5143 Euseh.
1314 5093 1337 5140 ῖα
1354 5089 1458 5141 ΜειιεΙΙι.
1474 5088 1502 5136 ir.
1516 5092 1554 5135 66.
1573 5082 1651 5134 verbs
1663 5083 1750 5146 ανθρω·
