3830 5720
194 257 252 308 2²2

193 401 235 444 τος
247 373 294 452 μέν
306 365 350 434 οὐν
362 379 442 438 οθτως
453 367 534 437 ἐλεξε.
551 365 605 428 Καὶ
614 365 674 447 περί
686 365 734 442 μὲν
744 368 796 424 τῶν
807 366 969 444 Σαρακηνῶν

193 463 222 523 τδ
233 461 324 521 λοιπὸν
339 457 447 536 οὐδεμία
460 479 499 522 τις
512 455 617 534 ἐφέρετο
631 453 732 530 μνήμη.
747 451 929 532 Ἐπιτηρήσας
943 449 971 508 δέ

194 555 231 630 τῷ
250 552 333 608 δοκεῖν
348 548 395 606 οὐκ
412 545 530 624 έργωδιῒις
554 540 622 620 άμφλ
645 541 771 606 Σουανίας
785 537 912 619 ἀπέρριψε
928 537 973 596 λό·

193 661 267 716 γους,
281 641 316 703 ὡς
331 634 387 694 δέον
401 633 451 694 ὐπὸ
466 630 614 708 Ῥωμαίους
626 627 708 700 αὐτήν
722 629 892 700 καθεστάναι,
908 625 932 685 εί
944 647 973 703 γε

194 726 239 783 καλ
251 726 367 794 Ααζιιιῆς
379 711 537 780 ἐπελάθοντο
551 716 717 793 ἐννομώτατα
728 715 810 775 αὐτοί.
821 713 855 775 ‘0
866 715 892 773 δέ
905 717 975 793 Περ·

195 816 246 871 σῶν
261 809 381 891 βασιλεὺς
394 807 451 874 τούς
465 805 525 882 περί
539 803 666 870 Σουανίας
679 803 726 880 μέν
740 803 832 880 λόγους
844 800 913 869 ἐδοξι
924 823 973 858 πα-

196 899 367 978 ραδέχεσθαι,
378 900 475 974 χρῆναι
485 893 512 952 δέ
525 892 602 951 αὐτὸν
615 889 664 969 ίφη
677 889 736 968 περὶ
746 888 842 962 ταύτης
856 887 911 965 άμα
924 892 976 954 τοῖς

118 1023 119 1028 =
195 988 222 1045 ἐν
235 985 302 1045 τέλει
314 988 365 1044 τῶν
381 983 481 1053 Μήδων
493 979 693 1060 βουλεύσασθαι.
711 975 787 1037 Marde
798 981 881 1034 ταῦτα
893 979 907 1034 θ
917 975 976 1036 Ἰω-

196 1073 273 1144 άννης
285 1071 376 1149 λόγους
389 1068 540 1148 προσήγαγε
551 1070 589 1144 τῷ
599 1067 651 1145 Ζίχ
662 1068 700 1142 τῷ
711 1063 757 1123 καί
770 1061 976 1141 Ἰεσδεγουσνθφ,

195 1159 242 1218 καὶ
257 1157 303 1236 μέν
318 1151 362 1214 οὐν
374 1157 468 1234 έτέροις
481 1153 534 1212 τισί
548 1157 600 1210 τῶν
612 1150 684 1230 παρὰ
702 1150 816 1230 Πέρσαις
828 1149 976 1228 ἡγεμόνων.

196 1246 231 1306 Oi
244 1245 270 1303 δέ
283 1242 381 1314 ἐλιξαν,
394 1246 429 1308 όις
442 1240 599 1317 έτοιμότατα
612 1238 695 1318 ἔχοιεν
711 1235 978 1316 Σουανίαςπαραχω-

197 1337 275 1412 ρῆοαι
292 1328 448 1405 Ῥωμαίοις,
463 1327 531 1386 οὐτω
547 1325 634 1402 μέντοι
650 1325 692 1406 ἐφ’
711 1313 733 1404 ᾧ
747 1322 874 1404 χρήματα
896 1321 978 1402 λήψε-

197 1424 257 1477 σθαι
277 1417 323 1476 καλ
336 1415 412 1476 ὤνιον
425 1415 513 1472 θέσθαι
526 1417 574 1484 τήν
589 1410 757 1490 ἀπαλλαγήν.
803 1409 856 1470 Καὶ
871 1409 934 1488 πρός
948 1431 977 1486 γε

198 1506 328 1577 συνθήκας
341 1505 423 1570 άλλας
441 1501 512 1568 τινάς
527 1503 579 1560 δεῖν
594 1501 706 1582 ἐφασκον
725 1498 852 1578 γενέσθαι,
867 1497 978 1577 αἰσχράς

196 1617 225 1652 τε
246 1594 291 1652 καί
305 1591 409 1660 ἀναξίας
424 1595 471 1662 τῆς
491 1589 633 1665 Ῥωμαίων
646 1591 742 1668 ἀρχῆς,
763 1585 808 1644 καλ
822 1585 978 1664 βεὸαιούσας

197 1683 317 1757 οὐδαμῶς
326 1679 374 1750 τήν
386 1678 445 1758 περὶ
458 1678 585 1756 βασιλέως
598 1675 739 1735 ’ἐουστίνου
754 1673 925 1754 κρατήσασαν
936 1671 978 1730 δυ’·

198 1765 255 1840 ξαν,
275 1765 310 1834 ὥς
324 1768 379 1824 ἐστι
395 1766 468 1841 μάλα
483 1761 607 1842 ἐμόριθής
627 1785 655 1819 τε
676 1761 721 1818 καὶ
736 1757 975 1840 κατηκριὸωμένος.

198 1853 321 1924 Ἰωάννης
335 1851 362 1910 δέ
372 1852 405 1910 ιδ
416 1850 502 1910 τοιάδε
518 1848 651 1921 ἀκηκοὼς,
664 1847 709 1906 καί
723 1851 751 1906 οὐ
765 1849 864 1928 σφόδρα
876 1851 922 1916 τῆς
933 1851 978 1904 τοῦ

198 1941 388 2019 αὐτοκράτορος
409 1937 598 2016 στοχαζόμενος
612 1935 732 2014 γνώμης,
747 1933 911 1992 άθσυλάτατα
926 1934 978 1990 διε·

757 233 959 296 mensumn
981 229 1242 292 rnouacnoats

1390 361 1435 420 16.

1059 487 1170 542 Ibidem
1190 505 1220 560 p.
1244 483 1295 540 151
1316 502 1323 538 ι
1342 478 1407 540 Ὀτι
1422 479 1586 548 ’[οοστῗνοςδ
1603 479 1724 559 βασιλεὺς
1745 479 1801 538 ἐπεί

1021 572 1145 642 ἐπύθετο,
1158 573 1193 636 ὡς
1204 573 1228 628 ἐν
1245 568 1358 648 Σουανίφ
1374 567 1415 640 εἴη
1428 567 1548 649 πέμψας,
1559 569 1605 628 καλ
1619 567 1658 627 ότι
1670 576 1722 634 τοῖς
1736 568 1802 627 Ῥω·

1022 659 1106 736 μαίων
1119 659 1148 717 οὐ
1163 656 1319 737 προσέθεντο
1332 655 1459 730 Σουάνοι,
1472 653 1653 735 ἐχαλέπαινεν,
1668 646 1710 714 οἷα
1722 656 1800 721 είκός.

1023 745 1077 806 Καί
1090 744 1303 826 παραπρεσύείας
1318 743 1432 822 ἐκρίνετο
1445 742 1582 816 Ἰωάννης,
1596 743 1642 802 άτε
1653 745 1682 802 οὐ
1697 741 1764 821 πρὸς
1773 742 1802 801 τὸ

1022 841 1139 892 συνοῖσον
1154 836 1186 911 τῇ
1201 829 1320 910 πολιτεία
1335 829 1552 910 διαπραξάμενος,
1565 829 1636 891 Οὐδὲ
1646 828 1696 909 γάρ
1708 835 1805 908 χρῆναι

1023 919 1101 978 αὐτὸν
1111 919 1208 1000 ἔφασκε
1220 921 1331 988 στεῖλαι,
1343 917 1396 996 εῐγε
1406 915 1444 994 μή
1455 922 1530 976 τοῦτο
1540 917 1747 976 ἐνικελεύσατοὸ
1761 922 1806 996 βα·

1024 1006 1119 1078 σιλεύς,
1127 1009 1179 1064 κάκ
1187 1004 1280 1065 τούτου
1291 1009 1378 1063 δοῦναι
1386 1003 1514 1084 πρόφασιν
1525 1003 1640 1083 Πέρσαις
1648 1005 1677 1062 τὸ
1686 1003 1805 1078 άδίκημα

1024 1094 1176 1166 ξυακιάζειν,
1199 1092 1244 1151 καλ
1266 1091 1402 1172 προφέρειν
1421 1091 1527 1168 λόγους,
1549 1095 1584 1158 ὡς
1605 1089 1678 1150 αὐτοί
1693 1091 1806 1151 Σουάνοι

1023 1180 1191 1253 ἀπηνήναντο
1200 1179 1233 1237 τά
1243 1178 1400 1255 Ῥωμαίων·
1416 1180 1475 1236 ἀλλ’
1486 1178 1543 1237 οὐδὲ
1551 1180 1578 1236 ἐν
1590 1181 1659 1257 ἀρχῇ
1666 1177 1713 1248 τήν
1722 1177 1808 1236 τοιαύ-

1022 1293 1070 1340 την
1091 1292 1111 1326 π
1129 1265 1283 1335 οσδέξασθαι
1301 1253 1457 1345 πρόκλησιν,
1472 1263 1489 1335 ἢ
1507 1264 1638 1331 Σονάνους
1655 1264 1806 1346 προτρέψα·

1024 1361 1085 1416 σθαι
1096 1291 1162 1414 είναι
1177 1354 1229 1413 ὐπὸ
1242 1351 1404 1428 Ῥωμαίους,
1416 1350 1433 1422 ἢ
1446 1352 1537 1410 τούτου
1549 1375 1579 1429 γε
1593 1351 1669 1410 ἕνεκα
1681 1352 1810 1431 πρεσύευ-

1023 1444 1071 1516 τήν
1084 1445 1110 1502 ίν
1126 1441 1260 1520 Βυζαντίῳ
1275 1439 1405 1516 γενέσθαι.
1448 1439 1593 1521 Οὐδέτερον
1606 1439 1657 1518 γάρ
1669 1439 1695 1507 ἐξ
1711 1441 1810 1518 άμφοῑν

1024 1530 1148 1610 εὐπρεπὲς
1163 1519 1230 1588 εἶναι
1243 1531 1276 1607 τῇ
1289 1524 1406 1606 πολιτεία
1418 1526 1546 1604 ἡγήσατο.
1562 1527 1688 1598 Ἰωάννην
1702 1517 1747 1585 οὐν
1760 1550 1810 1584 πε·

1025 1619 1182 1699 ριφρονήσας
1192 1619 1205 1675 θ
1216 1613 1384 1696 αὐτοκράτωρ
1394 1617 1419 1672 ἐν
1431 1618 1463 1693 τῇ
1473 1618 1524 1672 τῶν
1536 1613 1721 1685 ἀνεπιτηδείων
1733 1613 1809 1682 ἔταξε

1026 1705 1114 1788 μοίρφ,
1127 1705 1309 1783 έγνωμάτιυσε
1323 1700 1351 1761 δέ
1368 1701 1436 1769 ὅπως
1454 1700 1488 1760 τά
1508 1700 1687 1782 ἡμαρτημένα
1707 1692 1737 1760 εὐ
1751 1703 1810 1760 δια·

1025 1792 1090 1866 θείη.

1212 1916 1257 1968 ¹7·
1284 1893 1437 1971 (annm,
1459 1896 1563 1950 tustini
1584 1895 1627 1970 α.)

198 2027 331 2106 πράξατο·
346 2027 443 2086 έστιιλε
454 2025 505 2105 γάρ
519 2023 592 2105 παρδι
606 2023 761 2095 Σουάνους,”
764 2022 808 2081 τὸν
821 2026 892 2102 σφῶν
904 2026 979 2100 βασι·
1065 2022 1135 2076 Exe.
1146 2020 1189 2074 De
1203 2019 1254 2092 teg.
1270 2029 1347 2093 gent.
1362 2037 1392 2092 p.
1411 2017 1513 2074 103-
1526 2018 1580 2074 106
1595 2035 1602 2076 :
1615 2011 1680 2076 'Ort
1693 2013 1813 2092 ἠγγέλθη

198 2116 245 2175 λεά
262 2115 416 2194 βουλόμενος
428 2114 611 2184 δεξιώσασθαι,
627 2110 794 2178 δελεάσαντος
805 2103 850 2169 οὐν
864 2111 941 2168 αὐτὸν
957 2113 981 2176 ἐς
1026 2103 1174 2184 Ἰοιιστίνιρ,
1191 2105 1226 2168 ὥς
1240 2105 1270 2160 ἐκ
1287 2108 1333 2175 τῆς
1353 2106 1463 2183 Περσῶν
1478 2103 1643 2183 ἐπικρατείας
1661 2101 1814 2182 έξώρμησεν

198 2207 274 2261 τοῦτο
286 2203 394 2269 ἀτοπίας
408 2203 490 2260 ἐλθεῖν
505 2202 582 2258 αὐτοῦ
603 2199 735 2278 Χοσρόου,
749 2197 893 2269 ἐσκήπτετο
908 2194 935 2254 δέ
949 2196 980 2254 τὸ
1026 2192 1107 2271 θΖίχ
1128 2188 1353 2270 πρεσύιυσόμενός
1372 2212 1402 2246 τε
1426 2189 1471 2248 καί
1496 2188 1732 2268 διαλεχθησόμενος
1751 2191 1815 2267 περλ

198 2289 294 2348 τοιόνδε
307 2289 352 2348 καί
365 2292 533 2366 ἐμηχανᾶτο,
545 2286 614 2353 ὅπως
624 2286 708 2345 έσοιτά
716 2309 746 2363 γε
759 2288 830 2365 αὐτῷ
841 2287 866 2351 ἐς
878 2286 978 2343 δικαιο·
1027 2279 1160 2349 Σουάνων,
1172 2279 1198 2335 ἐν
1207 2278 1295 2355 ταύτῷ
1303 2275 1348 2333 καλ
1360 2275 1548 2356 φιλοφροσύνης
1561 2275 1667 2356 ῥήματα
1678 2277 1815 2352 άποκομί·

198 2378 288 2453 λογίαν
304 2375 378 2451 τινδι,
393 2381 428 2443 ὡς
442 2375 516 2434 αὐτοὶ
531 2373 659 2449 Σουάνοι,
674 2375 759 2432 καίτοι
772 2369 980 2451 προτραπέντες,
1028 2386 1080 2421 οων
1094 2365 1213 2442 βασιλεῖ,
1226 2363 1264 2420 ἔτι
1275 2385 1303 2420 τε
1317 2361 1406 2420 καὶτὰ
1418 2360 1457 2441 ἐφ’
1470 2355 1507 2429 οἷς
1519 2362 1649 2440 Ῥωμαῖοι
1663 2386 1816 2442 προσεγκα-

199 2465 246 2522 οὐκ
267 2463 400 2541 α’νάσχετα
420 2468 553 2520 ποιοῦνται
568 2460 712 2536 Ῥωμαίοις
730 2457 882 2520 ὑπακούειν.
899 2456 980 2528 Ἔξη·
1027 2453 1115 2510 λοῦσιν
1143 2444 1172 2509 εὐ
1197 2449 1390 2524 διαθησόμενος.
1415 2447 1449 2510 Ὁ
1469 2449 1496 2508 δέ
1518 2450 1657 2517 Ἰουστῑνος
1680 2452 1707 2508 ἐν
1731 2454 1817 2530 βουλῇ

199 2551 311 2610 πίστατο
322 2551 373 2627 γὰρ
382 2548 421 2607 δτι
431 2540 475 2624 οὐν
485 2548 588 2619 ὤνησαν
598 2550 622 2604 οἱ
631 2546 694 2627 πρὸς
702 2546 824 2608 Ἰωάννου
833 2543 980 2610 σταλέντες.
1028 2543 1140 2600 ἐποιεῖτο
1155 2538 1171 2610 ἢ
1184 2537 1221 2615 μή
1237 2536 1429 2617 προσδέξασθαι
1442 2537 1489 2608 τήν
1502 2539 1653 2618 πρεσύείαν,
1668 2537 1685 2608 ἢ
1698 2541 1816 2619 προσδε·

200 2637 277 2697 Μετδι
286 2643 370 2695 ταῦτα
380 2636 556 2714 ἐπηγγείλατο
566 2634 684 2713 Χοσρόης
694 2633 809 2692 στέλλειν
817 2630 980 2711 πρεσύευτήν
1028 2628 1140 2707 χόμενον
1156 2625 1251 2684 εἰδέναι
1264 2624 1307 2683 τθν
1322 2625 1388 2703 Ζέχ,
1402 2627 1438 2691 όις
1451 2624 1485 2684 τά
1499 2626 1567 2686 κατὰ
1587 2632 1645 2684 νοῦν
1659 2629 1733 2706 αὐτῷ
1748 2630 1818 2685 ἀνυ-

199 2729 233 2792 θις
256 2724 365 2804 βασιλέα
387 2723 539 2800 Ῥωμαίων,
561 2725 605 2780 τὸν
626 2727 710 2780 ταῦτα
731 2721 837 2780 ἅπαντα
857 2723 883 2778 ἐν
898 2719 981 2778 δέοντι
1030 2717 1156 2786 οὐήσεται
1177 2715 1306 2790 οὐδαμῶς.
1325 2712 1379 2772 Καὶ
1399 2711 1431 2784 δὴ
1446 2711 1659 2793 ξυγκροτηθείσης
1679 2716 1754 2792 αὐτῷ
1771 2718 1818 2772 ἐκ·

198 2811 488 2890 καταστησόμενονιιαὶ
497 2809 626 2878 α’νέζευξεν
634 2809 756 2881 Ἰωάννης
764 2809 825 2876 ἐςτδ
834 2807 982 2877 Βυζάντιον.
1030 2801 1157 2874 κλησίας,
1172 2803 1241 2859 δοκεῖ
1263 2801 1411 2872 κατάδηλον
1433 2801 1551 2877 γενέσθαι
1572 2802 1611 2860 ἔτι
1635 2803 1819 2880 ὁδοιποροῦντι

201 2982 253 3036 ret,
263 2979 293 3026 ab
303 2978 509 3028 arnristnterendis
518 2991 564 3028 noe
576 2978 713 3028 abstineret.
725 2998 736 3022 u
749 2976 871 3040 atqnebic
880 2975 910 3024 ad
921 2975 985 3023 hunc
1399 2973 1441 3023 16.

200 3054 299 3104 modum
311 3058 348 3105 est
359 3056 468 3116 locutus,
480 3069 559 3117 neque
576 3055 687 3116 deinceps
704 3055 755 3104 utta
769 3055 860 3103 mentio
872 3053 902 3101 de
914 3055 984 3101 sara·
1058 3057 1168 3108 tustinus
1177 3055 1307 3118 imperator
1318 3053 1359 3102 ubi
1369 3055 1473 3116 accepti,
1481 3057 1599 3104 teaonem
1613 3053 1703 3115 legates
1714 3052 1740 3102 in
1753 3055 1820 3103 Sua-

200 3134 266 3182 eents
277 3136 313 3182 est
327 3133 400 3184 lacta.
413 3133 544 3183 Observato
558 3133 643 3183 deinde
654 3137 775 3194 tempore,
788 3145 818 3180 ne
829 3131 859 3179 dc
869 3129 985 3180 industria
1028 3136 1092 3184 ntem
1114 3133 1217 3192 misisse,
1230 3131 1412 3180 suanesautem
1426 3143 1452 3179 ee
1467 3143 1515 3179 non
1528 3130 1627 3191 imperto
1645 3133 1820 3180 tlemanornm

201 3223 270 3271 egere
277 3209 408 3268 videretur,
420 3209 515 3258 sunnine
524 3209 670 3259 mentionem
680 3209 775 3270 iniecit,
785 3207 898 3257 rabuinum
908 3219 984 3269 eoum
1027 3211 1169 3272 subjecisse,
1178 3209 1281 3271 gnaviter
1290 3208 1437 3269 molesteque
1448 3208 1513 3268 lntit,
1523 3211 1548 3256 et
1557 3209 1675 3256 loannem
1688 3207 1822 3268 legationis

202 3288 286 3336 Lenior
295 3287 386 3348 optime
396 3286 450 3348 jure
460 3287 570 3336 restituta
581 3288 660 3346 esset,
670 3289 781 3348 oportere
799 3297 895 3347 queque
909 3285 985 3346 ipsam
1028 3301 1076 3338 nen
1086 3301 1116 3338 ex
1128 3287 1233 3336 utilitate
1249 3287 1282 3334 ret
1293 3284 1395 3346 publice
1405 3287 1478 3345 geste
1496 3283 1674 3334 condemnavit.
1688 3286 1741 3334 lieo
1751 3286 1821 3333 enirn

201 3364 314 3413 suaniam
333 3366 495 3412 Ronmnernm
506 3363 617 3425 potestati
636 3363 752 3424 permitti.
765 3363 838 3411 Visos
850 3363 886 3410 est
903 3365 984 3409 eutero
1028 3365 1152 3425 seiescie,
1164 3366 1263 3412 autnon
1275 3362 1388 3422 jubente,
1402 3361 1512 3410 debuisse
1530 3362 1699 3410 mittereetex
1714 3361 1822 3410 becec-

201 3443 328 3490 Persarum
336 3454 378 3489 rex
389 3453 510 3490 sermones
521 3440 552 3489 de
561 3440 649 3490 suanis
661 3441 784 3501 excipere,
794 3442 819 3488 et
826 3439 871 3489 sibi
883 3439 986 3501 amptius
1028 3444 1147 3492 casieuem
1162 3440 1237 3490 Persis
1253 3439 1374 3501 praebere,
1393 3451 1442 3500 qua
1458 3451 1526 3486 suam
1538 3437 1679 3498 iniustitiam
1690 3441 1823 3500 tegerent,

201 3518 266 3567 dees
277 3531 302 3566 re
312 3531 368 3566 cum
376 3518 524 3580 principibus
532 3517 656 3568 Medorum
664 3517 847 3566 deliberandum
855 3516 926 3566 dixit.
937 3519 985 3566 Nee
1028 3524 1053 3570 et
1063 3521 1140 3582 petam
1152 3518 1322 3581 praedicarent,
1332 3516 1497 3578 suaeoeipsos
1506 3519 1668 3565 Romanorum
1683 3516 1823 3578 imperium

201 3597 279 3644 ιιιιιΙιο
300 3597 354 3656 pest
374 3598 480 3644 loannes
500 3593 648 3655 colloquium
664 3593 749 3642 babuit
763 3606 820 3641 cum
840 3593 926 3651 zicbo,
942 3593 985 3655 qui
1028 3597 1181 3646 detrectasse.
1200 3594 1325 3645 Neeeoim
1342 3593 1445 3643 baneab
1457 3593 1695 3655 imperiomsnepisnn
1711 3595 1823 3655 provin.

201 3673 274 3721 ettam
285 3671 461 3734 tesdegusnapb
472 3669 649 3731 nominabatur,
661 3669 927 3732 etreliqutst‘ersarum
938 3670 986 3732 pri·
1031 3675 1146 3731 ciam,ut
1161 3673 1204 3721 aut
1221 3670 1306 3720 Suauia
1323 3669 1435 3718 suaderet
1454 3672 1482 3719 nt
1496 3683 1523 3719 se
1542 3669 1654 3719 Romanis
1670 3669 1823 3732 subderent,

202 3749 319 3798 moribus.
336 3749 372 3798 ttti
389 3748 488 3810 quidem
503 3747 630 3807 dixerunt,
650 3748 746 3808 paratos
760 3761 787 3795 se
804 3760 856 3795 essa
873 3747 986 3796 tiemonis
1029 3755 1071 3800 ent
1087 3750 1159 3811 trojus
1174 3749 1208 3798 rei
1221 3749 1297 3810 gralia
1313 3749 1454 3809 Byzantium
1472 3748 1564 3810 legatus
1575 3749 1675 3797 reniret.
1689 3749 1824 3799 Neutrum

202 3825 287 3875 cedere
296 3825 409 3875 Suebiam
422 3823 627 3885 hotwnditione‚
638 3824 779 3886 ”turollum
789 3823 841 3884 eius
851 3825 986 3885 momenti
1029 3829 1094 3878 enim
1113 3827 1213 3889 imperio
1233 3829 1340 3875 tlomano
1357 3824 1455 3886 dignum
1469 3837 1521 3874 ease
1543 3825 1705 3874 eatsttmabal.
1728 3829 1826 3890 tlaqrre

202 3907 227 3952 et
237 3903 289 3963 elus
298 3904 427 3952 nationem
438 3901 585 3962 venderent,
598 3901 735 3962 multasque
743 3900 803 3949 altat
814 3901 987 3950 conventiones
1028 3911 1145 3957 Joannem
1157 3905 1286 3968 imperator
1295 3918 1309 3953 a
1319 3917 1345 3953 se
1356 3904 1518 3953 abalienatum
1530 3903 1621 3953 dimisit
1635 3905 1661 3952 et
1670 3915 1762 3953 nomm
1774 3919 1826 3954 nu.

202 3979 342 4029 tumentium
353 3979 518 4042 proponebant
529 3981 613 4040 turpes
628 3983 653 4029 et
665 3977 771 4039 indigeas
782 3977 883 4028 Romani
894 3977 985 4039 imperit
1030 3997 1098 4033 mem
1117 3983 1215 4042 habuit,
1232 3983 1273 4044 qut
1292 3981 1392 4031 minima
1413 3980 1534 4030 ennrmedt
1554 3980 1603 4030 suis
1621 3980 1693 4029 rebus
1714 3988 1826 4032 essene:

203 4057 341 4118 maiestate,
354 4059 380 4106 et
395 4069 451 4120 quea
469 4057 567 4106 minime
579 4056 762 4116 existimationi,
785 4069 857 4118 qnam
877 4056 987 4104 tustinus
1031 4064 1083 4111 tum
1094 4060 1250 4123 excogitavit,
1259 4059 1409 4120 oneratione
1419 4057 1758 4108 inconsultctaotainmetius
1770 4073 1828 4109 oer-

203 4134 304 4196 edeptus
325 4135 391 4193 erat,
412 4133 602 4182 consentiebant.
625 4135 711 4182 Gravis
722 4133 786 4182 euim
802 4135 827 4182 et
838 4133 894 4181 etati
912 4131 986 4180 animi
1030 4140 1124 4203 figeret,

203 4213 251 4273 vir,
264 4216 289 4262 et
298 4213 338 4274 eni
348 4212 428 4261 emnia
442 4212 567 4274 diligenter
583 4212 748 4274 perpenderet,
769 4211 911 4260 habebatur.
926 4213 987 4269 Quae
1402 4203 1444 4252 17·

203 4301 278 4350 quiem
287 4292 392 4337 ioannes
401 4285 527 4348 audiisset,
538 4301 615 4349 neque
626 4289 683 4338 sotis
697 4287 727 4337 ad
738 4300 781 4346 ea,
792 4301 847 4349 quae
860 4286 987 4348 imperator
1060 4286 1155 4336 tustino
1173 4282 1317 4332 uunbatum.
1327 4283 1363 4332 est
1374 4294 1388 4330 a
1398 4283 1525 4331 Persarum
1541 4279 1642 4342 imperio
1658 4279 1769 4330 ztebum
1790 4281 1829 4332 te·

203 4366 237 4415 itti
248 4369 404 4428 praeceperat,
421 4363 576 4425 advertisset,
586 4364 751 4426 imprudenter
764 4364 834 4424 tecit,
848 4366 874 4412 et
884 4363 914 4412 ad
923 4365 985 4413 sua·
1030 4365 1111 4427 gutum
1121 4363 1151 4412 ad
1164 4376 1190 4412 se
1200 4364 1299 4411 missum
1310 4373 1370 4420 esse,
1381 4360 1423 4423 qui
1430 4359 1462 4409 de
1475 4360 1560 4410 διιειιὶε
1568 4362 1657 4420 ageret,
1671 4361 1831 4410 Ρετοαιαιιιι·

203 4455 248 4492 nee
257 4441 331 4502 misit,
340 4441 383 4503 qui
394 4453 472 4501 regem
482 4453 565 4490 eorum
573 4443 705 4491 salutarent
713 4440 813 4502 eiusque
823 4441 923 4502 gretiam
930 4453 986 4488 oon·
1031 4454 1079 4503 que
1092 4453 1149 4500 erga
1158 4439 1326 4501 imperatorem
1336 4437 1528 4488 benevolentiam
1540 4435 1767 4496 modwennae
1785 4453 1830 4499 ea,

206 4518 324 4567 citiarent.
344 4521 378 4567 bo
398 4515 552 4566 absurditatis
574 4529 629 4566 eum
646 4518 776 4578 pellexerat
795 4517 925 4576 ebesroes,
944 4517 986 4578 qut
1031 4519 1061 4568 de
1070 4517 1437 4581 quibusttomaniqnerereutur,
1448 4517 1692 4577 emieecompeneret.
1704 4518 1833 4568 Jnsunis

204 4594 289 4646 callide
298 4595 344 4643 bec
357 4595 508 4642 commentus
519 4595 553 4642 ita
563 4594 680 4656 tustttuit,
692 4597 721 4644 ut
732 4595 831 4644 baberet
840 4594 906 4658 qued
917 4595 985 4656 quasi
1031 4609 1089 4646 vero
1100 4597 1143 4644 eut
1151 4596 1249 4644 minime
1258 4593 1399 4655 legationem
1411 4594 1540 4644 admiterre
1548 4630 1556 4654 ,
1565 4598 1607 4642 ant
1617 4627 1625 4652 ,
1635 4592 1656 4642 si
1664 4591 1831 4656 admitteret,

206 4673 257 4734 tura
266 4685 310 4721 sue
319 4671 418 4732 diceret,
427 4674 519 4720 suanos
528 4671 591 4732 ipsos
600 4671 711 4732 quemvis
721 4671 938 4734 regateetlemanie
945 4685 986 4734 pa·
1031 4671 1245 4734 ztcbesignitiesre
1254 4670 1391 4731 maslituit,
1407 4683 1559 4732 ιιεηιιεςιιειο
1575 4683 1627 4718 rem
1638 4671 1754 4731 optatum
1768 4674 1832 4721 eai-

205 4761 258 4799 rere
271 4761 398 4798 reemame.
409 4749 514 4797 Noverat
523 4748 601 4808 enim,
611 4754 729 4810 qnantum
737 4749 781 4810 qui
793 4750 909 4798 atoanoe
921 4749 986 4800 mimi
1031 4753 1084 4800 tum
1101 4749 1246 4798 babituram.
1264 4749 1296 4796 at
1304 4747 1433 4797 secedente
1442 4749 1540 4796 serratam
1553 4747 1696 4795 auctoritate
1707 4751 1832 4812 censuit,

205 4825 774 4886 tueranbetdeereuttteemuttopestcbesrees
782 4827 987 4888 petttcitusest,se
1033 4829 1177 4876 uttoannes
1199 4837 1240 4887 per
1258 4823 1349 4874 litteras
1362 4823 1436 4874 ziebe
1453 4823 1533 4874 adbuc
1543 4823 1589 4874 iter
1600 4825 1724 4885 pmagmti
1737 4828 1834 4886 ραιαιιι

206 4903 310 4964 tegetum
320 4902 350 4951 ad
364 4905 528 4954 Romanorum
541 4902 709 4966 imperatorem
724 4904 852 4952 missurum
862 4917 927 4964 esse,
943 4901 986 4966 oui
1032 4906 1133 4966 mearet,
1143 4903 1345 4965 tmperateremin
1355 4903 1531 4962 nuttoeornm,
1543 4915 1599 4964 que
1608 4904 1727 4964 speraret,
1738 4915 1835 4956 essm.

206 4980 346 5030 haecomnia
355 4982 517 5042 componeret,
527 4983 551 5038 et
561 4983 713 5032 reversuscst
722 4981 984 5044 toannesttyaantium.
1031 4995 1125 5034 surum.
1143 4987 1198 5041 Quo
1209 4981 1288 5041 tacto,
1300 4980 1440 5042 Timotbeo,
1452 4994 1483 5031 es
1492 4993 1594 5030 numere
1602 4991 1702 5040 οοαιιιι,
1714 4983 1760 5043 qui
1773 4983 1834 5045 iam
