<?xml version="1.0" encoding="UTF-8"?>
<!DOCTYPE html PUBLIC "-//W3C//DTD XHTML 1.0 Transitional//EN"
    "http://www.w3.org/TR/xhtml1/DTD/xhtml1-transitional.dtd">
<html xmlns="http://www.w3.org/1999/xhtml" xml:lang="en" lang="en">
 <head>
  <title>
</title>
<meta http-equiv="Content-Type" content="text/html;charset=utf-8" />
  <meta name='ocr-system' content='tesseract 3.04.00' />
  <meta name='ocr-capabilities' content='ocr_page ocr_carea ocr_par ocr_line ocrx_word'/>
</head>
<body>
  <div class='ocr_page' id='page_1' title='image "./fragmentahistor01antgoog/fragmentahistor01antgoog_0419.png"; bbox 0 0 3916 5728; ppageno 0'>
   <div class='ocr_carea' id='block_1_1' title="bbox 668 445 1226 510">
    <p class='ocr_par' dir='ltr' id='par_1_1' title="bbox 668 445 1226 510">
     <span class='ocr_line' id='line_1_1' title="bbox 668 445 1226 510; baseline 0.004 -6"><span class='ocrx_word' id='word_1_1' title='bbox 668 445 799 505; x_wconf 77' lang='lat' dir='ltr'><strong>ERGIAE</strong></span> <span class='ocrx_word' id='word_1_2' title='bbox 820 445 955 507; x_wconf 76' lang='lat' dir='ltr'><strong>brionii</strong></span> <span class='ocrx_word' id='word_1_3' title='bbox 979 447 1226 510; x_wconf 72' lang='lat' dir='ltr'><strong>FRAGMENTA.</strong></span> 
     </span>
    </p>
   </div>
   <div class='ocr_carea' id='block_1_2' title="bbox 504 597 521 632">
    <p class='ocr_par' dir='ltr' id='par_1_2' title="bbox 504 597 521 632">
     <span class='ocr_line' id='line_1_2' title="bbox 504 597 521 632; baseline 0 0"><span class='ocrx_word' id='word_1_4' title='bbox 504 597 521 632; x_wconf 83' lang='lat'>2</span> 
     </span>
    </p>
   </div>
   <div class='ocr_carea' id='block_1_3' title="bbox 121 673 912 1536">
    <p class='ocr_par' dir='ltr' id='par_1_3' title="bbox 121 673 911 1160">
     <span class='ocr_line' id='line_1_3' title="bbox 163 673 909 750; baseline -0.003 -18"><span class='ocrx_word' id='word_1_5' title='bbox 163 674 263 732; x_wconf 84' lang='lat' dir='ltr'><strong>schol.</strong></span> <span class='ocrx_word' id='word_1_6' title='bbox 283 673 366 730; x_wconf 88' lang='lat' dir='ltr'><strong>Pind.</strong></span> <span class='ocrx_word' id='word_1_7' title='bbox 384 675 430 732; x_wconf 87' lang='lat' dir='ltr'><strong>Oi.</strong></span> <span class='ocrx_word' id='word_1_8' title='bbox 446 676 475 744; x_wconf 89' lang='lat' dir='ltr'><strong>l,</strong></span> <span class='ocrx_word' id='word_1_9' title='bbox 504 691 577 746; x_wconf 78' lang='lat'><strong>127,</strong></span> <span class='ocrx_word' id='word_1_10' title='bbox 599 685 750 750; x_wconf 72' lang='lat' dir='ltr'><strong>postquem</strong></span> <span class='ocrx_word' id='word_1_11' title='bbox 772 676 909 732; x_wconf 81' lang='lat' dir='ltr'>tredecim</span> 
     </span>
     <span class='ocr_line' id='line_1_4' title="bbox 121 761 908 838; baseline -0.004 -18"><span class='ocrx_word' id='word_1_12' title='bbox 121 781 230 838; x_wconf 89' lang='lat' dir='ltr'><strong>procos</strong></span> <span class='ocrx_word' id='word_1_13' title='bbox 253 763 290 818; x_wconf 80' lang='lat' dir='ltr'><strong>ab</strong></span> <span class='ocrx_word' id='word_1_14' title='bbox 317 765 468 820; x_wconf 82' lang='lat' dir='ltr'><strong>OEnorneo</strong></span> <span class='ocrx_word' id='word_1_15' title='bbox 498 761 663 834; x_wconf 83' lang='lat' dir='ltr'><strong>interfectos</strong></span> <span class='ocrx_word' id='word_1_16' title='bbox 685 774 908 831; x_wconf 76' lang='lat' dir='ltr'>enumeraverat,</span> 
     </span>
     <span class='ocr_line' id='line_1_5' title="bbox 122 841 910 929; baseline -0.001 -22"><span class='ocrx_word' id='word_1_17' title='bbox 122 852 228 908; x_wconf 81' lang='lat' dir='ltr'><strong>addit:</strong></span> <span class='ocrx_word' id='word_1_18' title='bbox 245 847 340 929; x_wconf 85' lang='grc' dir='ltr'>Τούτῳ</span> <span class='ocrx_word' id='word_1_19' title='bbox 354 851 392 928; x_wconf 80' lang='grc' dir='ltr'><strong>τῷ</strong></span> <span class='ocrx_word' id='word_1_20' title='bbox 409 848 513 928; x_wconf 79' lang='grc' dir='ltr'>ἀριθμῷ</span> <span class='ocrx_word' id='word_1_21' title='bbox 528 851 580 906; x_wconf 84' lang='grc' dir='ltr'>τῶν</span> <span class='ocrx_word' id='word_1_22' title='bbox 595 847 769 908; x_wconf 78' lang='grc' dir='ltr'>ἀπολωλότων</span> <span class='ocrx_word' id='word_1_23' title='bbox 789 841 910 926; x_wconf 74' lang='grc' dir='ltr'>μνηστή-</span> 
     </span>
     <span class='ocr_line' id='line_1_6' title="bbox 123 935 911 1018; baseline -0.005 -22"><span class='ocrx_word' id='word_1_24' title='bbox 123 935 233 1018; x_wconf 81' lang='grc' dir='ltr'>ρωνκαὶ</span> <span class='ocrx_word' id='word_1_25' title='bbox 243 935 416 1003; x_wconf 85' lang='grc' dir='ltr'>Ἡσίοδοςκαί</span> <span class='ocrx_word' id='word_1_26' title='bbox 425 935 596 1014; x_wconf 87' lang='grc' dir='ltr'>Ἐπιμενίδης</span> <span class='ocrx_word' id='word_1_27' title='bbox 604 943 795 1015; x_wconf 87' lang='grc' dir='ltr'>συμμαρτυρεῖ.</span> <span class='ocrx_word' id='word_1_28' title='bbox 805 939 911 994; x_wconf 81' lang='lat' dir='ltr'><strong>Eadem</strong></span> 
     </span>
     <span class='ocr_line' id='line_1_7' title="bbox 121 1026 520 1160; baseline -0.005 -76"><span class='ocrx_word' id='word_1_29' title='bbox 121 1026 374 1102; x_wconf 79' lang='lat' dir='ltr'><strong>Eudociap.3rl.</strong></span> <span class='ocrx_word' id='word_1_30' title='bbox 505 1105 520 1160; x_wconf 69' lang='lat'><strong>3</strong></span> 
     </span>
    </p>

    <p class='ocr_par' dir='ltr' id='par_1_4' title="bbox 123 1195 912 1536">
     <span class='ocr_line' id='line_1_8' title="bbox 163 1195 910 1278; baseline -0.003 -21"><span class='ocrx_word' id='word_1_31' title='bbox 163 1202 262 1258; x_wconf 88' lang='lat' dir='ltr'><strong>Schoi.</strong></span> <span class='ocrx_word' id='word_1_32' title='bbox 280 1201 415 1274; x_wconf 77' lang='lat' dir='ltr'><strong>Apollon.</strong></span> <span class='ocrx_word' id='word_1_33' title='bbox 433 1200 529 1256; x_wconf 86' lang='lat' dir='ltr'><strong>Rhod.</strong></span> <span class='ocrx_word' id='word_1_34' title='bbox 552 1201 602 1270; x_wconf 90' lang='lat' dir='ltr'><strong>IV,</strong></span> <span class='ocrx_word' id='word_1_35' title='bbox 616 1198 652 1270; x_wconf 83' lang='lat'><strong>57</strong></span> <span class='ocrx_word' id='word_1_36' title='bbox 673 1195 868 1278; x_wconf 74' lang='grc' dir='ltr'>εἘπιμενίδης</span> <span class='ocrx_word' id='word_1_37' title='bbox 883 1196 910 1255; x_wconf 79' lang='grc' dir='ltr'><strong>δὲ</strong></span> 
     </span>
     <span class='ocr_line' id='line_1_9' title="bbox 124 1282 910 1364; baseline -0.001 -21"><span class='ocrx_word' id='word_1_38' title='bbox 124 1286 203 1345; x_wconf 77' lang='grc' dir='ltr'>αὐτὸν</span> <span class='ocrx_word' id='word_1_39' title='bbox 216 1287 227 1364; x_wconf 87' lang='grc'>(</span> <span class='ocrx_word' id='word_1_40' title='bbox 236 1285 280 1344; x_wconf 84' lang='grc' dir='ltr'>τὸν</span> <span class='ocrx_word' id='word_1_41' title='bbox 295 1283 480 1362; x_wconf 78' lang='grc' dir='ltr'>Ἐνδυμίωνα)</span> <span class='ocrx_word' id='word_1_42' title='bbox 496 1282 569 1362; x_wconf 75' lang='grc' dir='ltr'>παρὰ</span> <span class='ocrx_word' id='word_1_43' title='bbox 584 1290 649 1352; x_wconf 82' lang='grc' dir='ltr'><strong>θεοῖς</strong></span> <span class='ocrx_word' id='word_1_44' title='bbox 666 1282 833 1364; x_wconf 83' lang='grc' dir='ltr'>διατρίθοντα</span> <span class='ocrx_word' id='word_1_45' title='bbox 850 1285 910 1364; x_wconf 84' lang='grc' dir='ltr'>ε’ρα-</span> 
     </span>
     <span class='ocr_line' id='line_1_10' title="bbox 123 1369 912 1452; baseline 0 -22"><span class='ocrx_word' id='word_1_46' title='bbox 123 1371 219 1442; x_wconf 79' lang='grc' dir='ltr'>σθῆναί</span> <span class='ocrx_word' id='word_1_47' title='bbox 231 1394 295 1452; x_wconf 71' lang='grc' dir='ltr'>φησι</span> <span class='ocrx_word' id='word_1_48' title='bbox 305 1375 351 1442; x_wconf 80' lang='grc' dir='ltr'>τῆς</span> <span class='ocrx_word' id='word_1_49' title='bbox 357 1369 453 1451; x_wconf 84' lang='grc' dir='ltr'>Ἥρας·</span> <span class='ocrx_word' id='word_1_50' title='bbox 464 1369 553 1451; x_wconf 88' lang='grc' dir='ltr'>διόπερ</span> <span class='ocrx_word' id='word_1_51' title='bbox 563 1370 623 1435; x_wconf 82' lang='grc' dir='ltr'>Διός</span> <span class='ocrx_word' id='word_1_52' title='bbox 632 1369 912 1450; x_wconf 77' lang='grc' dir='ltr'>χαλεντόναντοςαίτή-</span> 
     </span>
     <span class='ocr_line' id='line_1_11' title="bbox 123 1458 909 1536; baseline -0.003 -18"><span class='ocrx_word' id='word_1_53' title='bbox 123 1464 221 1518; x_wconf 67' lang='lat' dir='ltr'><strong>redet</strong></span> <span class='ocrx_word' id='word_1_54' title='bbox 236 1459 377 1526; x_wconf 69' lang='lat' dir='ltr'><strong>dennestede</strong></span> <span class='ocrx_word' id='word_1_55' title='bbox 386 1458 529 1520; x_wconf 79' lang='grc' dir='ltr'>καθεύδειν.</span> <span class='ocrx_word' id='word_1_56' title='bbox 538 1461 644 1518; x_wconf 82' lang='lat' dir='ltr'><strong>Eadem</strong></span> <span class='ocrx_word' id='word_1_57' title='bbox 656 1461 783 1518; x_wconf 84' lang='lat' dir='ltr'><strong>Eudoeie</strong></span> <span class='ocrx_word' id='word_1_58' title='bbox 796 1481 827 1536; x_wconf 93' lang='lat' dir='ltr'><strong>p.</strong></span> <span class='ocrx_word' id='word_1_59' title='bbox 844 1461 909 1528; x_wconf 72' lang='lat'><strong>148.</strong></span> 
     </span>
    </p>
   </div>
   <div class='ocr_carea' id='block_1_4' title="bbox 123 1573 909 1910">
    <p class='ocr_par' dir='ltr' id='par_1_5' title="bbox 123 1573 909 1910">
     <span class='ocr_line' id='line_1_12' title="bbox 165 1573 909 1740; baseline 0.001 -24"><span class='ocrx_word' id='word_1_60' title='bbox 165 1661 248 1718; x_wconf 78' lang='lat' dir='ltr'><strong>idem</strong></span> <span class='ocrx_word' id='word_1_61' title='bbox 257 1662 315 1732; x_wconf 82' lang='grc' dir='ltr'>ΙΙΙ,</span> <span class='ocrx_word' id='word_1_62' title='bbox 330 1668 388 1728; x_wconf 71' lang='lat'><strong>242</strong></span> <span class='ocrx_word' id='word_1_63' title='bbox 403 1679 410 1720; x_wconf 86' lang='lat'>:</span> <span class='ocrx_word' id='word_1_64' title='bbox 423 1573 593 1736; x_wconf 63' lang='grc' dir='ltr'>ἘπιμἘνίδης</span> <span class='ocrx_word' id='word_1_65' title='bbox 607 1659 634 1718; x_wconf 79' lang='grc' dir='ltr'><strong>δέ</strong></span> <span class='ocrx_word' id='word_1_66' title='bbox 649 1681 713 1739; x_wconf 67' lang='grc' dir='ltr'>φησι</span> <span class='ocrx_word' id='word_1_67' title='bbox 725 1659 859 1740; x_wconf 82' lang='grc' dir='ltr'>Κορίνθιον</span> <span class='ocrx_word' id='word_1_68' title='bbox 871 1661 909 1739; x_wconf 80' lang='grc' dir='ltr'><strong>τῷ</strong></span> 
     </span>
     <span class='ocr_line' id='line_1_13' title="bbox 123 1744 855 1826; baseline -0.003 -22"><span class='ocrx_word' id='word_1_69' title='bbox 123 1745 194 1822; x_wconf 85' lang='grc' dir='ltr'>γε’νει</span> <span class='ocrx_word' id='word_1_70' title='bbox 210 1747 254 1805; x_wconf 78' lang='grc' dir='ltr'>τὀν</span> <span class='ocrx_word' id='word_1_71' title='bbox 269 1744 384 1819; x_wconf 79' lang='grc' dir='ltr'>Αἰήτην·</span> <span class='ocrx_word' id='word_1_72' title='bbox 400 1746 501 1826; x_wconf 83' lang='grc' dir='ltr'>μητέρα</span> <span class='ocrx_word' id='word_1_73' title='bbox 514 1745 543 1804; x_wconf 77' lang='grc' dir='ltr'>δί</span> <span class='ocrx_word' id='word_1_74' title='bbox 555 1747 633 1805; x_wconf 76' lang='grc' dir='ltr'>αὐτοῦ</span> <span class='ocrx_word' id='word_1_75' title='bbox 651 1745 769 1826; x_wconf 82' lang='grc' dir='ltr'>Ἐρύρειν</span> <span class='ocrx_word' id='word_1_76' title='bbox 781 1745 855 1826; x_wconf 72' lang='grc' dir='ltr'>φησί.</span> 
     </span>
     <span class='ocr_line' id='line_1_14' title="bbox 506 1853 533 1910; baseline -0.111 0"><span class='ocrx_word' id='word_1_77' title='bbox 506 1853 533 1910; x_wconf 86' lang='grc'><strong>5.</strong></span> 
     </span>
    </p>
   </div>
   <div class='ocr_carea' id='block_1_5' title="bbox 123 1947 911 2374">
    <p class='ocr_par' dir='ltr' id='par_1_6' title="bbox 123 1947 911 2374">
     <span class='ocr_line' id='line_1_15' title="bbox 164 1947 908 2022; baseline 0.003 -18"><span class='ocrx_word' id='word_1_78' title='bbox 164 1948 246 2005; x_wconf 82' lang='lat' dir='ltr'><strong>Idem</strong></span> <span class='ocrx_word' id='word_1_79' title='bbox 256 1949 300 2017; x_wconf 87' lang='lat' dir='ltr'><strong>ti,</strong></span> <span class='ocrx_word' id='word_1_80' title='bbox 316 1947 390 2004; x_wconf 78' lang='lat'><strong>1125</strong></span> <span class='ocrx_word' id='word_1_81' title='bbox 406 1967 413 2003; x_wconf 91' lang='lat'>:</span> <span class='ocrx_word' id='word_1_82' title='bbox 427 1949 523 2004; x_wconf 81' lang='lat' dir='ltr'><strong>Phrixi</strong></span> <span class='ocrx_word' id='word_1_83' title='bbox 535 1949 814 2022; x_wconf 84' lang='lat' dir='ltr'><strong>eliophossae‚AEete</strong></span> <span class='ocrx_word' id='word_1_84' title='bbox 825 1961 908 2018; x_wconf 66' lang='lat' dir='ltr'><strong>natm,</strong></span> 
     </span>
     <span class='ocr_line' id='line_1_16' title="bbox 123 2033 911 2114; baseline 0.005 -23"><span class='ocrx_word' id='word_1_85' title='bbox 123 2035 199 2092; x_wconf 85' lang='lat' dir='ltr'><strong>iiiios</strong></span> <span class='ocrx_word' id='word_1_86' title='bbox 210 2034 352 2092; x_wconf 83' lang='lat' dir='ltr'><strong>Hesiodus</strong></span> <span class='ocrx_word' id='word_1_87' title='bbox 367 2037 398 2090; x_wconf 91' lang='lat' dir='ltr'><strong>in</strong></span> <span class='ocrx_word' id='word_1_88' title='bbox 416 2037 489 2092; x_wconf 85' lang='lat' dir='ltr'><strong>Eceis</strong></span> <span class='ocrx_word' id='word_1_89' title='bbox 505 2047 631 2092; x_wconf 84' lang='lat' dir='ltr'>recenset</span> <span class='ocrx_word' id='word_1_90' title='bbox 641 2047 794 2109; x_wconf 81' lang='lat' dir='ltr'><strong>quattuor:</strong></span> <span class='ocrx_word' id='word_1_91' title='bbox 809 2033 911 2114; x_wconf 79' lang='grc' dir='ltr'>Ἄργον,</span> 
     </span>
     <span class='ocr_line' id='line_1_17' title="bbox 124 2120 910 2201; baseline 0.003 -20"><span class='ocrx_word' id='word_1_92' title='bbox 124 2121 255 2201; x_wconf 78' lang='grc' dir='ltr'>Φρόντιν,</span> <span class='ocrx_word' id='word_1_93' title='bbox 267 2120 392 2196; x_wconf 78' lang='grc' dir='ltr'>Μελανα,</span> <span class='ocrx_word' id='word_1_94' title='bbox 404 2121 556 2200; x_wconf 83' lang='grc' dir='ltr'>Κυτίσωρον</span> <span class='ocrx_word' id='word_1_95' title='bbox 569 2120 708 2200; x_wconf 80' lang='grc' dir='ltr'>(Κύτωρον</span> <span class='ocrx_word' id='word_1_96' title='bbox 720 2125 785 2181; x_wconf 88' lang='lat' dir='ltr'><strong>cod.</strong></span> <span class='ocrx_word' id='word_1_97' title='bbox 798 2127 883 2180; x_wconf 82' lang='lat' dir='ltr'><strong>Paris.</strong></span> <span class='ocrx_word' id='word_1_98' title='bbox 892 2123 910 2197; x_wconf 71' lang='grc' dir='ltr'>λ.</span> 
     </span>
     <span class='ocr_line' id='line_1_18' title="bbox 126 2205 910 2288; baseline 0 -19"><span class='ocrx_word' id='word_1_99' title='bbox 126 2205 299 2286; x_wconf 76' lang='grc' dir='ltr'>Ἐπιμενίδης</span> <span class='ocrx_word' id='word_1_100' title='bbox 318 2208 345 2266; x_wconf 83' lang='grc' dir='ltr'>δί</span> <span class='ocrx_word' id='word_1_101' title='bbox 367 2208 413 2267; x_wconf 79' lang='grc' dir='ltr'><strong>καί</strong></span> <span class='ocrx_word' id='word_1_102' title='bbox 434 2207 555 2285; x_wconf 81' lang='grc' dir='ltr'>πέμπτον</span> <span class='ocrx_word' id='word_1_103' title='bbox 578 2209 734 2288; x_wconf 87' lang='grc' dir='ltr'>προστίθησι</span> <span class='ocrx_word' id='word_1_104' title='bbox 754 2209 910 2288; x_wconf 82' lang='grc' dir='ltr'>Πρίσόωνα.</span> 
     </span>
     <span class='ocr_line' id='line_1_19' title="bbox 123 2298 888 2374; baseline -0.001 -18"><span class='ocrx_word' id='word_1_105' title='bbox 123 2300 232 2356; x_wconf 69' lang='lat' dir='ltr'><strong>Pedem</strong></span> <span class='ocrx_word' id='word_1_106' title='bbox 244 2299 370 2355; x_wconf 84' lang='lat' dir='ltr'><strong>Eudocia</strong></span> <span class='ocrx_word' id='word_1_107' title='bbox 384 2318 415 2372; x_wconf 88' lang='lat' dir='ltr'><strong>p.</strong></span> <span class='ocrx_word' id='word_1_108' title='bbox 429 2319 476 2374; x_wconf 86' lang='lat'><strong>79.</strong></span> <span class='ocrx_word' id='word_1_109' title='bbox 493 2298 536 2356; x_wconf 83' lang='lat' dir='ltr'><strong>Cf.</strong></span> <span class='ocrx_word' id='word_1_110' title='bbox 552 2299 650 2374; x_wconf 80' lang='lat' dir='ltr'>fragm.</span> <span class='ocrx_word' id='word_1_111' title='bbox 666 2299 811 2355; x_wconf 90' lang='lat' dir='ltr'><strong>Herodor.</strong></span> <span class='ocrx_word' id='word_1_112' title='bbox 826 2301 855 2358; x_wconf 89' lang='lat' dir='ltr'><strong>h.</strong></span> <span class='ocrx_word' id='word_1_113' title='bbox 868 2302 888 2355; x_wconf 94' lang='lat' dir='ltr'><strong>i.</strong></span> 
     </span>
    </p>
   </div>
   <div class='ocr_carea' id='block_1_6' title="bbox 503 2403 521 2461">
    <p class='ocr_par' dir='ltr' id='par_1_7' title="bbox 503 2403 521 2461">
     <span class='ocr_line' id='line_1_20' title="bbox 503 2403 521 2461; baseline 0 0"><span class='ocrx_word' id='word_1_114' title='bbox 503 2403 521 2461; x_wconf 90' lang='grc'>6</span> 
     </span>
    </p>
   </div>
   <div class='ocr_carea' id='block_1_7' title="bbox 123 2495 912 3372">
    <p class='ocr_par' dir='ltr' id='par_1_8' title="bbox 123 2495 912 3014">
     <span class='ocr_line' id='line_1_21' title="bbox 164 2495 910 2577; baseline 0 -21"><span class='ocrx_word' id='word_1_115' title='bbox 164 2501 261 2558; x_wconf 86' lang='lat' dir='ltr'><strong>Schoi.</strong></span> <span class='ocrx_word' id='word_1_116' title='bbox 278 2501 346 2556; x_wconf 87' lang='lat' dir='ltr'><strong>Eur.</strong></span> <span class='ocrx_word' id='word_1_117' title='bbox 366 2497 465 2556; x_wconf 83' lang='lat' dir='ltr'><strong>Phoen.</strong></span> <span class='ocrx_word' id='word_1_118' title='bbox 486 2497 519 2554; x_wconf 81' lang='lat'><strong>13</strong></span> <span class='ocrx_word' id='word_1_119' title='bbox 539 2519 545 2554; x_wconf 93' lang='lat'><strong>:</strong></span> <span class='ocrx_word' id='word_1_120' title='bbox 561 2495 731 2574; x_wconf 86' lang='grc' dir='ltr'>Ἐπιμενίδης</span> <span class='ocrx_word' id='word_1_121' title='bbox 745 2498 910 2577; x_wconf 83' lang='grc' dir='ltr'>Εὐρύκλειαν</span> 
     </span>
     <span class='ocr_line' id='line_1_22' title="bbox 124 2581 912 2666; baseline 0.005 -26"><span class='ocrx_word' id='word_1_122' title='bbox 124 2583 175 2656; x_wconf 74' lang='grc' dir='ltr'>τὴν</span> <span class='ocrx_word' id='word_1_123' title='bbox 186 2581 337 2666; x_wconf 82' lang='grc' dir='ltr'>Ἐκραντός</span> <span class='ocrx_word' id='word_1_124' title='bbox 351 2607 428 2664; x_wconf 75' lang='grc' dir='ltr'>φησιν</span> <span class='ocrx_word' id='word_1_125' title='bbox 440 2583 518 2644; x_wconf 85' lang='grc' dir='ltr'>αύτδν</span> <span class='ocrx_word' id='word_1_126' title='bbox 533 2584 592 2662; x_wconf 81' lang='grc' dir='ltr'>(τόν</span> <span class='ocrx_word' id='word_1_127' title='bbox 608 2583 708 2662; x_wconf 81' lang='grc' dir='ltr'>Λάϊον)</span> <span class='ocrx_word' id='word_1_128' title='bbox 718 2585 912 2665; x_wconf 84' lang='grc' dir='ltr'>γεγαμηκίναι,</span> 
     </span>
     <span class='ocr_line' id='line_1_23' title="bbox 124 2663 912 2752; baseline 0.003 -22"><span class='ocrx_word' id='word_1_129' title='bbox 124 2671 153 2740; x_wconf 80' lang='grc' dir='ltr'><strong>ίξ</strong></span> <span class='ocrx_word' id='word_1_130' title='bbox 164 2664 195 2744; x_wconf 74' lang='grc' dir='ltr'>ἧς</span> <span class='ocrx_word' id='word_1_131' title='bbox 203 2663 269 2730; x_wconf 79' lang='grc' dir='ltr'>εἰναι</span> <span class='ocrx_word' id='word_1_132' title='bbox 278 2671 321 2730; x_wconf 82' lang='grc' dir='ltr'>τόν</span> <span class='ocrx_word' id='word_1_133' title='bbox 334 2672 478 2732; x_wconf 85' lang='grc' dir='ltr'>Οἰδίποδα·</span> <span class='ocrx_word' id='word_1_134' title='bbox 488 2674 512 2731; x_wconf 83' lang='grc' dir='ltr'><strong>οἱ</strong></span> <span class='ocrx_word' id='word_1_135' title='bbox 520 2669 548 2731; x_wconf 78' lang='grc' dir='ltr'><strong>δὲ</strong></span> <span class='ocrx_word' id='word_1_136' title='bbox 556 2672 601 2732; x_wconf 92' lang='grc' dir='ltr'><strong>δύο</strong></span> <span class='ocrx_word' id='word_1_137' title='bbox 609 2671 674 2752; x_wconf 84' lang='grc' dir='ltr'>ρασί</span> <span class='ocrx_word' id='word_1_138' title='bbox 682 2673 724 2731; x_wconf 78' lang='grc' dir='ltr'>τὸν</span> <span class='ocrx_word' id='word_1_139' title='bbox 736 2673 817 2734; x_wconf 76' lang='grc' dir='ltr'>Λάϊον</span> <span class='ocrx_word' id='word_1_140' title='bbox 827 2677 912 2751; x_wconf 82' lang='grc' dir='ltr'>γῆμαι</span> 
     </span>
     <span class='ocr_line' id='line_1_24' title="bbox 123 2759 911 2839; baseline 0.004 -23"><span class='ocrx_word' id='word_1_141' title='bbox 123 2761 262 2836; x_wconf 85' lang='grc' dir='ltr'>γυναῖκας,</span> <span class='ocrx_word' id='word_1_142' title='bbox 277 2759 438 2839; x_wconf 77' lang='grc' dir='ltr'>Εὐρύκλειαν</span> <span class='ocrx_word' id='word_1_143' title='bbox 452 2759 498 2819; x_wconf 80' lang='grc' dir='ltr'><strong>καὶ</strong></span> <span class='ocrx_word' id='word_1_144' title='bbox 511 2759 688 2832; x_wconf 80' lang='grc' dir='ltr'>Ἐπικάστην.</span> <span class='ocrx_word' id='word_1_145' title='bbox 710 2760 763 2820; x_wconf 78' lang='grc' dir='ltr'>Καὶ</span> <span class='ocrx_word' id='word_1_146' title='bbox 778 2759 821 2820; x_wconf 80' lang='grc' dir='ltr'>τὸν</span> <span class='ocrx_word' id='word_1_147' title='bbox 835 2761 911 2822; x_wconf 88' lang='grc' dir='ltr'>Οἰδί-</span> 
     </span>
     <span class='ocr_line' id='line_1_25' title="bbox 123 2845 910 2928; baseline -0.001 -22"><span class='ocrx_word' id='word_1_148' title='bbox 123 2847 195 2907; x_wconf 84' lang='grc' dir='ltr'>ποδα</span> <span class='ocrx_word' id='word_1_149' title='bbox 211 2847 328 2928; x_wconf 77' lang='grc' dir='ltr'>δόρασιν</span> <span class='ocrx_word' id='word_1_150' title='bbox 344 2845 511 2920; x_wconf 81' lang='grc' dir='ltr'>Ἐπικάστην</span> <span class='ocrx_word' id='word_1_151' title='bbox 531 2846 579 2919; x_wconf 83' lang='grc' dir='ltr'>τὴν</span> <span class='ocrx_word' id='word_1_152' title='bbox 603 2846 704 2926; x_wconf 80' lang='grc' dir='ltr'>μητέρα</span> <span class='ocrx_word' id='word_1_153' title='bbox 721 2848 910 2926; x_wconf 74' lang='grc' dir='ltr'>γεγαμηκέναι,</span> 
     </span>
     <span class='ocr_line' id='line_1_26' title="bbox 124 2933 349 3014; baseline 0 -22"><span class='ocrx_word' id='word_1_154' title='bbox 124 2935 172 2992; x_wconf 82' lang='grc' dir='ltr'><strong>καὶ</strong></span> <span class='ocrx_word' id='word_1_155' title='bbox 188 2933 349 3014; x_wconf 84' lang='grc' dir='ltr'>Εὐρυγάνην.</span> 
     </span>
    </p>

    <p class='ocr_par' dir='ltr' id='par_1_9' title="bbox 506 3045 533 3096">
     <span class='ocr_line' id='line_1_27' title="bbox 506 3045 533 3096; baseline 0 -12"><span class='ocrx_word' id='word_1_156' title='bbox 506 3045 533 3096; x_wconf 87' lang='lat'><strong>7.</strong></span> 
     </span>
    </p>

    <p class='ocr_par' dir='ltr' id='par_1_10' title="bbox 123 3117 911 3372">
     <span class='ocr_line' id='line_1_28' title="bbox 166 3117 911 3195; baseline -0.001 -19"><span class='ocrx_word' id='word_1_157' title='bbox 166 3120 264 3178; x_wconf 81' lang='lat' dir='ltr'><strong>schol.</strong></span> <span class='ocrx_word' id='word_1_158' title='bbox 272 3124 334 3178; x_wconf 84' lang='lat' dir='ltr'><strong>Vel.</strong></span> <span class='ocrx_word' id='word_1_159' title='bbox 346 3122 377 3175; x_wconf 90' lang='lat' dir='ltr'><strong>in</strong></span> <span class='ocrx_word' id='word_1_160' title='bbox 386 3123 453 3178; x_wconf 87' lang='lat' dir='ltr'><strong>Eur.</strong></span> <span class='ocrx_word' id='word_1_161' title='bbox 460 3121 544 3178; x_wconf 85' lang='lat' dir='ltr'><strong>Rhes.</strong></span> <span class='ocrx_word' id='word_1_162' title='bbox 555 3121 591 3178; x_wconf 82' lang='lat'><strong>36</strong></span> <span class='ocrx_word' id='word_1_163' title='bbox 604 3139 611 3180; x_wconf 91' lang='lat'><strong>:</strong></span> <span class='ocrx_word' id='word_1_164' title='bbox 623 3117 794 3195; x_wconf 69' lang='grc' dir='ltr'>’Ἐπιμενίδης</span> <span class='ocrx_word' id='word_1_165' title='bbox 802 3118 829 3178; x_wconf 79' lang='grc' dir='ltr'><strong>δὲ</strong></span> <span class='ocrx_word' id='word_1_166' title='bbox 837 3120 911 3179; x_wconf 82' lang='grc' dir='ltr'>Καλ-</span> 
     </span>
     <span class='ocr_line' id='line_1_29' title="bbox 123 3203 908 3288; baseline 0 -24"><span class='ocrx_word' id='word_1_167' title='bbox 123 3209 228 3272; x_wconf 78' lang='grc' dir='ltr'>λιστοῦς</span> <span class='ocrx_word' id='word_1_168' title='bbox 248 3203 293 3265; x_wconf 90' lang='grc' dir='ltr'>καί</span> <span class='ocrx_word' id='word_1_169' title='bbox 308 3205 368 3272; x_wconf 79' lang='grc' dir='ltr'>Διὸς</span> <span class='ocrx_word' id='word_1_170' title='bbox 382 3207 477 3272; x_wconf 80' lang='grc' dir='ltr'>παῖδας</span> <span class='ocrx_word' id='word_1_171' title='bbox 490 3210 644 3286; x_wconf 81' lang='grc' dir='ltr'>γεγενῆσθαι</span> <span class='ocrx_word' id='word_1_172' title='bbox 660 3206 753 3288; x_wconf 84' lang='grc' dir='ltr'>(φησὶ)</span> <span class='ocrx_word' id='word_1_173' title='bbox 770 3210 847 3269; x_wconf 84' lang='grc' dir='ltr'>Πᾶνα</span> <span class='ocrx_word' id='word_1_174' title='bbox 862 3207 908 3265; x_wconf 88' lang='grc' dir='ltr'><strong>καὶ</strong></span> 
     </span>
     <span class='ocr_line' id='line_1_30' title="bbox 124 3292 384 3372; baseline 0.012 -20"><span class='ocrx_word' id='word_1_175' title='bbox 124 3293 242 3372; x_wconf 80' lang='grc' dir='ltr'>Ἀρκάδα</span> <span class='ocrx_word' id='word_1_176' title='bbox 254 3292 384 3368; x_wconf 84' lang='grc' dir='ltr'>διδύμους.</span> 
     </span>
    </p>
   </div>
   <div class='ocr_carea' id='block_1_8' title="bbox 501 3466 520 3516">
    <p class='ocr_par' dir='ltr' id='par_1_11' title="bbox 501 3466 520 3516">
     <span class='ocr_line' id='line_1_31' title="bbox 501 3466 520 3516; baseline 0 0"><span class='ocrx_word' id='word_1_177' title='bbox 501 3466 520 3516; x_wconf 76' lang='lat'>2</span> 
     </span>
    </p>
   </div>
   <div class='ocr_carea' id='block_1_9' title="bbox 124 3501 911 3686">
    <p class='ocr_par' dir='ltr' id='par_1_12' title="bbox 124 3501 911 3686">
     <span class='ocr_line' id='line_1_32' title="bbox 157 3501 911 3610; baseline 0.003 -14"><span class='ocrx_word' id='word_1_178' title='bbox 157 3545 282 3596; x_wconf 85' lang='lat' dir='ltr'><strong>&#39;iredeeim</strong></span> <span class='ocrx_word' id='word_1_179' title='bbox 293 3559 378 3610; x_wconf 87' lang='lat' dir='ltr'><strong>procos</strong></span> <span class='ocrx_word' id='word_1_180' title='bbox 387 3545 443 3596; x_wconf 73' lang='lat' dir='ltr'><strong>litte</strong></span> <span class='ocrx_word' id='word_1_181' title='bbox 456 3547 487 3596; x_wconf 85' lang='lat' dir='ltr'><strong>ab</strong></span> <span class='ocrx_word' id='word_1_182' title='bbox 497 3501 618 3600; x_wconf 68' lang='lat' dir='ltr'><strong>(tinomao</strong></span> <span class='ocrx_word' id='word_1_183' title='bbox 631 3545 769 3598; x_wconf 87' lang='lat' dir='ltr'><strong>interiectos</strong></span> <span class='ocrx_word' id='word_1_184' title='bbox 779 3547 911 3598; x_wconf 84' lang='lat' dir='ltr'><strong>esseeliaiu</strong></span> 
     </span>
     <span class='ocr_line' id='line_1_33' title="bbox 124 3623 576 3686; baseline -0.004 -12"><span class='ocrx_word' id='word_1_185' title='bbox 124 3623 245 3674; x_wconf 87' lang='lat' dir='ltr'><strong>ileslodus</strong></span> <span class='ocrx_word' id='word_1_186' title='bbox 256 3626 280 3674; x_wconf 93' lang='lat' dir='ltr'><strong>et</strong></span> <span class='ocrx_word' id='word_1_187' title='bbox 290 3623 440 3686; x_wconf 78' lang='lat' dir='ltr'><strong>Epimenides</strong></span> <span class='ocrx_word' id='word_1_188' title='bbox 449 3625 576 3674; x_wconf 90' lang='lat' dir='ltr'><strong>testantur.</strong></span> 
     </span>
    </p>
   </div>
   <div class='ocr_carea' id='block_1_10' title="bbox 124 3705 912 4249">
    <p class='ocr_par' dir='ltr' id='par_1_13' title="bbox 124 3705 912 4005">
     <span class='ocr_line' id='line_1_34' title="bbox 157 3705 912 3849; baseline 0.001 -14"><span class='ocrx_word' id='word_1_189' title='bbox 157 3785 310 3849; x_wconf 75' lang='lat' dir='ltr'><strong>Epimenides</strong></span> <span class='ocrx_word' id='word_1_190' title='bbox 321 3786 496 3849; x_wconf 74' lang='lat' dir='ltr'><strong>Endymioneos</strong></span> <span class='ocrx_word' id='word_1_191' title='bbox 506 3705 572 3848; x_wconf 65' lang='lat' dir='ltr'><strong>dpud</strong></span> <span class='ocrx_word' id='word_1_192' title='bbox 585 3785 643 3836; x_wconf 89' lang='lat' dir='ltr'><strong>deos</strong></span> <span class='ocrx_word' id='word_1_193' title='bbox 656 3787 793 3835; x_wconf 81' lang='lat' dir='ltr'><strong>versantem</strong></span> <span class='ocrx_word' id='word_1_194' title='bbox 810 3785 912 3836; x_wconf 85' lang='lat' dir='ltr'><strong>iunonis</strong></span> 
     </span>
     <span class='ocr_line' id='line_1_35' title="bbox 124 3863 911 3926; baseline 0 -12"><span class='ocrx_word' id='word_1_195' title='bbox 124 3878 210 3914; x_wconf 83' lang='lat' dir='ltr'><strong>amore</strong></span> <span class='ocrx_word' id='word_1_196' title='bbox 221 3867 320 3926; x_wconf 80' lang='lat' dir='ltr'><strong>ceptum</strong></span> <span class='ocrx_word' id='word_1_197' title='bbox 334 3877 385 3916; x_wconf 86' lang='lat' dir='ltr'><strong>esse</strong></span> <span class='ocrx_word' id='word_1_198' title='bbox 395 3863 467 3926; x_wconf 85' lang='lat' dir='ltr'><strong>dicit;</strong></span> <span class='ocrx_word' id='word_1_199' title='bbox 480 3877 555 3926; x_wconf 81' lang='lat' dir='ltr'><strong>quere</strong></span> <span class='ocrx_word' id='word_1_200' title='bbox 568 3866 628 3914; x_wconf 87' lang='lat' dir='ltr'><strong>lore</strong></span> <span class='ocrx_word' id='word_1_201' title='bbox 639 3864 701 3914; x_wconf 83' lang='lat' dir='ltr'><strong>irato</strong></span> <span class='ocrx_word' id='word_1_202' title='bbox 715 3864 846 3926; x_wconf 82' lang='lat' dir='ltr'><strong>postulasse</strong></span> <span class='ocrx_word' id='word_1_203' title='bbox 855 3877 911 3914; x_wconf 90' lang='lat' dir='ltr'><strong>eum</strong></span> 
     </span>
     <span class='ocr_line' id='line_1_36' title="bbox 124 3941 541 4005; baseline 0 -13"><span class='ocrx_word' id='word_1_204' title='bbox 124 3946 154 3993; x_wconf 89' lang='lat' dir='ltr'><strong>ul</strong></span> <span class='ocrx_word' id='word_1_205' title='bbox 167 3955 211 4004; x_wconf 88' lang='lat' dir='ltr'><strong>per</strong></span> <span class='ocrx_word' id='word_1_206' title='bbox 224 3953 298 3992; x_wconf 80' lang='lat' dir='ltr'><strong>omne</strong></span> <span class='ocrx_word' id='word_1_207' title='bbox 312 3941 541 4005; x_wconf 83' lang='lat' dir='ltr'><strong>tempusdormirel.</strong></span> 
     </span>
    </p>

    <p class='ocr_par' dir='ltr' id='par_1_14' title="bbox 125 4027 912 4249">
     <span class='ocr_line' id='line_1_37' title="bbox 158 4027 912 4171; baseline -0.003 -13"><span class='ocrx_word' id='word_1_208' title='bbox 158 4107 350 4170; x_wconf 76' lang='grc' dir='ltr'>ειιοιαιιοονιιι</span> <span class='ocrx_word' id='word_1_209' title='bbox 359 4109 435 4159; x_wconf 77' lang='lat' dir='ltr'><strong>aem</strong></span> <span class='ocrx_word' id='word_1_210' title='bbox 441 4027 530 4171; x_wconf 64' lang='grc' dir='ltr'>ςοιοίό</span> <span class='ocrx_word' id='word_1_211' title='bbox 538 4107 692 4158; x_wconf 72' lang='lat' dir='ltr'><strong>conantum</strong></span> <span class='ocrx_word' id='word_1_212' title='bbox 700 4084 852 4170; x_wconf 65' lang='lat' dir='ltr'><strong>manimque</strong></span> <span class='ocrx_word' id='word_1_213' title='bbox 860 4107 912 4169; x_wconf 73' lang='lat' dir='ltr'><strong>ejus</strong></span> 
     </span>
     <span class='ocr_line' id='line_1_38' title="bbox 125 4185 316 4249; baseline -0.005 -13"><span class='ocrx_word' id='word_1_214' title='bbox 125 4185 248 4249; x_wconf 70' lang='lat' dir='ltr'><strong>ltpbyrarn</strong></span> <span class='ocrx_word' id='word_1_215' title='bbox 257 4199 316 4236; x_wconf 77' lang='lat' dir='ltr'><strong>este.</strong></span> 
     </span>
    </p>
   </div>
   <div class='ocr_carea' id='block_1_11' title="bbox 124 4287 912 4970">
    <p class='ocr_par' dir='ltr' id='par_1_15' title="bbox 124 4287 911 4479">
     <span class='ocr_line' id='line_1_39' title="bbox 157 4287 911 4397; baseline -0.003 -13"><span class='ocrx_word' id='word_1_216' title='bbox 157 4315 399 4397; x_wconf 68' lang='lat' dir='ltr'><strong>emeruerunt</strong></span> <span class='ocrx_word' id='word_1_217' title='bbox 406 4335 467 4386; x_wconf 76' lang='lat' dir='ltr'><strong>rim</strong></span> <span class='ocrx_word' id='word_1_218' title='bbox 474 4287 581 4386; x_wconf 53' lang='lat' dir='ltr'><strong>neenec</strong></span> <span class='ocrx_word' id='word_1_219' title='bbox 588 4334 704 4397; x_wconf 75' lang='grc' dir='ltr'>οωοοοε,</span> <span class='ocrx_word' id='word_1_220' title='bbox 713 4338 811 4397; x_wconf 65' lang='lat' dir='ltr'><strong>inum,</strong></span> <span class='ocrx_word' id='word_1_221' title='bbox 822 4334 911 4384; x_wconf 68' lang='grc' dir='ltr'>νιιεω-</span> 
     </span>
     <span class='ocr_line' id='line_1_40' title="bbox 124 4415 644 4479; baseline -0.006 -13"><span class='ocrx_word' id='word_1_222' title='bbox 124 4415 175 4477; x_wconf 88' lang='lat' dir='ltr'><strong>tin,</strong></span> <span class='ocrx_word' id='word_1_223' title='bbox 184 4416 316 4478; x_wconf 72' lang='lat' dir='ltr'><strong>helenen,</strong></span> <span class='ocrx_word' id='word_1_224' title='bbox 330 4415 479 4479; x_wconf 70' lang='lat' dir='ltr'><strong>cytisorum,</strong></span> <span class='ocrx_word' id='word_1_225' title='bbox 491 4415 644 4466; x_wconf 84' lang='lat' dir='ltr'><strong>Presbonem.</strong></span> 
     </span>
    </p>

    <p class='ocr_par' dir='ltr' id='par_1_16' title="bbox 125 4509 911 4731">
     <span class='ocr_line' id='line_1_41' title="bbox 157 4509 911 4654; baseline -0.003 -12"><span class='ocrx_word' id='word_1_226' title='bbox 157 4591 309 4653; x_wconf 77' lang='lat' dir='ltr'><strong>Epimenides</strong></span> <span class='ocrx_word' id='word_1_227' title='bbox 325 4591 466 4654; x_wconf 80' lang='lat' dir='ltr'><strong>Eurycleem</strong></span> <span class='ocrx_word' id='word_1_228' title='bbox 476 4509 605 4653; x_wconf 72' lang='grc' dir='ltr'>Εόύίιειιθκ</span> <span class='ocrx_word' id='word_1_229' title='bbox 623 4590 697 4639; x_wconf 84' lang='lat' dir='ltr'><strong>tillem</strong></span> <span class='ocrx_word' id='word_1_230' title='bbox 715 4591 771 4640; x_wconf 83' lang='lat' dir='ltr'><strong>haio</strong></span> <span class='ocrx_word' id='word_1_231' title='bbox 787 4591 911 4653; x_wconf 83' lang='lat' dir='ltr'><strong>nupsisse,</strong></span> 
     </span>
     <span class='ocr_line' id='line_1_42' title="bbox 125 4668 539 4731; baseline -0.002 -13"><span class='ocrx_word' id='word_1_232' title='bbox 125 4682 157 4718; x_wconf 80' lang='lat' dir='ltr'><strong>ex</strong></span> <span class='ocrx_word' id='word_1_233' title='bbox 168 4681 246 4731; x_wconf 84' lang='lat' dir='ltr'><strong>esque</strong></span> <span class='ocrx_word' id='word_1_234' title='bbox 257 4671 342 4717; x_wconf 89' lang='lat' dir='ltr'><strong>natum</strong></span> <span class='ocrx_word' id='word_1_235' title='bbox 352 4681 403 4718; x_wconf 80' lang='lat' dir='ltr'><strong>esse</strong></span> <span class='ocrx_word' id='word_1_236' title='bbox 411 4668 539 4731; x_wconf 89' lang='lat' dir='ltr'><strong>OEdipum.</strong></span> 
     </span>
    </p>

    <p class='ocr_par' dir='ltr' id='par_1_17' title="bbox 126 4751 912 4970">
     <span class='ocr_line' id='line_1_43' title="bbox 157 4751 912 4892; baseline -0.001 -13"><span class='ocrx_word' id='word_1_237' title='bbox 157 4829 311 4892; x_wconf 77' lang='lat' dir='ltr'><strong>Epimenides</strong></span> <span class='ocrx_word' id='word_1_238' title='bbox 322 4830 355 4880; x_wconf 82' lang='lat' dir='ltr'><strong>eil</strong></span> <span class='ocrx_word' id='word_1_239' title='bbox 365 4830 432 4881; x_wconf 84' lang='lat' dir='ltr'><strong>loris</strong></span> <span class='ocrx_word' id='word_1_240' title='bbox 450 4831 475 4880; x_wconf 90' lang='lat' dir='ltr'><strong>et</strong></span> <span class='ocrx_word' id='word_1_241' title='bbox 491 4751 605 4880; x_wconf 67' lang='lat' dir='ltr'><strong>dinetus</strong></span> <span class='ocrx_word' id='word_1_242' title='bbox 621 4829 682 4880; x_wconf 87' lang='lat' dir='ltr'><strong>lilios</strong></span> <span class='ocrx_word' id='word_1_243' title='bbox 701 4829 771 4880; x_wconf 82' lang='lat' dir='ltr'><strong>tulsse</strong></span> <span class='ocrx_word' id='word_1_244' title='bbox 788 4833 876 4880; x_wconf 79' lang='lat' dir='ltr'><strong>Panem</strong></span> <span class='ocrx_word' id='word_1_245' title='bbox 888 4832 912 4878; x_wconf 75' lang='lat' dir='ltr'><strong>ct</strong></span> 
     </span>
     <span class='ocr_line' id='line_1_44' title="bbox 126 4907 370 4970; baseline -0.008 -12"><span class='ocrx_word' id='word_1_246' title='bbox 126 4907 245 4958; x_wconf 63' lang='lat' dir='ltr'><strong>heodem</strong></span> <span class='ocrx_word' id='word_1_247' title='bbox 255 4908 370 4970; x_wconf 80' lang='lat' dir='ltr'><strong>geminos.</strong></span> 
     </span>
    </p>
   </div>
   <div class='ocr_carea' id='block_1_12' title="bbox 413 4978 622 5039">
    <p class='ocr_par' dir='ltr' id='par_1_18' title="bbox 413 4978 622 5039">
     <span class='ocr_line' id='line_1_45' title="bbox 413 4978 622 5039; baseline 0.005 -1"><span class='ocrx_word' id='word_1_248' title='bbox 413 4979 463 5038; x_wconf 86' lang='lat' dir='ltr'><strong>DE</strong></span> <span class='ocrx_word' id='word_1_249' title='bbox 478 4978 622 5039; x_wconf 85' lang='lat' dir='ltr'><strong>itflon0.</strong></span> 
     </span>
    </p>
   </div>
   <div class='ocr_carea' id='block_1_13' title="bbox 126 5096 912 5318">
    <p class='ocr_par' dir='ltr' id='par_1_19' title="bbox 126 5096 912 5318">
     <span class='ocr_line' id='line_1_46' title="bbox 158 5096 906 5162; baseline 0 -14"><span class='ocrx_word' id='word_1_250' title='bbox 158 5097 356 5161; x_wconf 69' lang='lat' dir='ltr'><strong>uniuersum</strong></span> <span class='ocrx_word' id='word_1_251' title='bbox 365 5098 467 5149; x_wconf 83' lang='lat' dir='ltr'><strong>inlibris</strong></span> <span class='ocrx_word' id='word_1_252' title='bbox 477 5111 539 5161; x_wconf 81' lang='lat' dir='ltr'><strong>quoe</strong></span> <span class='ocrx_word' id='word_1_253' title='bbox 549 5100 583 5148; x_wconf 81' lang='lat' dir='ltr'><strong>ite</strong></span> <span class='ocrx_word' id='word_1_254' title='bbox 595 5096 673 5160; x_wconf 86' lang='lat' dir='ltr'><strong>patria</strong></span> <span class='ocrx_word' id='word_1_255' title='bbox 684 5097 767 5159; x_wconf 78' lang='lat' dir='ltr'><strong>edidit,</strong></span> <span class='ocrx_word' id='word_1_256' title='bbox 778 5099 906 5162; x_wconf 80' lang='lat' dir='ltr'><strong>postquem</strong></span> 
     </span>
     <span class='ocr_line' id='line_1_47' title="bbox 126 5173 912 5238; baseline 0.003 -13"><span class='ocrx_word' id='word_1_257' title='bbox 126 5175 158 5225; x_wconf 87' lang='lat' dir='ltr'><strong>de</strong></span> <span class='ocrx_word' id='word_1_258' title='bbox 170 5175 335 5238; x_wconf 76' lang='lat' dir='ltr'><strong>Phenicihus,</strong></span> <span class='ocrx_word' id='word_1_259' title='bbox 353 5177 457 5226; x_wconf 80' lang='lat' dir='ltr'><strong>insulem</strong></span> <span class='ocrx_word' id='word_1_260' title='bbox 468 5176 526 5225; x_wconf 87' lang='lat' dir='ltr'><strong>ollrn</strong></span> <span class='ocrx_word' id='word_1_261' title='bbox 546 5173 718 5236; x_wconf 88' lang='lat' dir='ltr'><strong>incolentibus,</strong></span> <span class='ocrx_word' id='word_1_262' title='bbox 730 5177 837 5226; x_wconf 87' lang='lat' dir='ltr'><strong>nonnihil</strong></span> <span class='ocrx_word' id='word_1_263' title='bbox 856 5180 912 5227; x_wconf 80' lang='lat' dir='ltr'><strong>ente</strong></span> 
     </span>
     <span class='ocr_line' id='line_1_48' title="bbox 128 5253 901 5318; baseline -0.001 -14"><span class='ocrx_word' id='word_1_264' title='bbox 128 5253 251 5305; x_wconf 77' lang='lat' dir='ltr'><strong>nunril:</strong></span> <span class='ocrx_word' id='word_1_265' title='bbox 265 5275 276 5298; x_wconf 75' lang='grc' dir='ltr'>ι</span> <span class='ocrx_word' id='word_1_266' title='bbox 289 5255 452 5317; x_wconf 84' lang='lat' dir='ltr'><strong>Pinianthus,</strong></span> <span class='ocrx_word' id='word_1_267' title='bbox 469 5253 518 5314; x_wconf 85' lang='lat' dir='ltr'><strong>eit,</strong></span> <span class='ocrx_word' id='word_1_268' title='bbox 532 5253 646 5315; x_wconf 90' lang='lat' dir='ltr'><strong>oppidum</strong></span> <span class='ocrx_word' id='word_1_269' title='bbox 666 5253 689 5301; x_wconf 92' lang='lat' dir='ltr'><strong>in</strong></span> <span class='ocrx_word' id='word_1_270' title='bbox 705 5253 781 5315; x_wconf 70' lang='lat' dir='ltr'><strong>teipso</strong></span> <span class='ocrx_word' id='word_1_271' title='bbox 794 5253 857 5318; x_wconf 79' lang='lat' dir='ltr'><strong>[sine</strong></span> <span class='ocrx_word' id='word_1_272' title='bbox 876 5257 901 5304; x_wconf 84' lang='lat' dir='ltr'><strong>le</strong></span> 
     </span>
    </p>
   </div>
   <div class='ocr_carea' id='block_1_14' title="bbox 1102 642 1583 732">
    <p class='ocr_par' dir='ltr' id='par_1_20' title="bbox 1102 642 1583 732">
     <span class='ocr_line' id='line_1_49' title="bbox 1102 642 1583 732; baseline 0.002 -6"><span class='ocrx_word' id='word_1_273' title='bbox 1102 642 1300 729; x_wconf 80' lang='lat' dir='ltr'><strong>ERGIAS</strong></span> <span class='ocrx_word' id='word_1_274' title='bbox 1329 643 1583 732; x_wconf 83' lang='lat' dir='ltr'><strong>RHODIUS.</strong></span> 
     </span>
    </p>
   </div>
   <div class='ocr_carea' id='block_1_15' title="bbox 956 818 1740 1148">
    <p class='ocr_par' dir='ltr' id='par_1_21' title="bbox 956 818 1740 1148">
     <span class='ocr_line' id='line_1_50' title="bbox 996 818 1737 900; baseline 0.009 -28"><span class='ocrx_word' id='word_1_275' title='bbox 996 818 1107 872; x_wconf 88' lang='lat' dir='ltr'><strong>Nomen</strong></span> <span class='ocrx_word' id='word_1_276' title='bbox 1113 819 1237 872; x_wconf 80' lang='lat' dir='ltr'><strong>auctoris</strong></span> <span class='ocrx_word' id='word_1_277' title='bbox 1244 830 1414 894; x_wconf 87' lang='lat' dir='ltr'><strong>suspectum.</strong></span> <span class='ocrx_word' id='word_1_278' title='bbox 1426 821 1554 876; x_wconf 82' lang='lat' dir='ltr'><strong>Fortasse</strong></span> <span class='ocrx_word' id='word_1_279' title='bbox 1562 840 1616 895; x_wconf 83' lang='lat' dir='ltr'><strong>pro</strong></span> <span class='ocrx_word' id='word_1_280' title='bbox 1631 820 1737 900; x_wconf 84' lang='grc' dir='ltr'>Ἐργίας</span> 
     </span>
     <span class='ocr_line' id='line_1_51' title="bbox 956 901 1739 984; baseline 0.01 -26"><span class='ocrx_word' id='word_1_281' title='bbox 956 903 1139 960; x_wconf 88' lang='lat' dir='ltr'><strong>scribendum</strong></span> <span class='ocrx_word' id='word_1_282' title='bbox 1157 901 1277 984; x_wconf 68' lang='grc' dir='ltr'>Ἐρξίας,</span> <span class='ocrx_word' id='word_1_283' title='bbox 1292 924 1465 980; x_wconf 82' lang='lat' dir='ltr'><strong>quemquern</strong></span> <span class='ocrx_word' id='word_1_284' title='bbox 1479 908 1545 964; x_wconf 93' lang='lat' dir='ltr'><strong>inde</strong></span> <span class='ocrx_word' id='word_1_285' title='bbox 1562 928 1621 964; x_wconf 92' lang='lat' dir='ltr'><strong>non</strong></span> <span class='ocrx_word' id='word_1_286' title='bbox 1640 913 1739 984; x_wconf 92' lang='lat' dir='ltr'><strong>sequi-</strong></span> 
     </span>
     <span class='ocr_line' id='line_1_52' title="bbox 957 992 1740 1072; baseline 0.011 -26"><span class='ocrx_word' id='word_1_287' title='bbox 957 1001 1004 1046; x_wconf 92' lang='lat' dir='ltr'><strong>tur</strong></span> <span class='ocrx_word' id='word_1_288' title='bbox 1026 993 1140 1048; x_wconf 83' lang='lat' dir='ltr'><strong>Erxiarn</strong></span> <span class='ocrx_word' id='word_1_289' title='bbox 1161 995 1260 1062; x_wconf 89' lang='lat' dir='ltr'><strong>ilium,</strong></span> <span class='ocrx_word' id='word_1_290' title='bbox 1285 994 1365 1068; x_wconf 87' lang='lat' dir='ltr'><strong>cujus</strong></span> <span class='ocrx_word' id='word_1_291' title='bbox 1381 992 1569 1072; x_wconf 78' lang='grc' dir='ltr'>Κολορωνιακδ</span> <span class='ocrx_word' id='word_1_292' title='bbox 1591 998 1740 1055; x_wconf 82' lang='lat' dir='ltr'><strong>Athenreus</strong></span> 
     </span>
     <span class='ocr_line' id='line_1_53' title="bbox 956 1080 1696 1148; baseline 0.016 -15"><span class='ocrx_word' id='word_1_293' title='bbox 956 1090 1110 1148; x_wconf 82' lang='lat' dir='ltr'><strong>memoret,</strong></span> <span class='ocrx_word' id='word_1_294' title='bbox 1125 1081 1246 1136; x_wconf 88' lang='lat' dir='ltr'><strong>eundem</strong></span> <span class='ocrx_word' id='word_1_295' title='bbox 1260 1100 1319 1138; x_wconf 89' lang='lat' dir='ltr'><strong>esse</strong></span> <span class='ocrx_word' id='word_1_296' title='bbox 1333 1101 1397 1138; x_wconf 90' lang='lat' dir='ltr'><strong>cum</strong></span> <span class='ocrx_word' id='word_1_297' title='bbox 1410 1093 1527 1140; x_wconf 81' lang='lat' dir='ltr'><strong>auctore</strong></span> <span class='ocrx_word' id='word_1_298' title='bbox 1541 1080 1696 1144; x_wconf 84' lang='grc' dir='ltr'>Ῥοδιακῶν.</span> 
     </span>
    </p>
   </div>
   <div class='ocr_carea' id='block_1_16' title="bbox 1222 1243 1469 1303">
    <p class='ocr_par' dir='ltr' id='par_1_22' title="bbox 1222 1243 1469 1303">
     <span class='ocr_line' id='line_1_54' title="bbox 1222 1243 1469 1303; baseline -0.004 -2"><span class='ocrx_word' id='word_1_299' title='bbox 1222 1243 1310 1301; x_wconf 77' lang='lat' dir='ltr'><strong>tisri</strong></span> <span class='ocrx_word' id='word_1_300' title='bbox 1335 1243 1469 1303; x_wconf 74' lang='lat' dir='ltr'><strong>Potor.</strong></span> 
     </span>
    </p>
   </div>
   <div class='ocr_carea' id='block_1_17' title="bbox 953 1375 1740 2154">
    <p class='ocr_par' dir='ltr' id='par_1_23' title="bbox 953 1375 1740 2154">
     <span class='ocr_line' id='line_1_55' title="bbox 998 1375 1740 1463; baseline 0.003 -20"><span class='ocrx_word' id='word_1_301' title='bbox 998 1386 1146 1443; x_wconf 70' lang='lat' dir='ltr'><strong>Athenaeus</strong></span> <span class='ocrx_word' id='word_1_302' title='bbox 1154 1386 1234 1453; x_wconf 87' lang='lat' dir='ltr'><strong>viil,</strong></span> <span class='ocrx_word' id='word_1_303' title='bbox 1243 1403 1273 1458; x_wconf 89' lang='lat' dir='ltr'><strong>p.</strong></span> <span class='ocrx_word' id='word_1_304' title='bbox 1284 1384 1351 1453; x_wconf 84' lang='lat'><strong>360,</strong></span> <span class='ocrx_word' id='word_1_305' title='bbox 1363 1387 1386 1440; x_wconf 84' lang='grc' dir='ltr'>Ε</span> <span class='ocrx_word' id='word_1_306' title='bbox 1396 1405 1402 1439; x_wconf 94' lang='lat'>:</span> <span class='ocrx_word' id='word_1_307' title='bbox 1411 1383 1518 1463; x_wconf 75' lang='grc' dir='ltr'>Ἰἰργίας</span> <span class='ocrx_word' id='word_1_308' title='bbox 1527 1375 1593 1442; x_wconf 65' lang='lat' dir='ltr'><strong>oded</strong></span> <span class='ocrx_word' id='word_1_309' title='bbox 1603 1384 1701 1454; x_wconf 82' lang='grc' dir='ltr'>Ῥόδιος</span> <span class='ocrx_word' id='word_1_310' title='bbox 1712 1388 1740 1444; x_wconf 83' lang='grc' dir='ltr'>ίν</span> 
     </span>
     <span class='ocr_line' id='line_1_56' title="bbox 957 1469 1740 1551; baseline 0.005 -22"><span class='ocrx_word' id='word_1_311' title='bbox 957 1477 1010 1538; x_wconf 86' lang='grc' dir='ltr'>τοῖς</span> <span class='ocrx_word' id='word_1_312' title='bbox 1018 1471 1085 1550; x_wconf 81' lang='grc' dir='ltr'>Περὶ</span> <span class='ocrx_word' id='word_1_313' title='bbox 1100 1475 1146 1543; x_wconf 81' lang='grc' dir='ltr'>τῆς</span> <span class='ocrx_word' id='word_1_314' title='bbox 1159 1469 1290 1548; x_wconf 87' lang='grc' dir='ltr'>πατρίδος,</span> <span class='ocrx_word' id='word_1_315' title='bbox 1304 1469 1436 1550; x_wconf 83' lang='grc' dir='ltr'>προειπών</span> <span class='ocrx_word' id='word_1_316' title='bbox 1443 1495 1501 1530; x_wconf 89' lang='grc' dir='ltr'>τινα</span> <span class='ocrx_word' id='word_1_317' title='bbox 1513 1471 1573 1551; x_wconf 84' lang='grc' dir='ltr'>περὶ</span> <span class='ocrx_word' id='word_1_318' title='bbox 1583 1475 1634 1530; x_wconf 81' lang='grc' dir='ltr'>τῶν</span> <span class='ocrx_word' id='word_1_319' title='bbox 1648 1497 1740 1533; x_wconf 90' lang='grc' dir='ltr'>κατοι-</span> 
     </span>
     <span class='ocr_line' id='line_1_57' title="bbox 958 1557 1738 1642; baseline 0.008 -26"><span class='ocrx_word' id='word_1_320' title='bbox 958 1557 1093 1630; x_wconf 86' lang='grc' dir='ltr'>κησάντων</span> <span class='ocrx_word' id='word_1_321' title='bbox 1115 1557 1171 1629; x_wconf 83' lang='grc' dir='ltr'>,τὴν</span> <span class='ocrx_word' id='word_1_322' title='bbox 1188 1561 1266 1628; x_wconf 75' lang='grc' dir='ltr'>νῆσον</span> <span class='ocrx_word' id='word_1_323' title='bbox 1283 1558 1424 1630; x_wconf 84' lang='grc' dir='ltr'>Φοινίκων,</span> <span class='ocrx_word' id='word_1_324' title='bbox 1442 1558 1520 1638; x_wconf 78' lang='grc' dir='ltr'>φησίν</span> <span class='ocrx_word' id='word_1_325' title='bbox 1541 1563 1577 1628; x_wconf 82' lang='grc' dir='ltr'>ὡς</span> <span class='ocrx_word' id='word_1_326' title='bbox 1595 1587 1607 1612; x_wconf 82' lang='grc' dir='ltr'><strong>ο</strong></span> <span class='ocrx_word' id='word_1_327' title='bbox 1624 1561 1660 1624; x_wconf 81' lang='lat' dir='ltr'><strong>Ol</strong></span> <span class='ocrx_word' id='word_1_328' title='bbox 1679 1565 1738 1642; x_wconf 79' lang='grc' dir='ltr'>περὶ</span> 
     </span>
     <span class='ocr_line' id='line_1_58' title="bbox 958 1644 1739 1727; baseline 0.005 -21"><span class='ocrx_word' id='word_1_329' title='bbox 958 1645 1098 1707; x_wconf 77' lang='grc' dir='ltr'>Φάλανθον</span> <span class='ocrx_word' id='word_1_330' title='bbox 1107 1647 1133 1704; x_wconf 77' lang='grc' dir='ltr'>ἐν</span> <span class='ocrx_word' id='word_1_331' title='bbox 1146 1649 1179 1724; x_wconf 77' lang='grc' dir='ltr'><strong>τῇ</strong></span> <span class='ocrx_word' id='word_1_332' title='bbox 1190 1644 1305 1726; x_wconf 76' lang='grc' dir='ltr'>Ἰαλυσῷ</span> <span class='ocrx_word' id='word_1_333' title='bbox 1314 1645 1390 1704; x_wconf 89' lang='grc' dir='ltr'>πόλιν</span> <span class='ocrx_word' id='word_1_334' title='bbox 1398 1645 1500 1726; x_wconf 71' lang='grc' dir='ltr'>ἔχοντες</span> <span class='ocrx_word' id='word_1_335' title='bbox 1509 1649 1683 1727; x_wconf 73' lang='grc' dir='ltr'>ἰσχυροτάτην</span> <span class='ocrx_word' id='word_1_336' title='bbox 1691 1651 1739 1723; x_wconf 79' lang='grc' dir='ltr'><strong>τλν</strong></span> 
     </span>
     <span class='ocr_line' id='line_1_59' title="bbox 958 1729 1739 1818; baseline 0.003 -25"><span class='ocrx_word' id='word_1_337' title='bbox 958 1729 1066 1813; x_wconf 77' lang='grc' dir='ltr'>Ἀχαΐαν</span> <span class='ocrx_word' id='word_1_338' title='bbox 1080 1731 1256 1810; x_wconf 77' lang='grc' dir='ltr'>καλουμένην,</span> <span class='ocrx_word' id='word_1_339' title='bbox 1269 1733 1314 1792; x_wconf 82' lang='grc' dir='ltr'><strong>καί</strong></span> <span class='ocrx_word' id='word_1_340' title='bbox 1328 1733 1413 1801; x_wconf 80' lang='grc' dir='ltr'>δαιτός</span> <span class='ocrx_word' id='word_1_341' title='bbox 1427 1735 1560 1811; x_wconf 87' lang='grc' dir='ltr'>ίγκρατεῖς</span> <span class='ocrx_word' id='word_1_342' title='bbox 1575 1734 1661 1811; x_wconf 88' lang='grc' dir='ltr'>όντες,</span> <span class='ocrx_word' id='word_1_343' title='bbox 1674 1739 1739 1818; x_wconf 83' lang='grc' dir='ltr'>χρό·</span> 
     </span>
     <span class='ocr_line' id='line_1_60' title="bbox 957 1813 1739 1902; baseline 0.008 -24"><span class='ocrx_word' id='word_1_344' title='bbox 957 1843 1001 1879; x_wconf 90' lang='grc' dir='ltr'><strong>νον</strong></span> <span class='ocrx_word' id='word_1_345' title='bbox 1012 1819 1093 1880; x_wconf 79' lang='grc' dir='ltr'>πολύν</span> <span class='ocrx_word' id='word_1_346' title='bbox 1105 1824 1223 1901; x_wconf 77' lang='grc' dir='ltr'>ἀντεῖχον</span> <span class='ocrx_word' id='word_1_347' title='bbox 1238 1821 1346 1901; x_wconf 82' lang='grc' dir='ltr'>Ἰρίκλῳ</span> <span class='ocrx_word' id='word_1_348' title='bbox 1356 1823 1547 1900; x_wconf 79' lang='grc' dir='ltr'>πολιορκοῦντι.</span> <span class='ocrx_word' id='word_1_349' title='bbox 1563 1813 1617 1884; x_wconf 82' lang='grc' dir='ltr'>Ἦν</span> <span class='ocrx_word' id='word_1_350' title='bbox 1629 1823 1680 1902; x_wconf 73' lang='grc' dir='ltr'>γάρ</span> <span class='ocrx_word' id='word_1_351' title='bbox 1693 1829 1739 1884; x_wconf 86' lang='grc' dir='ltr'>αὖ·</span> 
     </span>
     <span class='ocr_line' id='line_1_61' title="bbox 957 1901 1740 1980; baseline 0.008 -22"><span class='ocrx_word' id='word_1_352' title='bbox 957 1908 1010 1968; x_wconf 86' lang='grc' dir='ltr'>τοῖς</span> <span class='ocrx_word' id='word_1_353' title='bbox 1020 1901 1066 1959; x_wconf 82' lang='grc' dir='ltr'><strong>καὶ</strong></span> <span class='ocrx_word' id='word_1_354' title='bbox 1078 1901 1204 1980; x_wconf 77' lang='grc' dir='ltr'>θέσφατον</span> <span class='ocrx_word' id='word_1_355' title='bbox 1215 1901 1242 1959; x_wconf 78' lang='grc' dir='ltr'>ἰν</span> <span class='ocrx_word' id='word_1_356' title='bbox 1254 1903 1368 1980; x_wconf 78' lang='grc' dir='ltr'>χρησμῷ</span> <span class='ocrx_word' id='word_1_357' title='bbox 1377 1923 1428 1960; x_wconf 91' lang='grc' dir='ltr'>τινι</span> <span class='ocrx_word' id='word_1_358' title='bbox 1439 1901 1604 1980; x_wconf 73' lang='grc' dir='ltr'>λελεγμένον,</span> <span class='ocrx_word' id='word_1_359' title='bbox 1618 1903 1682 1972; x_wconf 62' lang='lat' dir='ltr'><strong>lietu</strong></span> <span class='ocrx_word' id='word_1_360' title='bbox 1693 1903 1740 1976; x_wconf 69' lang='grc' dir='ltr'>τὴν</span> 
     </span>
     <span class='ocr_line' id='line_1_62' title="bbox 956 1979 1740 2070; baseline 0.009 -26"><span class='ocrx_word' id='word_1_361' title='bbox 956 1986 1057 2068; x_wconf 76' lang='grc' dir='ltr'>χώραν,</span> <span class='ocrx_word' id='word_1_362' title='bbox 1071 1987 1119 2054; x_wconf 79' lang='grc' dir='ltr'>ἕως</span> <span class='ocrx_word' id='word_1_363' title='bbox 1132 1979 1242 2068; x_wconf 80' lang='grc' dir='ltr'>κόρακες</span> <span class='ocrx_word' id='word_1_364' title='bbox 1255 1988 1342 2046; x_wconf 88' lang='grc' dir='ltr'>λευκοί</span> <span class='ocrx_word' id='word_1_365' title='bbox 1356 1985 1496 2066; x_wconf 86' lang='grc' dir='ltr'>γίνωνται,</span> <span class='ocrx_word' id='word_1_366' title='bbox 1513 1987 1558 2047; x_wconf 86' lang='grc' dir='ltr'><strong>καί</strong></span> <span class='ocrx_word' id='word_1_367' title='bbox 1572 1991 1600 2046; x_wconf 81' lang='grc' dir='ltr'>ἐν</span> <span class='ocrx_word' id='word_1_368' title='bbox 1613 1991 1664 2057; x_wconf 81' lang='grc' dir='ltr'>τοῖς</span> <span class='ocrx_word' id='word_1_369' title='bbox 1675 2013 1740 2070; x_wconf 86' lang='grc' dir='ltr'>κρα·</span> 
     </span>
     <span class='ocr_line' id='line_1_63' title="bbox 953 2065 1739 2154; baseline 0.005 -20"><span class='ocrx_word' id='word_1_370' title='bbox 953 2075 1048 2154; x_wconf 74' lang='grc' dir='ltr'>’τῆρσιν</span> <span class='ocrx_word' id='word_1_371' title='bbox 1062 2073 1148 2154; x_wconf 78' lang='grc' dir='ltr'>ἰχθύες</span> <span class='ocrx_word' id='word_1_372' title='bbox 1161 2077 1287 2154; x_wconf 75' lang='grc' dir='ltr'>φανῶσιν.</span> <span class='ocrx_word' id='word_1_373' title='bbox 1302 2073 1468 2142; x_wconf 84' lang='grc' dir='ltr'>Ἐλπίζοντες</span> <span class='ocrx_word' id='word_1_374' title='bbox 1481 2065 1525 2134; x_wconf 82' lang='grc' dir='ltr'><strong>σύν</strong></span> <span class='ocrx_word' id='word_1_375' title='bbox 1541 2076 1612 2135; x_wconf 72' lang='grc' dir='ltr'>τοῦτ’</span> <span class='ocrx_word' id='word_1_376' title='bbox 1621 2077 1739 2138; x_wconf 78' lang='grc' dir='ltr'>οὐδέποτ’</span> 
     </span>
    </p>
   </div>
   <div class='ocr_carea' id='block_1_18' title="bbox 956 2154 1849 2244">
    <p class='ocr_par' dir='ltr' id='par_1_24' title="bbox 956 2154 1849 2244">
     <span class='ocr_line' id='line_1_64' title="bbox 956 2154 1849 2244; baseline 0.004 -26"><span class='ocrx_word' id='word_1_377' title='bbox 956 2159 1077 2236; x_wconf 79' lang='grc' dir='ltr'>ἔσεσθαι,</span> <span class='ocrx_word' id='word_1_378' title='bbox 1096 2158 1141 2219; x_wconf 79' lang='grc' dir='ltr'><strong>καί</strong></span> <span class='ocrx_word' id='word_1_379' title='bbox 1154 2160 1187 2218; x_wconf 84' lang='grc' dir='ltr'>τδι</span> <span class='ocrx_word' id='word_1_380' title='bbox 1202 2159 1265 2240; x_wconf 84' lang='grc' dir='ltr'>πρδς</span> <span class='ocrx_word' id='word_1_381' title='bbox 1275 2160 1319 2220; x_wconf 88' lang='grc' dir='ltr'>τδν</span> <span class='ocrx_word' id='word_1_382' title='bbox 1333 2160 1448 2235; x_wconf 89' lang='grc' dir='ltr'>πόλεμον</span> <span class='ocrx_word' id='word_1_383' title='bbox 1461 2161 1641 2244; x_wconf 67' lang='grc' dir='ltr'>ῥᾳθυμοτέρως</span> <span class='ocrx_word' id='word_1_384' title='bbox 1656 2154 1737 2243; x_wconf 76' lang='grc' dir='ltr'>εἶχον.</span> <span class='ocrx_word' id='word_1_385' title='bbox 1836 2225 1849 2238; x_wconf 52' lang='grc'>,</span> 
     </span>
    </p>
   </div>
   <div class='ocr_carea' id='block_1_19' title="bbox 955 2246 1741 2680">
    <p class='ocr_par' dir='ltr' id='par_1_25' title="bbox 955 2246 1741 2680">
     <span class='ocr_line' id='line_1_65' title="bbox 957 2246 1739 2329; baseline 0.003 -23"><span class='ocrx_word' id='word_1_386' title='bbox 957 2247 991 2309; x_wconf 89' lang='grc' dir='ltr'><strong>Ὁ</strong></span> <span class='ocrx_word' id='word_1_387' title='bbox 1003 2250 1026 2306; x_wconf 89' lang='grc' dir='ltr'><strong>δ’</strong></span> <span class='ocrx_word' id='word_1_388' title='bbox 1038 2246 1168 2329; x_wconf 84' lang='grc' dir='ltr'>Ἰρικλος,</span> <span class='ocrx_word' id='word_1_389' title='bbox 1181 2248 1322 2325; x_wconf 86' lang='grc' dir='ltr'>πυθόμενος</span> <span class='ocrx_word' id='word_1_390' title='bbox 1331 2247 1404 2328; x_wconf 89' lang='grc' dir='ltr'>παρά</span> <span class='ocrx_word' id='word_1_391' title='bbox 1417 2271 1486 2315; x_wconf 90' lang='grc' dir='ltr'>τινος</span> <span class='ocrx_word' id='word_1_392' title='bbox 1497 2247 1531 2308; x_wconf 87' lang='grc' dir='ltr'>τδι</span> <span class='ocrx_word' id='word_1_393' title='bbox 1543 2253 1594 2309; x_wconf 82' lang='grc' dir='ltr'>τῶν</span> <span class='ocrx_word' id='word_1_394' title='bbox 1606 2251 1739 2311; x_wconf 90' lang='grc' dir='ltr'>Φοινίκων</span> 
     </span>
     <span class='ocr_line' id='line_1_66' title="bbox 955 2335 1738 2415; baseline 0.004 -20"><span class='ocrx_word' id='word_1_395' title='bbox 955 2335 1047 2415; x_wconf 90' lang='grc' dir='ltr'>λόγια,</span> <span class='ocrx_word' id='word_1_396' title='bbox 1058 2337 1103 2395; x_wconf 85' lang='grc' dir='ltr'><strong>καὶ</strong></span> <span class='ocrx_word' id='word_1_397' title='bbox 1117 2335 1270 2414; x_wconf 79' lang='grc' dir='ltr'>ἐνεδρεύσας</span> <span class='ocrx_word' id='word_1_398' title='bbox 1290 2341 1336 2395; x_wconf 79' lang='grc' dir='ltr'><strong>τοῦ</strong></span> <span class='ocrx_word' id='word_1_399' title='bbox 1351 2335 1494 2398; x_wconf 87' lang='grc' dir='ltr'>Φαλάνθου</span> <span class='ocrx_word' id='word_1_400' title='bbox 1511 2337 1603 2397; x_wconf 89' lang='grc' dir='ltr'>πιστόν</span> <span class='ocrx_word' id='word_1_401' title='bbox 1618 2362 1675 2397; x_wconf 86' lang='grc' dir='ltr'>τινα</span> <span class='ocrx_word' id='word_1_402' title='bbox 1690 2363 1738 2398; x_wconf 90' lang='grc' dir='ltr'><strong>πο-</strong></span> 
     </span>
     <span class='ocr_line' id='line_1_67' title="bbox 957 2413 1741 2504; baseline 0.008 -24"><span class='ocrx_word' id='word_1_403' title='bbox 957 2421 1094 2503; x_wconf 87' lang='grc' dir='ltr'>ρευόμενον</span> <span class='ocrx_word' id='word_1_404' title='bbox 1107 2423 1146 2503; x_wconf 69' lang='grc' dir='ltr'><strong>λη’</strong></span> <span class='ocrx_word' id='word_1_405' title='bbox 1164 2413 1283 2504; x_wconf 79' lang='grc' dir='ltr'>ύδωρ,ᾧ</span> <span class='ocrx_word' id='word_1_406' title='bbox 1301 2423 1384 2500; x_wconf 80' lang='grc' dir='ltr'>ὄνομα</span> <span class='ocrx_word' id='word_1_407' title='bbox 1401 2414 1433 2495; x_wconf 67' lang='grc' dir='ltr'>ἦν</span> <span class='ocrx_word' id='word_1_408' title='bbox 1450 2423 1568 2503; x_wconf 84' lang='grc' dir='ltr'>Λάρκας,</span> <span class='ocrx_word' id='word_1_409' title='bbox 1582 2426 1627 2483; x_wconf 87' lang='grc' dir='ltr'><strong>καὶ</strong></span> <span class='ocrx_word' id='word_1_410' title='bbox 1641 2425 1741 2494; x_wconf 81' lang='grc' dir='ltr'>πίστεις</span> 
     </span>
     <span class='ocr_line' id='line_1_68' title="bbox 956 2508 1739 2594; baseline 0.004 -26"><span class='ocrx_word' id='word_1_411' title='bbox 956 2509 1018 2590; x_wconf 87' lang='grc' dir='ltr'>πρδς</span> <span class='ocrx_word' id='word_1_412' title='bbox 1030 2508 1107 2568; x_wconf 81' lang='grc' dir='ltr'>αὐτόν</span> <span class='ocrx_word' id='word_1_413' title='bbox 1118 2511 1307 2587; x_wconf 86' lang='grc' dir='ltr'>ποιησάμενος,</span> <span class='ocrx_word' id='word_1_414' title='bbox 1319 2509 1447 2588; x_wconf 88' lang='grc' dir='ltr'>θηρεύσας</span> <span class='ocrx_word' id='word_1_415' title='bbox 1458 2511 1564 2590; x_wconf 78' lang='grc' dir='ltr'>ἰχθύδια</span> <span class='ocrx_word' id='word_1_416' title='bbox 1576 2513 1605 2570; x_wconf 77' lang='grc' dir='ltr'>ἐκ</span> <span class='ocrx_word' id='word_1_417' title='bbox 1617 2517 1662 2584; x_wconf 84' lang='grc' dir='ltr'>τῆς</span> <span class='ocrx_word' id='word_1_418' title='bbox 1673 2514 1739 2594; x_wconf 81' lang='grc' dir='ltr'>κρή-</span> 
     </span>
     <span class='ocr_line' id='line_1_69' title="bbox 956 2596 1740 2680; baseline 0.009 -27"><span class='ocrx_word' id='word_1_419' title='bbox 956 2620 1015 2669; x_wconf 90' lang='grc' dir='ltr'>νης,</span> <span class='ocrx_word' id='word_1_420' title='bbox 1034 2596 1080 2655; x_wconf 87' lang='grc' dir='ltr'><strong>καί</strong></span> <span class='ocrx_word' id='word_1_421' title='bbox 1096 2596 1221 2672; x_wconf 81' lang='grc' dir='ltr'>ίμύαλόιν</span> <span class='ocrx_word' id='word_1_422' title='bbox 1236 2601 1272 2664; x_wconf 82' lang='grc' dir='ltr'><strong>εἰς</strong></span> <span class='ocrx_word' id='word_1_423' title='bbox 1290 2598 1399 2676; x_wconf 85' lang='grc' dir='ltr'>ύδρεῖον,</span> <span class='ocrx_word' id='word_1_424' title='bbox 1420 2597 1501 2656; x_wconf 79' lang='grc' dir='ltr'>ἔδωκε</span> <span class='ocrx_word' id='word_1_425' title='bbox 1515 2601 1553 2679; x_wconf 85' lang='grc' dir='ltr'><strong>τῷ</strong></span> <span class='ocrx_word' id='word_1_426' title='bbox 1569 2600 1675 2680; x_wconf 80' lang='grc' dir='ltr'>Λάρκᾳ,</span> <span class='ocrx_word' id='word_1_427' title='bbox 1695 2602 1740 2660; x_wconf 85' lang='grc' dir='ltr'><strong>καλ</strong></span> 
     </span>
    </p>
   </div>
   <div class='ocr_carea' id='block_1_20' title="bbox 956 2682 1837 2768">
    <p class='ocr_par' dir='ltr' id='par_1_26' title="bbox 956 2682 1837 2768">
     <span class='ocr_line' id='line_1_70' title="bbox 956 2682 1837 2768; baseline 0.006 -26"><span class='ocrx_word' id='word_1_428' title='bbox 956 2683 1075 2742; x_wconf 76' lang='grc' dir='ltr'>ἐκέλευσε</span> <span class='ocrx_word' id='word_1_429' title='bbox 1086 2682 1234 2764; x_wconf 81' lang='grc' dir='ltr'>ρίροντατδ</span> <span class='ocrx_word' id='word_1_430' title='bbox 1245 2682 1313 2763; x_wconf 76' lang='grc' dir='ltr'>ὕδωρ</span> <span class='ocrx_word' id='word_1_431' title='bbox 1325 2690 1400 2744; x_wconf 80' lang='grc' dir='ltr'>τοῦτο</span> <span class='ocrx_word' id='word_1_432' title='bbox 1408 2683 1498 2764; x_wconf 83' lang='grc' dir='ltr'>ἰκχίαι</span> <span class='ocrx_word' id='word_1_433' title='bbox 1511 2687 1545 2751; x_wconf 84' lang='grc' dir='ltr'><strong>εἰς</strong></span> <span class='ocrx_word' id='word_1_434' title='bbox 1557 2685 1600 2744; x_wconf 84' lang='grc' dir='ltr'>τὸν</span> <span class='ocrx_word' id='word_1_435' title='bbox 1608 2693 1738 2768; x_wconf 81' lang='grc' dir='ltr'>κρατῆρα,</span> <span class='ocrx_word' id='word_1_436' title='bbox 1831 2757 1837 2768; x_wconf 33' lang='lat'>¹</span> 
     </span>
    </p>
   </div>
   <div class='ocr_carea' id='block_1_21' title="bbox 955 2769 1739 3377">
    <p class='ocr_par' dir='ltr' id='par_1_27' title="bbox 955 2769 1739 3377">
     <span class='ocr_line' id='line_1_71' title="bbox 955 2769 1738 2852; baseline 0.006 -23"><span class='ocrx_word' id='word_1_437' title='bbox 955 2769 1012 2830; x_wconf 80' lang='grc' dir='ltr'>ὅθεν</span> <span class='ocrx_word' id='word_1_438' title='bbox 1023 2774 1061 2850; x_wconf 75' lang='grc' dir='ltr'><strong>τῷ</strong></span> <span class='ocrx_word' id='word_1_439' title='bbox 1069 2771 1205 2852; x_wconf 82' lang='grc' dir='ltr'>Φαλάνθῳ</span> <span class='ocrx_word' id='word_1_440' title='bbox 1213 2773 1361 2851; x_wconf 83' lang='grc' dir='ltr'>ᾠνοχοεῖτο.</span> <span class='ocrx_word' id='word_1_441' title='bbox 1377 2772 1431 2834; x_wconf 81' lang='grc' dir='ltr'>Καί</span> <span class='ocrx_word' id='word_1_442' title='bbox 1444 2771 1516 2850; x_wconf 78' lang='grc' dir='ltr'>δμίν</span> <span class='ocrx_word' id='word_1_443' title='bbox 1528 2773 1636 2846; x_wconf 85' lang='grc' dir='ltr'>ίποίησε</span> <span class='ocrx_word' id='word_1_444' title='bbox 1646 2781 1738 2834; x_wconf 81' lang='grc' dir='ltr'>ταῦτα·</span> 
     </span>
     <span class='ocr_line' id='line_1_72' title="bbox 955 2854 1738 2940; baseline 0.005 -26"><span class='ocrx_word' id='word_1_445' title='bbox 955 2859 969 2914; x_wconf 86' lang='grc' dir='ltr'>θ</span> <span class='ocrx_word' id='word_1_446' title='bbox 983 2857 1011 2915; x_wconf 80' lang='grc' dir='ltr'><strong>δὲ</strong></span> <span class='ocrx_word' id='word_1_447' title='bbox 1024 2854 1140 2936; x_wconf 79' lang='grc' dir='ltr'>Ἴφικλος</span> <span class='ocrx_word' id='word_1_448' title='bbox 1154 2856 1268 2936; x_wconf 89' lang='grc' dir='ltr'>κόρακας</span> <span class='ocrx_word' id='word_1_449' title='bbox 1282 2855 1425 2938; x_wconf 88' lang='grc' dir='ltr'>θηρεύσας,</span> <span class='ocrx_word' id='word_1_450' title='bbox 1449 2856 1494 2916; x_wconf 84' lang='grc' dir='ltr'><strong>καί</strong></span> <span class='ocrx_word' id='word_1_451' title='bbox 1515 2859 1624 2939; x_wconf 73' lang='grc' dir='ltr'>ἀλείψας</span> <span class='ocrx_word' id='word_1_452' title='bbox 1643 2859 1738 2940; x_wconf 77' lang='grc' dir='ltr'>γύψῳ,</span> 
     </span>
     <span class='ocr_line' id='line_1_73' title="bbox 956 2943 1739 3025; baseline 0.005 -23"><span class='ocrx_word' id='word_1_453' title='bbox 956 2946 1051 3025; x_wconf 79' lang='grc' dir='ltr'>άρῆκε.</span> <span class='ocrx_word' id='word_1_454' title='bbox 1064 2944 1205 3012; x_wconf 85' lang='grc' dir='ltr'>Φάλανθος</span> <span class='ocrx_word' id='word_1_455' title='bbox 1219 2945 1252 3017; x_wconf 88' lang='grc' dir='ltr'><strong>δ’,</strong></span> <span class='ocrx_word' id='word_1_456' title='bbox 1262 2943 1323 3003; x_wconf 81' lang='grc' dir='ltr'>ἰδὼν</span> <span class='ocrx_word' id='word_1_457' title='bbox 1335 2943 1394 3012; x_wconf 82' lang='grc' dir='ltr'>τοὺς</span> <span class='ocrx_word' id='word_1_458' title='bbox 1403 2945 1534 3024; x_wconf 91' lang='grc' dir='ltr'>κόρακας,</span> <span class='ocrx_word' id='word_1_459' title='bbox 1547 2947 1685 3025; x_wconf 76' lang='grc' dir='ltr'>ἐπορεύετο</span> <span class='ocrx_word' id='word_1_460' title='bbox 1694 2951 1739 3008; x_wconf 83' lang='grc' dir='ltr'><strong>καὶ</strong></span> 
     </span>
     <span class='ocr_line' id='line_1_74' title="bbox 956 3024 1738 3114; baseline 0.005 -22"><span class='ocrx_word' id='word_1_461' title='bbox 956 3032 1000 3092; x_wconf 80' lang='grc' dir='ltr'><strong>ἐπὶ</strong></span> <span class='ocrx_word' id='word_1_462' title='bbox 1013 3031 1057 3092; x_wconf 88' lang='grc' dir='ltr'>τδν</span> <span class='ocrx_word' id='word_1_463' title='bbox 1072 3037 1203 3114; x_wconf 76' lang='grc' dir='ltr'>κρατῆρα.</span> <span class='ocrx_word' id='word_1_464' title='bbox 1219 3032 1270 3099; x_wconf 79' lang='grc' dir='ltr'>Ὦς</span> <span class='ocrx_word' id='word_1_465' title='bbox 1284 3030 1311 3091; x_wconf 73' lang='grc' dir='ltr'><strong>δὲ</strong></span> <span class='ocrx_word' id='word_1_466' title='bbox 1322 3031 1368 3092; x_wconf 86' lang='grc' dir='ltr'>καί</span> <span class='ocrx_word' id='word_1_467' title='bbox 1378 3033 1436 3101; x_wconf 79' lang='grc' dir='ltr'>τοὺς</span> <span class='ocrx_word' id='word_1_468' title='bbox 1447 3035 1519 3112; x_wconf 77' lang='grc' dir='ltr'>ἰχθῦς</span> <span class='ocrx_word' id='word_1_469' title='bbox 1531 3024 1608 3108; x_wconf 78' lang='grc' dir='ltr'>εἶδεν,</span> <span class='ocrx_word' id='word_1_470' title='bbox 1621 3035 1738 3096; x_wconf 65' lang='lat' dir='ltr'><strong>letires</strong></span> 
     </span>
     <span class='ocr_line' id='line_1_75' title="bbox 955 3110 1739 3201; baseline 0.008 -24"><span class='ocrx_word' id='word_1_471' title='bbox 955 3121 1004 3192; x_wconf 73' lang='grc' dir='ltr'>τὴν</span> <span class='ocrx_word' id='word_1_472' title='bbox 1020 3119 1112 3199; x_wconf 84' lang='grc' dir='ltr'>χώραν</span> <span class='ocrx_word' id='word_1_473' title='bbox 1126 3123 1173 3180; x_wconf 85' lang='grc' dir='ltr'><strong>ούκ</strong></span> <span class='ocrx_word' id='word_1_474' title='bbox 1187 3119 1225 3178; x_wconf 80' lang='grc' dir='ltr'>ότι</span> <span class='ocrx_word' id='word_1_475' title='bbox 1240 3121 1326 3180; x_wconf 82' lang='grc' dir='ltr'>αὐτῶν</span> <span class='ocrx_word' id='word_1_476' title='bbox 1344 3110 1423 3194; x_wconf 76' lang='grc' dir='ltr'>εἶναι,</span> <span class='ocrx_word' id='word_1_477' title='bbox 1447 3121 1492 3180; x_wconf 84' lang='grc' dir='ltr'><strong>καί</strong></span> <span class='ocrx_word' id='word_1_478' title='bbox 1512 3123 1739 3201; x_wconf 74' lang='grc' dir='ltr'>ἐπεκηρυκεύσατο</span> 
     </span>
     <span class='ocr_line' id='line_1_76' title="bbox 955 3206 1739 3288; baseline 0.006 -23"><span class='ocrx_word' id='word_1_479' title='bbox 955 3206 1019 3288; x_wconf 82' lang='grc' dir='ltr'>πρὸς</span> <span class='ocrx_word' id='word_1_480' title='bbox 1034 3207 1077 3266; x_wconf 90' lang='grc' dir='ltr'>τδν</span> <span class='ocrx_word' id='word_1_481' title='bbox 1096 3206 1225 3288; x_wconf 82' lang='grc' dir='ltr'>Ἴφικλον,</span> <span class='ocrx_word' id='word_1_482' title='bbox 1244 3208 1404 3275; x_wconf 78' lang='grc' dir='ltr'>ὑπόσπονδος</span> <span class='ocrx_word' id='word_1_483' title='bbox 1418 3207 1564 3277; x_wconf 77' lang='grc' dir='ltr'>ὑπεξελθεῖν</span> <span class='ocrx_word' id='word_1_484' title='bbox 1580 3209 1658 3278; x_wconf 78' lang='grc' dir='ltr'>ἀξιῶν</span> <span class='ocrx_word' id='word_1_485' title='bbox 1673 3211 1739 3287; x_wconf 72' lang='grc' dir='ltr'>μετὰ</span> 
     </span>
     <span class='ocr_line' id='line_1_77' title="bbox 958 3294 1739 3377; baseline 0.004 -23"><span class='ocrx_word' id='word_1_486' title='bbox 958 3299 1009 3354; x_wconf 80' lang='grc' dir='ltr'>τῶν</span> <span class='ocrx_word' id='word_1_487' title='bbox 1023 3295 1070 3355; x_wconf 77' lang='grc' dir='ltr'><strong>σὺν</strong></span> <span class='ocrx_word' id='word_1_488' title='bbox 1086 3299 1168 3376; x_wconf 78' lang='grc' dir='ltr'>αύτῷ.</span> <span class='ocrx_word' id='word_1_489' title='bbox 1185 3294 1418 3374; x_wconf 81' lang='grc' dir='ltr'>Συγκαταθεμίνου</span> <span class='ocrx_word' id='word_1_490' title='bbox 1433 3296 1460 3356; x_wconf 79' lang='grc' dir='ltr'><strong>δὲ</strong></span> <span class='ocrx_word' id='word_1_491' title='bbox 1474 3303 1518 3356; x_wconf 82' lang='grc' dir='ltr'><strong>τοῦ</strong></span> <span class='ocrx_word' id='word_1_492' title='bbox 1534 3297 1667 3377; x_wconf 73' lang='grc' dir='ltr'>Ἰφίκλου,</span> <span class='ocrx_word' id='word_1_493' title='bbox 1683 3301 1739 3357; x_wconf 81' lang='grc' dir='ltr'>ίπε·</span> 
     </span>
    </p>
   </div>
   <div class='ocr_carea' id='block_1_22' title="bbox 956 3461 1739 3681">
    <p class='ocr_par' dir='ltr' id='par_1_28' title="bbox 956 3461 1739 3681">
     <span class='ocr_line' id='line_1_78' title="bbox 958 3461 1739 3526; baseline 0 -15"><span class='ocrx_word' id='word_1_494' title='bbox 958 3461 1025 3526; x_wconf 76' lang='lat' dir='ltr'><strong>lysia]</strong></span> <span class='ocrx_word' id='word_1_495' title='bbox 1036 3465 1119 3514; x_wconf 90' lang='lat' dir='ltr'><strong>tenens</strong></span> <span class='ocrx_word' id='word_1_496' title='bbox 1130 3463 1317 3514; x_wconf 85' lang='lat' dir='ltr'><strong>munitissimum</strong></span> <span class='ocrx_word' id='word_1_497' title='bbox 1325 3501 1332 3526; x_wconf 91' lang='lat'><strong>,</strong></span> <span class='ocrx_word' id='word_1_498' title='bbox 1340 3464 1379 3513; x_wconf 90' lang='lat' dir='ltr'><strong>cui</strong></span> <span class='ocrx_word' id='word_1_499' title='bbox 1391 3463 1479 3514; x_wconf 77' lang='lat' dir='ltr'><strong>nebris</strong></span> <span class='ocrx_word' id='word_1_500' title='bbox 1490 3477 1592 3524; x_wconf 89' lang='lat' dir='ltr'><strong>nomen,</strong></span> <span class='ocrx_word' id='word_1_501' title='bbox 1602 3466 1739 3515; x_wconf 89' lang='lat' dir='ltr'><strong>commeatu</strong></span> 
     </span>
     <span class='ocr_line' id='line_1_79' title="bbox 957 3540 1738 3603; baseline 0.005 -15"><span class='ocrx_word' id='word_1_502' title='bbox 957 3553 1005 3588; x_wconf 90' lang='lat' dir='ltr'><strong>non</strong></span> <span class='ocrx_word' id='word_1_503' title='bbox 1014 3553 1110 3602; x_wconf 81' lang='lat' dir='ltr'><strong>cerem,</strong></span> <span class='ocrx_word' id='word_1_504' title='bbox 1118 3540 1162 3589; x_wconf 89' lang='lat' dir='ltr'><strong>diu</strong></span> <span class='ocrx_word' id='word_1_505' title='bbox 1168 3541 1288 3590; x_wconf 77' lang='lat' dir='ltr'><strong>restiterat</strong></span> <span class='ocrx_word' id='word_1_506' title='bbox 1299 3541 1390 3603; x_wconf 85' lang='lat' dir='ltr'><strong>iphicle</strong></span> <span class='ocrx_word' id='word_1_507' title='bbox 1399 3541 1525 3592; x_wconf 81' lang='lat' dir='ltr'><strong>obsidenti.</strong></span> <span class='ocrx_word' id='word_1_508' title='bbox 1532 3542 1665 3593; x_wconf 87' lang='lat' dir='ltr'><strong>oraculum</strong></span> <span class='ocrx_word' id='word_1_509' title='bbox 1673 3543 1738 3592; x_wconf 82' lang='lat' dir='ltr'><strong>enim</strong></span> 
     </span>
     <span class='ocr_line' id='line_1_80' title="bbox 956 3616 1737 3681; baseline 0.004 -16"><span class='ocrx_word' id='word_1_510' title='bbox 956 3629 971 3665; x_wconf 93' lang='grc' dir='ltr'><strong>ε</strong></span> <span class='ocrx_word' id='word_1_511' title='bbox 982 3616 1028 3666; x_wconf 90' lang='lat' dir='ltr'><strong>deo</strong></span> <span class='ocrx_word' id='word_1_512' title='bbox 1037 3617 1095 3667; x_wconf 92' lang='lat' dir='ltr'><strong>olim</strong></span> <span class='ocrx_word' id='word_1_513' title='bbox 1107 3619 1142 3668; x_wconf 88' lang='lat' dir='ltr'><strong>eis</strong></span> <span class='ocrx_word' id='word_1_514' title='bbox 1151 3618 1228 3668; x_wconf 79' lang='lat' dir='ltr'><strong>iuerat</strong></span> <span class='ocrx_word' id='word_1_515' title='bbox 1240 3617 1442 3680; x_wconf 81' lang='lat' dir='ltr'><strong>redditnn,jore</strong></span> <span class='ocrx_word' id='word_1_516' title='bbox 1452 3621 1483 3668; x_wconf 84' lang='lat' dir='ltr'><strong>nt</strong></span> <span class='ocrx_word' id='word_1_517' title='bbox 1499 3619 1645 3669; x_wconf 72' lang='lat' dir='ltr'><strong>obtinerent</strong></span> <span class='ocrx_word' id='word_1_518' title='bbox 1655 3623 1737 3681; x_wconf 73' lang='lat' dir='ltr'><strong>reple·</strong></span> 
     </span>
    </p>
   </div>
   <div class='ocr_carea' id='block_1_23' title="bbox 957 3693 1859 3760">
    <p class='ocr_par' dir='ltr' id='par_1_29' title="bbox 957 3693 1859 3760">
     <span class='ocr_line' id='line_1_81' title="bbox 957 3693 1859 3760; baseline 0.002 -16"><span class='ocrx_word' id='word_1_519' title='bbox 957 3707 1029 3748; x_wconf 87' lang='lat' dir='ltr'><strong>nem.</strong></span> <span class='ocrx_word' id='word_1_520' title='bbox 1041 3693 1120 3745; x_wconf 83' lang='lat' dir='ltr'><strong>donec</strong></span> <span class='ocrx_word' id='word_1_521' title='bbox 1128 3695 1182 3746; x_wconf 83' lang='lat' dir='ltr'><strong>albi</strong></span> <span class='ocrx_word' id='word_1_522' title='bbox 1190 3698 1401 3758; x_wconf 71' lang='lat' dir='ltr'><strong>conspicerentur</strong></span> <span class='ocrx_word' id='word_1_523' title='bbox 1410 3699 1493 3752; x_wconf 84' lang='lat' dir='ltr'><strong>corel,</strong></span> <span class='ocrx_word' id='word_1_524' title='bbox 1505 3699 1532 3746; x_wconf 86' lang='lat' dir='ltr'><strong>et</strong></span> <span class='ocrx_word' id='word_1_525' title='bbox 1541 3699 1621 3760; x_wconf 73' lang='lat' dir='ltr'><strong>pleces</strong></span> <span class='ocrx_word' id='word_1_526' title='bbox 1634 3699 1664 3746; x_wconf 87' lang='lat' dir='ltr'><strong>ln</strong></span> <span class='ocrx_word' id='word_1_527' title='bbox 1678 3710 1738 3746; x_wconf 82' lang='grc' dir='ltr'>σινι-</span> <span class='ocrx_word' id='word_1_528' title='bbox 1855 3719 1859 3726; x_wconf 90' lang='lat'><strong>·</strong></span> 
     </span>
    </p>
   </div>
   <div class='ocr_carea' id='block_1_24' title="bbox 955 3774 1745 5316">
    <p class='ocr_par' dir='ltr' id='par_1_30' title="bbox 955 3774 1745 5316">
     <span class='ocr_line' id='line_1_82' title="bbox 958 3774 1739 3837; baseline -0.003 -13"><span class='ocrx_word' id='word_1_529' title='bbox 958 3774 1054 3826; x_wconf 78' lang='grc' dir='ltr'>ιειεὸιιι</span> <span class='ocrx_word' id='word_1_530' title='bbox 1067 3777 1235 3837; x_wconf 77' lang='lat' dir='ltr'><strong>apparerent.</strong></span> <span class='ocrx_word' id='word_1_531' title='bbox 1259 3777 1387 3836; x_wconf 82' lang='lat' dir='ltr'><strong>sperantes</strong></span> <span class='ocrx_word' id='word_1_532' title='bbox 1404 3774 1476 3836; x_wconf 76' lang='lat' dir='ltr'><strong>igltm</strong></span> <span class='ocrx_word' id='word_1_533' title='bbox 1493 3775 1544 3834; x_wconf 86' lang='lat' dir='ltr'><strong>illl,</strong></span> <span class='ocrx_word' id='word_1_534' title='bbox 1562 3785 1695 3837; x_wconf 77' lang='lat' dir='ltr'>numquam</span> <span class='ocrx_word' id='word_1_535' title='bbox 1715 3775 1739 3823; x_wconf 80' lang='lat' dir='ltr'><strong>hi</strong></span> 
     </span>
     <span class='ocr_line' id='line_1_83' title="bbox 956 3851 1736 3914; baseline -0.001 -13"><span class='ocrx_word' id='word_1_536' title='bbox 956 3853 1115 3911; x_wconf 83' lang='lat' dir='ltr'><strong>eventurum,</strong></span> <span class='ocrx_word' id='word_1_537' title='bbox 1124 3853 1232 3902; x_wconf 85' lang='lat' dir='ltr'><strong>securius</strong></span> <span class='ocrx_word' id='word_1_538' title='bbox 1246 3851 1416 3914; x_wconf 87' lang='lat' dir='ltr'><strong>remissiusque</strong></span> <span class='ocrx_word' id='word_1_539' title='bbox 1427 3851 1627 3902; x_wconf 71' lang='lat' dir='ltr'><strong>administrabant</strong></span> <span class='ocrx_word' id='word_1_540' title='bbox 1636 3851 1736 3901; x_wconf 87' lang='lat' dir='ltr'><strong>bellum.</strong></span> 
     </span>
     <span class='ocr_line' id='line_1_84' title="bbox 957 3930 1739 3994; baseline 0.001 -15"><span class='ocrx_word' id='word_1_541' title='bbox 957 3930 1141 3992; x_wconf 85' lang='lat' dir='ltr'><strong>iphielusrero‚</strong></span> <span class='ocrx_word' id='word_1_542' title='bbox 1157 3931 1253 3992; x_wconf 73' lang='lat' dir='ltr'><strong>cognito</strong></span> <span class='ocrx_word' id='word_1_543' title='bbox 1265 3945 1308 3994; x_wconf 91' lang='lat' dir='ltr'><strong>per</strong></span> <span class='ocrx_word' id='word_1_544' title='bbox 1317 3931 1396 3981; x_wconf 84' lang='lat' dir='ltr'><strong>nescio</strong></span> <span class='ocrx_word' id='word_1_545' title='bbox 1408 3943 1481 3993; x_wconf 86' lang='lat' dir='ltr'><strong>quern</strong></span> <span class='ocrx_word' id='word_1_546' title='bbox 1491 3943 1603 3993; x_wconf 86' lang='lat' dir='ltr'><strong>responso</strong></span> <span class='ocrx_word' id='word_1_547' title='bbox 1619 3931 1739 3981; x_wconf 83' lang='lat' dir='ltr'><strong>Phoenici·</strong></span> 
     </span>
     <span class='ocr_line' id='line_1_85' title="bbox 957 4007 1740 4072; baseline 0.004 -15"><span class='ocrx_word' id='word_1_548' title='bbox 957 4009 1002 4058; x_wconf 90' lang='lat' dir='ltr'><strong>bus</strong></span> <span class='ocrx_word' id='word_1_549' title='bbox 1010 4009 1124 4059; x_wconf 82' lang='lat' dir='ltr'><strong>divinitus</strong></span> <span class='ocrx_word' id='word_1_550' title='bbox 1134 4009 1204 4071; x_wconf 85' lang='lat' dir='ltr'><strong>dete,</strong></span> <span class='ocrx_word' id='word_1_551' title='bbox 1216 4009 1320 4072; x_wconf 75' lang='lat' dir='ltr'><strong>aliquem</strong></span> <span class='ocrx_word' id='word_1_552' title='bbox 1330 4024 1359 4059; x_wconf 79' lang='lat' dir='ltr'><strong>es</strong></span> <span class='ocrx_word' id='word_1_553' title='bbox 1372 4011 1399 4058; x_wconf 90' lang='lat' dir='ltr'><strong>iis</strong></span> <span class='ocrx_word' id='word_1_554' title='bbox 1408 4009 1496 4070; x_wconf 81' lang='lat' dir='ltr'><strong>quibus</strong></span> <span class='ocrx_word' id='word_1_555' title='bbox 1506 4007 1577 4058; x_wconf 83' lang='lat' dir='ltr'><strong>fidem</strong></span> <span class='ocrx_word' id='word_1_556' title='bbox 1592 4008 1740 4063; x_wconf 80' lang='lat' dir='ltr'><strong>Phrlsnllrus</strong></span> 
     </span>
     <span class='ocr_line' id='line_1_86' title="bbox 957 4087 1741 4152; baseline 0.005 -17"><span class='ocrx_word' id='word_1_557' title='bbox 957 4087 1087 4150; x_wconf 80' lang='lat' dir='ltr'><strong>habuerat,</strong></span> <span class='ocrx_word' id='word_1_558' title='bbox 1106 4091 1206 4138; x_wconf 84' lang='lat' dir='ltr'><strong>Lsrcsrn</strong></span> <span class='ocrx_word' id='word_1_559' title='bbox 1226 4088 1337 4146; x_wconf 84' lang='lat' dir='ltr'><strong>nornine,</strong></span> <span class='ocrx_word' id='word_1_560' title='bbox 1355 4091 1472 4150; x_wconf 83' lang='lat' dir='ltr'><strong>aquatum</strong></span> <span class='ocrx_word' id='word_1_561' title='bbox 1492 4092 1590 4138; x_wconf 89' lang='lat' dir='ltr'><strong>euntem</strong></span> <span class='ocrx_word' id='word_1_562' title='bbox 1614 4087 1741 4152; x_wconf 75' lang='lat' dir='ltr'><strong>intercepit</strong></span> 
     </span>
     <span class='ocr_line' id='line_1_87' title="bbox 957 4165 1739 4230; baseline 0.004 -17"><span class='ocrx_word' id='word_1_563' title='bbox 957 4178 999 4227; x_wconf 88' lang='lat' dir='ltr'><strong>per</strong></span> <span class='ocrx_word' id='word_1_564' title='bbox 1010 4165 1106 4216; x_wconf 80' lang='lat' dir='ltr'><strong>insidiet</strong></span> <span class='ocrx_word' id='word_1_565' title='bbox 1123 4184 1129 4215; x_wconf 83' lang='grc' dir='ltr'><strong>ε</strong></span> <span class='ocrx_word' id='word_1_566' title='bbox 1147 4179 1203 4215; x_wconf 91' lang='lat' dir='ltr'><strong>eum</strong></span> <span class='ocrx_word' id='word_1_567' title='bbox 1218 4179 1295 4228; x_wconf 88' lang='lat' dir='ltr'><strong>eoque</strong></span> <span class='ocrx_word' id='word_1_568' title='bbox 1308 4166 1339 4215; x_wconf 89' lang='lat' dir='ltr'><strong>de</strong></span> <span class='ocrx_word' id='word_1_569' title='bbox 1355 4165 1502 4227; x_wconf 87' lang='lat' dir='ltr'><strong>proditione,</strong></span> <span class='ocrx_word' id='word_1_570' title='bbox 1522 4165 1662 4230; x_wconf 83' lang='lat' dir='ltr'><strong>interposite</strong></span> <span class='ocrx_word' id='word_1_571' title='bbox 1678 4167 1739 4228; x_wconf 87' lang='lat' dir='ltr'><strong>lide,</strong></span> 
     </span>
     <span class='ocr_line' id='line_1_88' title="bbox 957 4243 1740 4307; baseline 0.004 -17"><span class='ocrx_word' id='word_1_572' title='bbox 957 4243 1011 4305; x_wconf 85' lang='lat' dir='ltr'><strong>egit.</strong></span> <span class='ocrx_word' id='word_1_573' title='bbox 1023 4243 1151 4294; x_wconf 79' lang='lat' dir='ltr'><strong>Pisciculus</strong></span> <span class='ocrx_word' id='word_1_574' title='bbox 1161 4257 1174 4295; x_wconf 93' lang='lat' dir='ltr'><strong>e</strong></span> <span class='ocrx_word' id='word_1_575' title='bbox 1185 4244 1251 4293; x_wconf 87' lang='lat' dir='ltr'><strong>lente</strong></span> <span class='ocrx_word' id='word_1_576' title='bbox 1267 4249 1349 4307; x_wconf 80' lang='lat' dir='ltr'><strong>captos</strong></span> <span class='ocrx_word' id='word_1_577' title='bbox 1366 4243 1446 4305; x_wconf 78' lang='lat' dir='ltr'><strong>iniecit</strong></span> <span class='ocrx_word' id='word_1_578' title='bbox 1461 4255 1542 4305; x_wconf 85' lang='lat' dir='ltr'><strong>urnoe,</strong></span> <span class='ocrx_word' id='word_1_579' title='bbox 1555 4245 1685 4307; x_wconf 71' lang='lat' dir='ltr'><strong>Laremque</strong></span> <span class='ocrx_word' id='word_1_580' title='bbox 1697 4243 1740 4293; x_wconf 92' lang='lat' dir='ltr'><strong>de·</strong></span> 
     </span>
     <span class='ocr_line' id='line_1_89' title="bbox 956 4319 1740 4384; baseline -0.001 -14"><span class='ocrx_word' id='word_1_581' title='bbox 956 4319 1189 4384; x_wconf 69' lang='grc' dir='ltr'>οῑιςςοοοωιηοοιο</span> <span class='ocrx_word' id='word_1_582' title='bbox 1197 4321 1292 4370; x_wconf 76' lang='lat' dir='ltr'><strong>illumin</strong></span> <span class='ocrx_word' id='word_1_583' title='bbox 1301 4323 1417 4370; x_wconf 87' lang='lat' dir='ltr'><strong>craterem</strong></span> <span class='ocrx_word' id='word_1_584' title='bbox 1425 4319 1566 4380; x_wconf 75' lang='lat' dir='ltr'><strong>infundere,</strong></span> <span class='ocrx_word' id='word_1_585' title='bbox 1576 4334 1590 4370; x_wconf 91' lang='lat' dir='ltr'><strong>e</strong></span> <span class='ocrx_word' id='word_1_586' title='bbox 1599 4334 1647 4384; x_wconf 85' lang='lat' dir='ltr'><strong>quo</strong></span> <span class='ocrx_word' id='word_1_587' title='bbox 1657 4321 1740 4374; x_wconf 87' lang='lat' dir='ltr'><strong>riuum</strong></span> 
     </span>
     <span class='ocr_line' id='line_1_90' title="bbox 955 4397 1741 4463; baseline 0 -17"><span class='ocrx_word' id='word_1_588' title='bbox 955 4398 1092 4448; x_wconf 85' lang='lat' dir='ltr'><strong>hauriretur</strong></span> <span class='ocrx_word' id='word_1_589' title='bbox 1102 4398 1243 4449; x_wconf 76' lang='lat' dir='ltr'><strong>Phalantho.</strong></span> <span class='ocrx_word' id='word_1_590' title='bbox 1257 4397 1284 4448; x_wconf 90' lang='lat' dir='ltr'><strong>id</strong></span> <span class='ocrx_word' id='word_1_591' title='bbox 1296 4397 1354 4447; x_wconf 89' lang='lat' dir='ltr'><strong>dum</strong></span> <span class='ocrx_word' id='word_1_592' title='bbox 1367 4398 1424 4448; x_wconf 85' lang='lat' dir='ltr'><strong>lucil</strong></span> <span class='ocrx_word' id='word_1_593' title='bbox 1434 4399 1534 4458; x_wconf 76' lang='lat' dir='ltr'><strong>Lances,</strong></span> <span class='ocrx_word' id='word_1_594' title='bbox 1545 4397 1649 4463; x_wconf 88' lang='lat' dir='ltr'><strong>iphiclus</strong></span> <span class='ocrx_word' id='word_1_595' title='bbox 1657 4401 1741 4460; x_wconf 83' lang='lat' dir='ltr'><strong>captos</strong></span> 
     </span>
     <span class='ocr_line' id='line_1_91' title="bbox 956 4474 1740 4539; baseline 0 -13"><span class='ocrx_word' id='word_1_596' title='bbox 956 4488 1042 4526; x_wconf 85' lang='lat' dir='ltr'><strong>corros</strong></span> <span class='ocrx_word' id='word_1_597' title='bbox 1056 4489 1129 4539; x_wconf 78' lang='lat' dir='ltr'><strong>gypso</strong></span> <span class='ocrx_word' id='word_1_598' title='bbox 1139 4475 1238 4538; x_wconf 88' lang='lat' dir='ltr'><strong>oblinit,</strong></span> <span class='ocrx_word' id='word_1_599' title='bbox 1252 4475 1408 4538; x_wconf 85' lang='lat' dir='ltr'><strong>dimittitque.</strong></span> <span class='ocrx_word' id='word_1_600' title='bbox 1423 4474 1571 4526; x_wconf 86' lang='lat' dir='ltr'><strong>Phalanthos</strong></span> <span class='ocrx_word' id='word_1_601' title='bbox 1588 4474 1740 4536; x_wconf 73' lang='lat' dir='ltr'><strong>conspicatus</strong></span> 
     </span>
     <span class='ocr_line' id='line_1_92' title="bbox 955 4551 1739 4616; baseline -0.003 -14"><span class='ocrx_word' id='word_1_602' title='bbox 955 4565 1054 4614; x_wconf 84' lang='lat' dir='ltr'><strong>corros,</strong></span> <span class='ocrx_word' id='word_1_603' title='bbox 1065 4553 1097 4604; x_wconf 84' lang='lat' dir='ltr'><strong>ed</strong></span> <span class='ocrx_word' id='word_1_604' title='bbox 1108 4555 1225 4606; x_wconf 77' lang='lat' dir='ltr'><strong>craterem</strong></span> <span class='ocrx_word' id='word_1_605' title='bbox 1235 4558 1346 4615; x_wconf 84' lang='lat' dir='ltr'><strong>properat</strong></span> <span class='ocrx_word' id='word_1_606' title='bbox 1358 4567 1364 4600; x_wconf 80' lang='grc' dir='ltr'>ι</span> <span class='ocrx_word' id='word_1_607' title='bbox 1377 4565 1450 4615; x_wconf 83' lang='lat' dir='ltr'><strong>quem</strong></span> <span class='ocrx_word' id='word_1_608' title='bbox 1465 4552 1506 4601; x_wconf 91' lang='lat' dir='ltr'><strong>ubi</strong></span> <span class='ocrx_word' id='word_1_609' title='bbox 1518 4551 1622 4616; x_wconf 80' lang='lat' dir='ltr'><strong>piscihus</strong></span> <span class='ocrx_word' id='word_1_610' title='bbox 1631 4551 1690 4602; x_wconf 83' lang='lat' dir='ltr'><strong>vidit</strong></span> <span class='ocrx_word' id='word_1_611' title='bbox 1702 4565 1739 4600; x_wconf 90' lang='lat' dir='ltr'><strong>re·</strong></span> 
     </span>
     <span class='ocr_line' id='line_1_93' title="bbox 955 4629 1739 4693; baseline -0.004 -13"><span class='ocrx_word' id='word_1_612' title='bbox 955 4630 1061 4692; x_wconf 87' lang='lat' dir='ltr'><strong>pletum,</strong></span> <span class='ocrx_word' id='word_1_613' title='bbox 1077 4629 1129 4693; x_wconf 82' lang='lat' dir='ltr'><strong>iam</strong></span> <span class='ocrx_word' id='word_1_614' title='bbox 1144 4629 1305 4693; x_wconf 83' lang='lat' dir='ltr'><strong>nonempiius</strong></span> <span class='ocrx_word' id='word_1_615' title='bbox 1316 4642 1359 4679; x_wconf 82' lang='lat' dir='ltr'><strong>sue</strong></span> <span class='ocrx_word' id='word_1_616' title='bbox 1377 4629 1403 4678; x_wconf 90' lang='lat' dir='ltr'><strong>in</strong></span> <span class='ocrx_word' id='word_1_617' title='bbox 1419 4631 1536 4691; x_wconf 80' lang='lat' dir='ltr'><strong>potestate</strong></span> <span class='ocrx_word' id='word_1_618' title='bbox 1547 4630 1599 4680; x_wconf 88' lang='lat' dir='ltr'><strong>lore</strong></span> <span class='ocrx_word' id='word_1_619' title='bbox 1618 4629 1739 4691; x_wconf 80' lang='lat' dir='ltr'><strong>regionem</strong></span> 
     </span>
     <span class='ocr_line' id='line_1_94' title="bbox 957 4705 1739 4772; baseline -0.003 -15"><span class='ocrx_word' id='word_1_620' title='bbox 957 4707 1130 4772; x_wconf 55' lang='lat' dir='ltr'><strong>retruderetur</strong></span> <span class='ocrx_word' id='word_1_621' title='bbox 1141 4706 1171 4758; x_wconf 90' lang='lat' dir='ltr'><strong>dc</strong></span> <span class='ocrx_word' id='word_1_622' title='bbox 1183 4720 1241 4769; x_wconf 82' lang='lat' dir='ltr'><strong>pree</strong></span> <span class='ocrx_word' id='word_1_623' title='bbox 1250 4705 1281 4756; x_wconf 82' lang='lat' dir='ltr'><strong>ed</strong></span> <span class='ocrx_word' id='word_1_624' title='bbox 1290 4705 1408 4769; x_wconf 88' lang='lat' dir='ltr'><strong>iphiclum</strong></span> <span class='ocrx_word' id='word_1_625' title='bbox 1416 4707 1490 4766; x_wconf 86' lang='lat' dir='ltr'><strong>misit,</strong></span> <span class='ocrx_word' id='word_1_626' title='bbox 1498 4708 1581 4769; x_wconf 77' lang='lat' dir='ltr'><strong>petere</strong></span> <span class='ocrx_word' id='word_1_627' title='bbox 1590 4707 1617 4756; x_wconf 88' lang='lat' dir='ltr'><strong>ut</strong></span> <span class='ocrx_word' id='word_1_628' title='bbox 1626 4705 1670 4754; x_wconf 83' lang='lat' dir='ltr'><strong>sibi</strong></span> <span class='ocrx_word' id='word_1_629' title='bbox 1682 4705 1739 4755; x_wconf 82' lang='lat' dir='ltr'><strong>lire·</strong></span> 
     </span>
     <span class='ocr_line' id='line_1_95' title="bbox 956 4781 1740 4845; baseline -0.006 -9"><span class='ocrx_word' id='word_1_630' title='bbox 956 4789 992 4836; x_wconf 86' lang='lat' dir='ltr'><strong>ret</strong></span> <span class='ocrx_word' id='word_1_631' title='bbox 1002 4785 1117 4836; x_wconf 90' lang='lat' dir='ltr'><strong>ineolumi</strong></span> <span class='ocrx_word' id='word_1_632' title='bbox 1128 4798 1183 4838; x_wconf 86' lang='lat' dir='ltr'><strong>eum</strong></span> <span class='ocrx_word' id='word_1_633' title='bbox 1193 4783 1243 4834; x_wconf 87' lang='lat' dir='ltr'><strong>suis</strong></span> <span class='ocrx_word' id='word_1_634' title='bbox 1253 4783 1328 4833; x_wconf 85' lang='lat' dir='ltr'><strong>ubire.</strong></span> <span class='ocrx_word' id='word_1_635' title='bbox 1337 4781 1408 4841; x_wconf 85' lang='lat' dir='ltr'><strong>Quod</strong></span> <span class='ocrx_word' id='word_1_636' title='bbox 1419 4795 1498 4845; x_wconf 80' lang='lat' dir='ltr'><strong>quum</strong></span> <span class='ocrx_word' id='word_1_637' title='bbox 1507 4781 1628 4845; x_wconf 83' lang='lat' dir='ltr'><strong>pollicitus</strong></span> <span class='ocrx_word' id='word_1_638' title='bbox 1635 4781 1740 4842; x_wconf 84' lang='lat' dir='ltr'><strong>iphicius</strong></span> 
     </span>
     <span class='ocr_line' id='line_1_96' title="bbox 955 4857 1739 4926; baseline -0.011 -12"><span class='ocrx_word' id='word_1_639' title='bbox 955 4862 1151 4926; x_wconf 59' lang='lat' dir='ltr'><strong>enetnnudem</strong></span> <span class='ocrx_word' id='word_1_640' title='bbox 1161 4863 1233 4912; x_wconf 87' lang='lat' dir='ltr'><strong>talem</strong></span> <span class='ocrx_word' id='word_1_641' title='bbox 1248 4861 1399 4910; x_wconf 80' lang='lat' dir='ltr'><strong>machinetur</strong></span> <span class='ocrx_word' id='word_1_642' title='bbox 1409 4862 1445 4910; x_wconf 83' lang='lat' dir='ltr'><strong>est</strong></span> <span class='ocrx_word' id='word_1_643' title='bbox 1456 4859 1611 4909; x_wconf 87' lang='lat' dir='ltr'><strong>Phalanthos.</strong></span> <span class='ocrx_word' id='word_1_644' title='bbox 1629 4857 1739 4908; x_wconf 71' lang='lat' dir='ltr'><strong>mactetis</strong></span> 
     </span>
     <span class='ocr_line' id='line_1_97' title="bbox 955 4934 1745 5010; baseline -0.009 -20"><span class='ocrx_word' id='word_1_645' title='bbox 955 4939 1198 5004; x_wconf 81' lang='lat' dir='ltr'><strong>victimis,enemptis</strong></span> <span class='ocrx_word' id='word_1_646' title='bbox 1209 4939 1354 5001; x_wconf 88' lang='lat' dir='ltr'><strong>visceribus,</strong></span> <span class='ocrx_word' id='word_1_647' title='bbox 1363 4939 1388 4989; x_wconf 88' lang='lat' dir='ltr'><strong>in</strong></span> <span class='ocrx_word' id='word_1_648' title='bbox 1398 4951 1480 4990; x_wconf 78' lang='lat' dir='ltr'><strong>cerum</strong></span> <span class='ocrx_word' id='word_1_649' title='bbox 1494 4936 1618 4986; x_wconf 79' lang='lat' dir='ltr'><strong>ventribus</strong></span> <span class='ocrx_word' id='word_1_650' title='bbox 1629 4934 1745 5010; x_wconf 26' lang='lat' dir='ltr'><strong>abditum,</strong></span> 
     </span>
     <span class='ocr_line' id='line_1_98' title="bbox 955 5010 1738 5081; baseline -0.01 -13"><span class='ocrx_word' id='word_1_651' title='bbox 955 5031 1042 5068; x_wconf 90' lang='lat' dir='ltr'><strong>aururn</strong></span> <span class='ocrx_word' id='word_1_652' title='bbox 1050 5016 1360 5081; x_wconf 70' lang='lat' dir='ltr'><strong>argentumqueconebslur</strong></span> <span class='ocrx_word' id='word_1_653' title='bbox 1369 5015 1470 5066; x_wconf 72' lang='lat' dir='ltr'><strong>sciere.</strong></span> <span class='ocrx_word' id='word_1_654' title='bbox 1481 5016 1512 5064; x_wconf 78' lang='lat' dir='ltr'><strong>st</strong></span> <span class='ocrx_word' id='word_1_655' title='bbox 1520 5013 1624 5064; x_wconf 88' lang='lat' dir='ltr'><strong>sentiens</strong></span> <span class='ocrx_word' id='word_1_656' title='bbox 1631 5010 1738 5061; x_wconf 84' lang='lat' dir='ltr'><strong>iruudem</strong></span> 
     </span>
     <span class='ocr_line' id='line_1_99' title="bbox 956 5089 1739 5160; baseline -0.01 -15"><span class='ocrx_word' id='word_1_657' title='bbox 956 5095 1074 5159; x_wconf 88' lang='lat' dir='ltr'><strong>iphielus,</strong></span> <span class='ocrx_word' id='word_1_658' title='bbox 1084 5095 1215 5160; x_wconf 84' lang='lat' dir='ltr'><strong>prohibuit.</strong></span> <span class='ocrx_word' id='word_1_659' title='bbox 1225 5095 1270 5146; x_wconf 81' lang='lat' dir='ltr'><strong>Cui</strong></span> <span class='ocrx_word' id='word_1_660' title='bbox 1282 5090 1534 5156; x_wconf 74' lang='lat' dir='ltr'><strong>quumJ&#39;usjurandnm</strong></span> <span class='ocrx_word' id='word_1_661' title='bbox 1550 5089 1665 5150; x_wconf 87' lang='lat' dir='ltr'><strong>objiceret</strong></span> <span class='ocrx_word' id='word_1_662' title='bbox 1680 5090 1739 5138; x_wconf 85' lang='lat' dir='ltr'><strong>Phn-</strong></span> 
     </span>
     <span class='ocr_line' id='line_1_100' title="bbox 956 5167 1738 5238; baseline -0.014 -13"><span class='ocrx_word' id='word_1_663' title='bbox 956 5175 1066 5234; x_wconf 82' lang='lat' dir='ltr'><strong>irntbus,</strong></span> <span class='ocrx_word' id='word_1_664' title='bbox 1089 5189 1138 5238; x_wconf 89' lang='lat' dir='ltr'><strong>quo</strong></span> <span class='ocrx_word' id='word_1_665' title='bbox 1159 5173 1280 5236; x_wconf 86' lang='lat' dir='ltr'><strong>pollicitus</strong></span> <span class='ocrx_word' id='word_1_666' title='bbox 1298 5173 1350 5221; x_wconf 83' lang='lat' dir='ltr'><strong>eret</strong></span> <span class='ocrx_word' id='word_1_667' title='bbox 1368 5171 1424 5228; x_wconf 90' lang='lat' dir='ltr'><strong>ilie,</strong></span> <span class='ocrx_word' id='word_1_668' title='bbox 1442 5183 1467 5218; x_wconf 85' lang='lat' dir='ltr'><strong>se</strong></span> <span class='ocrx_word' id='word_1_669' title='bbox 1485 5167 1600 5230; x_wconf 76' lang='lat' dir='ltr'><strong>asportari</strong></span> <span class='ocrx_word' id='word_1_670' title='bbox 1613 5179 1738 5230; x_wconf 87' lang='lat' dir='ltr'><strong>passurum</strong></span> 
     </span>
     <span class='ocr_line' id='line_1_101' title="bbox 956 5245 1738 5316; baseline -0.013 -13"><span class='ocrx_word' id='word_1_671' title='bbox 956 5254 1072 5316; x_wconf 80' lang='lat' dir='ltr'><strong>quidquid</strong></span> <span class='ocrx_word' id='word_1_672' title='bbox 1080 5253 1104 5301; x_wconf 91' lang='lat' dir='ltr'><strong>in</strong></span> <span class='ocrx_word' id='word_1_673' title='bbox 1121 5256 1204 5301; x_wconf 78' lang='lat' dir='ltr'><strong>ventre</strong></span> <span class='ocrx_word' id='word_1_674' title='bbox 1215 5250 1248 5300; x_wconf 89' lang='lat' dir='ltr'><strong>illi</strong></span> <span class='ocrx_word' id='word_1_675' title='bbox 1258 5249 1396 5308; x_wconf 74' lang='lat' dir='ltr'><strong>auferrent3</strong></span> <span class='ocrx_word' id='word_1_676' title='bbox 1407 5245 1514 5296; x_wconf 76' lang='lat' dir='ltr'><strong>iruurlem</strong></span> <span class='ocrx_word' id='word_1_677' title='bbox 1532 5245 1580 5308; x_wconf 85' lang='lat' dir='ltr'><strong>ipse</strong></span> <span class='ocrx_word' id='word_1_678' title='bbox 1593 5247 1676 5294; x_wconf 81' lang='lat' dir='ltr'><strong>eontra</strong></span> <span class='ocrx_word' id='word_1_679' title='bbox 1686 5259 1738 5293; x_wconf 82' lang='lat' dir='ltr'><strong>irro-</strong></span> 
     </span>
    </p>
   </div>
   <div class='ocr_carea' id='block_1_25' title="bbox 0 0 1962 5728">
    <p class='ocr_par' dir='ltr' id='par_1_31' title="bbox 0 0 1962 5728">
     <span class='ocr_line' id='line_1_102' title="bbox 0 0 1962 5728; baseline 0 0"><span class='ocrx_word' id='word_1_680' title='bbox 0 0 1962 5728; x_wconf 95' lang='lat' dir='ltr'><strong> </strong></span> 
     </span>
    </p>
   </div>
  </div>
 </body>
</html>
