3916 5728
498 349 500 352 ·
545 328 750 402 DlNARClll,
774 329 956 390 DIOGENIS
978 330 1156 392 CYZlCENl
1177 331 1424 393 FRAGMENTA.
1728 345 1783 398 sat

228 487 239 510 α
257 463 336 518 Alios
348 469 479 516 auctores
494 470 603 516 secutus
616 474 657 518 est
673 465 799 537 Hyginus
814 463 870 520 fab.
890 463 962 530 τού,
1013 473 1081 518 tom.
1099 464 1153 532 lV,
1175 483 1204 536 p.
1227 463 1302 520 2362
1318 464 1371 538 R.)
1387 466 1484 538 templi
1504 467 1623 522 lunonis
1643 469 1788 541 expilandi

182 551 234 605 ubi
252 547 403 642 Clgrnenus
413 565 473 602 non
482 549 555 604 Telei
570 549 621 604 sed
634 550 763 606 Schoenei
772 550 847 606 filius
859 551 964 606 dicitvrr
1011 551 1160 605 consilium
1175 552 1283 624 Pyrrho
1298 553 1465 626 suggessisse
1480 552 1615 608 dicuntur·
1629 551 1652 608 oi
1667 550 1788 613 κάκιστοι

183 650 214 694 et
226 655 303 692 suam
317 639 376 709 ipse
387 634 473 690 liliata
488 635 605 690 occidit.
621 661 633 686 ι
647 637 775 692 Meinelse
789 638 825 692 ad
837 638 962 711 Euphor.
1010 635 1055 693 καὶ
1068 635 1239 694 ἀνοσιώτατοι
1254 639 1305 693 τῶν
1319 636 1418 716 φίλων,
1438 636 1569 718 Εὐήγορος
1582 639 1621 714 (Ι.
1635 638 1787 718 Εὐαγόρας)

181 744 214 798 γι.
232 729 279 795 74.
294 753 334 766 -
344 720 643 799 Δεκτάδας]Διευχίδας
658 724 781 796 conjecit
789 726 867 794 Gale,
884 726 964 798 quod
1009 722 1149 802 Θεοδώρου
1163 723 1208 781 καί
1224 724 1359 803 Βάλακρος
1381 723 1528 802 Νικάνδρου
1542 723 1587 783 καὶ
1609 724 1788 806 Δείναρχος

181 812 309 886 probant
325 811 496 878 llleinekius,
519 811 651 885 Legrand
673 822 701 866 et
718 810 874 868 Passovius.
889 814 961 871 Dast.
1010 809 1119 886 Νικίου,
1135 813 1186 869 τῶν
1198 811 1280 869 οἶθέων
1292 811 1337 870 καί
1352 811 1492 890 ἐξαγίστων
1507 811 1645 889 δογμάτων
1659 815 1785 884 ζηλωταί.

182 901 275 973 (epist.
291 901 354 953 crit.
369 917 399 971 p.
415 895 487 972 231)
499 899 598 952 maluit
609 895 751 963 Ἀθανάδας
768 896 963 977 (Ἀμύρακικῶν
1009 901 1150 974 Tempora
1171 900 1284 955 obstant
1304 919 1340 956 ne
1353 901 1401 956 ille
1419 901 1579 957 Dinarchus
1596 904 1697 958 veteris
1715 904 1789 958 reli-

182 985 460 1064 auctor].Conjicere
474 987 558 1041 etiam
570 987 660 1060 possis
668 983 805 1063 Ἀριτάδας
816 983 961 1063 ‘Cnidius).
1009 987 1100 1060 gionts
1114 999 1295 1063 contemptor
1307 987 1383 1044 idern
1399 988 1435 1042 sit
1449 1006 1514 1043 cum
1525 997 1624 1043 nostro
1637 990 1785 1062 scriptore.

494 1167 654 1193 -mo—
1316 1172 1477 1196 -οκοο-σ

410 1309 734 1400 DINARCHUS.
1048 1314 1174 1370 Deserere
1189 1314 1245 1368 huc
1262 1314 1346 1369 liceat
1362 1317 1536 1372 mentionem
1549 1319 1655 1372 Droars
1671 1319 1787 1372 Actua-

514 1399 518 1408 ’
1009 1419 1087 1470 urm,
1104 1403 1154 1474 qui
1171 1401 1206 1457 de
1218 1402 1340 1476 AEgypto
1360 1404 1488 1476 quadam
1506 1405 1649 1479 scripsisse
1663 1404 1787 1472 videtur,

221 1497 383 1553 Demetrius
398 1497 515 1570 Magnes
530 1491 594 1572 ssepi
614 1490 759 1568 ὁμωνύμων
778 1513 825 1569 ap.
840 1495 961 1568 Dionys,
1008 1487 1031 1541 si
1053 1487 1123 1559 quid
1146 1505 1181 1542 ex
1202 1489 1289 1542 unico
1312 1489 1378 1544 loco
1402 1491 1530 1560 Athenaei
1552 1491 1685 1564 colligere
1708 1492 1786 1547 licet.

182 1585 249 1639 llal.
263 1587 307 1638 De
316 1582 452 1639 Dinarch.
467 1601 493 1636 c.
511 1601 523 1635 1
541 1581 625 1653 (tom.
637 1584 676 1649 V,
692 1600 722 1654 p.
740 1580 861 1656 6311t.)
877 1601 883 1636 :
898 1583 957 1640 Δει-
1008 1572 1118 1629 Etenim
1132 1575 1282 1629 Atheniens
1293 1577 1346 1648 ΕΡ·
1365 1577 1397 1645 l,
1411 1595 1442 1650 p-
1461 1575 1548 1644 3i‚B
1565 1596 1572 1631 ἕ
1587 1573 1740 1640 Ἑλλάνικος
1757 1573 1785 1630 δέ

183 1667 290 1746 νείρχοις
313 1668 336 1724 δ’
351 1665 506 1744 ἐνετύχομεν
525 1663 675 1748 τέτταρσιν·
693 1657 730 1724 ῶν
750 1666 850 1723 ἐστινδ
871 1663 919 1742 μὲν
934 1669 963 1724 ἐκ
1008 1679 1101 1737 φησιν,
1122 1660 1148 1716 ἐν
1172 1683 1206 1738 τη
1221 1659 1348 1738 Πλινθίνῃ
1363 1659 1439 1718 πόλει
1453 1653 1587 1738 Αἰγύπτου
1601 1661 1693 1740 πρώτῃ
1715 1665 1788 1740 sipe-

182 1758 235 1812 τῶν
251 1753 428 1833 ῥητόρωνζςῶν
442 1754 608 1814 Ἀττικῶυ·δ
628 1751 659 1811 δέ
672 1751 727 1819 τὰς
745 1752 818 1831 περὶ
832 1751 963 1831 Κρήτης
1009 1749 1085 1816 θῆναι
1099 1743 1147 1816 τήν
1163 1745 1291 1822 ἄμπελον.
1306 1745 1354 1805 Διδ
1368 1746 1413 1804 καλ
1427 1747 1513 1821 Δίων,
1535 1751 1548 1805 θ
1564 1746 1589 1816 ἐξ
1611 1748 1787 1824 Ἀκαδημίας,

183 1841 370 1921 συναγήοχε
390 1839 597 1918 μυθολογίας.
622 1837 657 1900 ‘0
680 1839 707 1898 δέ
728 1838 902 1920 πρεσΰύτερος
916 1842 962 1917 μὲν
1008 1832 1136 1910 φιλοίνους
1144 1831 1208 1914 μησί
1217 1833 1261 1891 καί
1269 1833 1410 1912 φιλοπότας
1420 1833 1478 1902 τοὺς
1489 1837 1644 1913 Αἰγυπτίους
1652 1836 1785 1914 γενέσθαι·

185 1932 284 2010 ἀμφοῖν
295 1927 411 2006 τούτοιν,
422 1925 516 1998 Δήλιος
526 1925 553 1984 δέ
564 1925 592 1984 eb
603 1925 688 2004 γένος,
698 1929 964 2008 πεπραγματευμένος
1010 1921 1146 1999 ἐθρεθῆναί
1167 1944 1196 1978 τί
1219 1920 1342 2000 βοήθημα
1363 1925 1427 2001 παρ’
1442 1924 1546 1993 adroic,
1571 1921 1639 1981 ὥστε
1661 1923 1720 1990 τοὺς
1744 1923 1787 1982 διὰ

181 2023 260 2076 τοῦτο
275 2015 323 2092 μὲν
337 2013 416 2093 ἔπος,
431 2020 506 2073 τοῦτο
521 2011 548 2072 δέ
563 2022 673 2093 πρᾶγμα
692 2014 820 2094 (γράμμα
838 2020 927 2074 Bentl,
938 2017 961 2095 γ·
1008 2006 1099 2066 πενίαν
1114 2010 1276 2088 ἀποροῦντας
1291 2007 1359 2068 οίνου
1373 2009 1418 2067 τὸν
1432 2011 1463 2067 ἐκ
1476 2012 1527 2067 τῶν
1542 2014 1635 2088 κριθῶν
1649 2010 1786 2088 γενόμενον

181 2104 305 2183 τέταρτος
318 2103 345 2162 δὲ
357 2107 371 2160 ὁ
381 2102 440 2182 περὶ
454 2101 573 2181 Ὅμηρον
587 2101 663 2178 λόγον
678 2099 854 2168 συντεθεικώς,
1007 2093 1104 2153 πίνειν·
1123 2093 1169 2153 καί
1194 2093 1275 2161 οθτως
1296 2095 1405 2166 ἥδεσθαι
1423 2095 1481 2162 τοὺς
1501 2102 1589 2155 τοῦτον
1606 2099 1788 2178 προσφερομέ-

224 2195 299 2250 Delii
311 2204 403 2268 p0etae
414 2194 543 2248 meminit
561 2192 661 2248 Euseb,
678 2191 784 2250 chron.
797 2211 828 2266 p,
844 2210 900 2266 ²9²
914 2193 960 2253 ed,
1007 2203 1080 2257 νους,
1094 2185 1129 2248 ὡς
1143 2179 1188 2238 καί
1213 2181 1283 2262 ᾄδειν
1301 2183 1347 2241 καὶ
1366 2183 1501 2262 ὀρχεῖσθαι
1519 2185 1565 2242 καὶ
1587 2184 1674 2242 πάντα
1688 2193 1786 2256 ποιεῖν,

183 2283 254 2341 Mai.
266 2322 275 2350 ,
286 2282 322 2338 ad
333 2299 380 2340 an.
390 2279 496 2336 Abrah.
507 2297 563 2350 pra
577 2298 583 2334 :
599 2279 773 2336 Utnonaulti
782 2283 872 2347 aiunt,
888 2281 961 2334 Bae-
1008 2265 1056 2326 ὅσα
1071 2265 1129 2334 τοὺς
1140 2266 1250 2336 ἐξοίνους
1262 2268 1419 2345 γινομένους.

182 2372 231 2426 ciri
246 2383 329 2443 gesta
345 2375 516 2444 resqueejus
535 2369 679 2435 inludia,
707 2373 825 2442 itemque
841 2371 964 2442 Lycurgi
1047 2358 1169 2413 Dissfleffl
1182 2357 1257 2412 hunc
1272 2358 1475 2414 Academicum
1499 2370 1644 2432 tamquam
1659 2360 1788 2436 ἀρχιπρε·

183 2473 213 2516 et
233 2464 373 2516 Actaeonis
392 2469 422 2512 et
439 2456 570 2524 Penthei,
595 2457 769 2529 ecquomodo
789 2457 963 2513 Bacchusue
1008 2441 1119 2513 cestuit
1147 2444 1312 2518 legitimis,
1346 2465 1433 2519 quam
1460 2447 1643 2502 Alexandrini
1667 2449 1788 2502 R⁰ffl³¹¹1

179 2546 558 2621 pmpoadpersatusperitt,
572 2543 958 2618 ηςῑάγρεςῃῑηακῇηςροργα,
1009 2531 1141 2587 adversus
1159 2533 1340 2588 Ptolemaeum
1353 2533 1473 2588 Auleten
1493 2535 1646 2602 miserunt,
1664 2553 1787 2588 comme·

182 2653 239 2689 nott
259 2633 363 2690 rhetor.
388 2633 445 2700 (lui
466 2641 559 2685 autem
578 2633 723 2696 τοῖστοῖς.
737 2632 800 2684 licet
820 2637 848 2686 ei
869 2633 962 2687 adduc
1007 2617 1212 2676 ¹¹¹⁰l³tsi¹¹³b⁰
1225 2621 1319 2688 XVII,
1331 2639 1363 2694 p-
1376 2617 1432 2693 796
1448 2619 1500 2692 (Cf
1519 2619 1619 2678 Cicero
1631 2622 1686 2676 Pro
1699 2622 1788 2677 Coelio

183 2731 311 2794 spectare
324 2717 430 2774 Bacchi
442 2719 596 2791 sepulerum
613 2715 732 2790 Delphis
745 2723 833 2788 jueta
845 2737 958 2774 aureum
1008 2727 1034 2762 ⁰·
1062 2725 1110 2774 10;
1129 2705 1271 2780 ,Acadffl
1292 2707 1334 2775 fl,
1360 2705 1407 2780 lt)-
1425 2707 1555 2762 F0rl³⁵⁵⁰
1576 2709 1651 2764 idem
1668 2719 1710 2764 est
1723 2728 1789 2763 cum

183 2809 354 2881 Apollinem,
366 2806 528 2878 sequuntur
539 2804 595 2860 alia
605 2804 820 2860 exPhilochoro
836 2804 884 2878 (f,-⁸
895 2806 963 2882 ης),
1006 2793 1080 2849 AElio
1095 2793 1166 2860 Dio,
1189 2811 1274 2865 quem
1288 2791 1323 2848 de
1342 2793 1428 2848 rebus
1446 2793 1624 2850 Alexandriae
1645 2796 1788 2870 scripsisse

183 2891 688 2968 quininarchumlaudassevidetur.
701 2891 742 2950 ct
756 2892 961 2964 αμματω.
1007 2881 1079 2936 infra
1092 2879 1261 2938 videbimus-

182 2983 229 3056 X,
251 2979 305 3045 341
324 3000 330 3034 :
347 2975 381 3036 ‘0
394 2974 536 3055 Δείναρχος
551 2976 659 3048 ποιητής
678 2978 725 3036 οὐκ
743 2975 844 3051 ἄσημος
866 2977 903 3036 ὢν
915 2979 963 3048 τὰς

183 3065 309 3126 Διονύσου
323 3063 428 3142 πράξεις
440 3061 635 3142 ἀφηγούμενος,
655 3063 703 3122 ὅσα
716 3087 745 3122 τε
757 3067 827 3145 αὐτῷ
840 3067 957 3138 πεπόνη-
1093 3097 1105 3116 ·

183 3178 247 3231 ται,
261 3152 308 3212 καί
322 3151 374 3228 μήν
388 3151 434 3209 καί
453 3149 589 3210 Ἀκταίονα
604 3151 648 3209 καί
669 3156 820 3232 Λυκοῦργον
835 3151 905 3220 ὅπως
920 3153 961 3227 εἴη

183 3238 365 3321 περονευκῶς,
383 3229 411 3295 ιθ
427 3236 500 3313 μάλα
516 3238 650 3316 διειρηκὼς
665 3243 810 3318 ἀνῃρῆσθαι
825 3240 870 3299 καί
885 3243 962 3300 αὐτὸν
1080 3213 1354 3314 DiOGENES
1388 3213 1707 3305 CYZIOENUS.

181 3331 233 3388 ὑπὸ
244 3327 365 3408 Περσέως
373 3326 417 3384 καί
428 3327 601 3398 κεκηδεῦσθαι
612 3326 684 3405 παρὰ
693 3326 736 3386 τὸν
746 3332 858 3406 χρυσοῦν
871 3329 960 3388 Ἀπόλ-

182 3420 266 3476 λωνα.
284 3417 432 3491 Augustin.
448 3416 509 3475 Civ.
530 3417 565 3471 D.
586 3416 685 3484 XVII,
708 3435 754 3475 ra.
773 3417 916 3474 Cedrenus
931 3422 960 3490 1,
1047 3417 1146 3474 Suidas
1156 3437 1163 3472 ι
1174 3413 1297 3493 Διογένης
1308 3413 1530 3494 [ῆΔιογενιανδς]
1541 3412 1694 3488 Κυζικηνὸς,
1702 3436 1786 3492 γραμ-

182 3527 215 3582 p.
227 3513 274 3570 ni.
288 3503 409 3578 Syncell.
422 3521 453 3576 p.
476 3501 540 3557 162.
552 3503 663 3560 Tatian.
677 3503 708 3559 C.
720 3504 770 3560 Gr.
788 3505 872 3578 viu,
890 3503 959 3564 οδε.
1007 3502 1124 3579 ματικάς.
1140 3499 1261 3584 Ἔγραψε
1276 3503 1381 3581 Πάτρια
1404 3501 1532 3571 Κυζίκου·
1549 3502 1616 3582 Περὶ
1629 3506 1681 3562 τῶν
1696 3504 1787 3569 ἐντοῖς

185 3593 315 3650 Lobecls.
336 3591 400 3665 Agl.
429 3609 460 3664 p.
484 3587 550 3660 573.
571 3588 613 3647 cf.
635 3591 722 3644 etiam
747 3591 850 3645 Malaia
870 3609 901 3664 p.
924 3591 960 3656 45
1010 3589 1340 3668 βιύλίοιςσημείων,Περί
1355 3593 1510 3663 ποιητικῆς,
1525 3589 1590 3668 Περί
1603 3589 1746 3668 στοιχείων.

182 3679 230 3736 ed.
251 3680 359 3748 Boon,
374 3676 426 3730 ubi
443 3686 595 3750 postquam
616 3687 779 3731 narraverat
802 3695 853 3731 cur
870 3677 962 3733 Doeoti
1046 3682 1073 3736 Is
1087 3681 1137 3754 qui
1149 3679 1184 3735 de
1194 3680 1296 3753 Cyzico
1304 3681 1431 3755 scripsit,
1443 3680 1521 3754 apud
1530 3679 1703 3754 Stephanum
1716 3698 1788 3734 con-

181 3769 346 3840 Lycurgum
363 3775 460 3819 contra
477 3763 619 3819 Bacchum
635 3763 749 3818 Boeotiae
769 3764 890 3838 imperio
904 3785 960 3839 po·
1006 3777 1112 3821 stanter
1125 3767 1204 3822 audit
1218 3769 1357 3840 Diogenes
1363 3787 1375 3834 ;
1394 3783 1482 3839 quare
1493 3761 1609 3832 verbai
1625 3763 1787 3838 Διογενιανὸς

183 3857 303 3908 titurum
323 3852 429 3907 auxilio
449 3849 664 3919 advocaverint,
681 3853 774 3924 pergit
791 3871 797 3906 :
818 3849 872 3909 liet
888 3849 962 3929 γνούς
1006 3855 1087 3908 uncis
1098 3854 1216 3922 incbtsi,
1228 3855 1335 3928 quippe
1346 3867 1408 3926 quae
1420 3852 1513 3911 Suidae
1525 3853 1622 3908 deberi
1637 3852 1787 3907 videantur

182 3943 261 3996 τοῦτο
273 3941 286 3995 ὃ
299 3935 435 4008 Διόνυσοι,
450 3933 489 3993 ὅτι
501 3933 637 3992 θιπλίσατο
651 3935 710 3991 κατ’
723 3935 817 4006 αὐτοῦ,
830 3935 906 4016 ἔφυγε
918 3935 961 3995 τὸν
1007 3941 1118 3996 diversa
1135 3941 1330 3996 confundenti.
1349 3941 1460 3994 Erroris
1475 3941 1555 4013 origo
1570 3939 1688 3993 fortasse
1706 3941 1737 3992 in
1751 3957 1786 3994 eo

184 4029 352 4103 Λυκοῦργον·
368 4021 414 4082 καί
434 4024 469 4090 είς
489 4019 604 4100 Δελφούς
623 4021 742 4078 ἀπελθὼν
766 4023 820 4078 ἐκεῖ
841 4025 959 4104 τελευτᾷ.
1007 4028 1173 4100 quaerenda,
1190 4025 1270 4101 quod
1292 4025 1392 4081 Suidas
1414 4043 1502 4099 opera
1520 4027 1703 4098 grmnnsatica
1719 4023 1787 4102 Περὶ

182 4110 240 4173 Καί
252 4111 324 4182 ἐτίθη
334 4108 364 4168 ab
372 4109 492 4190 λείψανον
500 4113 543 4166 τοῦ
556 4109 633 4166 αύτοῦ
643 4104 767 4166 Διονύσου
778 4109 831 4166 ἐκεῖ
841 4111 867 4166 ἐν
878 4113 959 4189 σορῷ·
1007 4115 1057 4168 τῶν
1068 4113 1094 4168 ἐν
1104 4135 1128 4171 τ.
1139 4115 1166 4191 β.
1179 4110 1309 4186 σημείων,
1320 4109 1387 4190 Περὶ
1399 4112 1550 4180 ποιητικῆς,
1559 4108 1626 4188 Περὶ
1635 4107 1786 4187 στοιχείων,

181 4197 229 4257 καὶ
244 4195 277 4256 τδι
287 4195 356 4256 ὅπλα
367 4195 394 4254 δὲ
406 4199 485 4255 αὐτοῦ
498 4193 573 4262 αύτδς
583 4193 638 4252 ἐκεῖ
648 4195 683 4260 εἰς
694 4193 723 4252 τὸ
734 4193 802 4271 ίιρδν
816 4193 960 4274 ἐκρέμασε,
1006 4200 1036 4253 in
1049 4200 1149 4255 codice
1163 4201 1259 4272 aliquo
1275 4197 1430 4272 depravato
1442 4198 1565 4270 Diogeni
1580 4198 1686 4252 tributa
1700 4217 1785 4272 repe-

182 4285 270 4352 καθδις
290 4285 430 4364 Δείναρχος
445 4287 459 4341 δ
474 4280 623 4363 σοφώτατος
642 4281 822 4362 συνιγράψατο
842 4283 960 4364 περὶτοῦ
1006 4288 1091 4355 rivet,
1118 4306 1207 4360 quum
1227 4286 1262 4340 ab
1288 4287 1350 4340 aliis
1370 4285 1474 4338 rectius
1498 4285 1690 4341 tribuerentur
1712 4287 1786 4341 Dio-

186 4376 269 4432 αὖτοῦ
286 4371 421 4430 Διονύσου.
438 4375 483 4429 Ibi
500 4370 641 4449 Δείναρχος
653 4390 708 4446 pro
726 4372 803 4446 vulg.
821 4371 962 4450 Δάμαρχος
1006 4375 1127 4446 geniano
1150 4373 1343 4446 (Heracleotae
1363 4368 1500 4447 Pontico)
1514 4371 1711 4444 grammatico,
1728 4373 1787 4426 lia-

183 4464 310 4520 correxit
320 4459 439 4532 Dentlej.
451 4461 497 4517 Ad
510 4461 632 4516 lllilliuru
645 4461 697 4533 Ep.
707 4477 738 4532 p.
758 4460 862 4530 7201.
1008 4459 1099 4514 driani
1122 4459 1298 4533 temporibus
1313 4459 1402 4515 claro.
1424 4458 1495 4513 Vide
1513 4458 1728 4530 Dernhardyum
1747 4458 1785 4513 ad

223 4551 388 4606 Prosaicum
402 4547 437 4604 de
450 4548 523 4605 Delo
538 4548 691 4621 scriptum,
703 4547 762 4601 sive
776 4543 908 4615 Δηλιακδν
919 4565 960 4606 sc.
1007 4546 1087 4601 Suid.
1103 4546 1122 4604 l.
1137 4547 1155 4601 l.
1167 4547 1272 4602 Contra
1289 4545 1417 4601 llanlius
1431 4548 1473 4600 De
1490 4545 1612 4618 llesyoh.
1625 4564 1656 4619 p.
1671 4543 1708 4600 56
1725 4563 1786 4601 non

181 4635 270 4712 λύγον,
279 4646 420 4692 memorat
430 4637 550 4708 Dionys.
559 4635 580 4691 l.
591 4635 613 4692 l.
628 4652 634 4687 :
647 4627 792 4702 Δηλιακός·
805 4631 963 4698 ’λπολλωνος
1007 4651 1041 4688 ea
1055 4641 1181 4702 tantum,
1202 4651 1265 4706 qua
1277 4633 1305 4687 b.
1326 4634 1346 4688 l.
1368 4631 1469 4688 Suidas
1483 4643 1624 4700 recenset,
1646 4631 1695 4688 sed
1711 4651 1786 4706 prae-

181 4723 229 4782 καί
243 4720 345 4787 Ῥοιοῦς
358 4724 405 4792 τῆς
421 4719 574 4799 Σταρύλου·
588 4710 660 4782 οἶτος
673 4719 703 4774 ού
717 4723 762 4774 τοῦ
781 4717 886 4799 ῥήτορος
903 4720 962 4777 ἀλλ’
1007 4731 1084 4777 terea
1099 4722 1184 4776 etiam
1197 4719 1286 4776 libros
1299 4715 1367 4795 Περὶ
1379 4719 1522 4793 ποταμῶν,
1536 4716 1652 4793 λιμνῶν,
1669 4720 1783 4795 κρηνῶν,

181 4807 272 4886 ἐτέρου
283 4807 350 4874 τινὸς
362 4803 531 4886 συγγραρίως
545 4805 610 4863 ἐστί.
628 4805 711 4874 Δηλοῖ
723 4806 745 4862 δ’
760 4807 790 4864 ἐκ
804 4811 849 4863 τοῦ
864 4805 962 4885 τρόπου
1007 4803 1089 4882 ὅρων,
1104 4808 1268 4885 άκρωρειῶν,
1283 4817 1311 4862 et
1323 4803 1390 4883 Περὶ
1404 4807 1531 4880 ποταμῶν
1547 4803 1617 4880 (ubi
1637 4806 1785 4879 παροιμιῶν

181 4895 228 4954 καὶ
244 4900 290 4953 τοῦ
304 4897 482 4974 χαρακτῆρος,
497 4891 622 4972 ἀρχαϊκὸς
636 4886 672 4948 ὧν
684 4891 729 4949 καί
741 4891 901 4973 περιτρέχων
914 4892 962 4966 τήν
1007 4895 1401 4966 emend.Schottus‚Kiister.‚
1410 4893 1782 4970 SchneidewininParoem.

181 4981 293 5059 τοπικὴν
307 4982 394 5053 Δήλου
409 4979 454 5040 καί
470 4979 554 5061 Δέρου
566 4977 693 5058 ἱστορίαν.
1007 5003 1037 5057 p.
1056 4979 1157 5058 xxvui
1174 4977 1242 5040 κατά
1258 4979 1385 5059 στοιχεῖον
1404 4977 1527 5055 ἐπίτομον
1538 4975 1701 5056 ἀναγραρήν,
1721 4980 1786 5036 Συν-

222 5077 279 5147 Αρ.
291 5073 459 5144 Dionysium
468 5071 740 5128 Halicarnassensem
752 5069 832 5146 (Ere.
845 5070 880 5126 de
894 5073 961 5128 Virt.
1009 5065 1113 5146 αγωγήν
1129 5067 1173 5126 καί
1187 5067 1285 5125 πίνακα
1300 5071 1349 5126 τῶν
1369 5068 1394 5125 ἐν
1416 5065 1488 5144 πάσῃ
1509 5067 1541 5142 τῇ
1561 5063 1727 5142 γῇπάλεων,
1739 5063 1782 5120 καλ

1306 3057 1488 3084 -00000—
