3908 5732
804 371 843 429 lN
866 369 1068 432 VOLUMlNE
1088 371 1112 430 l.

75 575 78 581 Ι
144 509 314 566 Plutarchus
326 510 356 564 in
371 509 481 564 Lucull.
496 529 521 565 c.
538 506 575 562 28
589 505 891 582 (v.locuminsragn1.
909 507 926 563 8

145 597 309 663 Strabonis,
322 607 393 650 tom.
417 596 479 663 Ill,
496 615 527 668 p.
550 601 605 667 49²
615 595 642 666 );
659 594 735 650 unde
750 596 866 670 colligas
878 613 927 649 au-

145 695 255 740 ctorem
265 686 343 739 hunc
355 684 483 757 Pompeii
499 683 554 740 lere
567 693 648 738 aetate
660 684 771 740 vixisse.

185 860 386 916 PlllLlSTUS.
399 858 465 932 Pag.
481 876 547 913 xcv.
557 858 615 914 Vit.
627 857 751 925 Philisti,
767 857 817 910 lin.
837 877 861 914 t.
876 863 924 911 Ar·

144 948 315 1003 claimeeidoe
333 943 441 1020 filius]
458 947 504 1001 Sic
524 945 749 1002 llemsterhusius
766 946 877 1019 scripsit
892 943 930 999 ad

144 1037 289 1092 Pollucem
309 1035 350 1102 X,
375 1040 424 1103 la,
442 1051 472 1107 p.
498 1051 584 1105 ¹¹9¹·
611 1037 649 1088 At
665 1033 818 1088 Pausanias
836 1035 876 1106 V,
892 1033 928 1088 23

145 1125 163 1179 6
178 1124 234 1200 (sic
252 1125 314 1198 lege
326 1141 381 1197 pro
395 1124 438 1192 Χ,
448 1121 485 1176 23
497 1125 504 1192 )
515 1122 602 1176 habet
615 1119 810 1198 Ἀρχομενίδου.
827 1124 928 1183 Veram

143 1213 268 1267 nominis
290 1212 409 1266 sormam
433 1209 546 1264 dederit
559 1209 660 1264 Suidas
680 1209 697 1265 l.
708 1209 739 1277 l.,
751 1208 828 1283 apud
845 1226 930 1282 quem

145 1299 276 1356 Philistus
286 1311 328 1354 est
339 1295 497 1376 Ἀρχωνίδου
507 1293 570 1361 υίός.
582 1335 590 1350 .

184 1391 252 1462 Pag.
262 1406 328 1456 xus,
337 1388 365 1457 b,
378 1388 428 1441 lin.
441 1392 470 1455 4,
484 1383 520 1440 ab
529 1385 640 1442 ultima.
649 1415 690 1427 -
699 1385 768 1442 Pro:
779 1385 824 1440 Ol.
839 1381 889 1457 98,
900 1389 928 1454 l,

144 1476 225 1549 lege:
243 1477 288 1531 Ol.
303 1473 455 1550 qllfflsec.
470 1473 619 1535 Diodorum
633 1472 704 1539 XV,
720 1490 747 1540 7.
763 1501 804 1514 -
821 1473 855 1526 In
868 1489 928 1544 seq.

143 1581 209 1637 pag.
220 1563 376 1631 mlta.
394 1562 446 1617 lin.
463 1557 514 1627 15,
531 1559 631 1614 calami
647 1558 728 1632 lapsu
741 1559 878 1631 scriptum
890 1569 931 1613 est

144 1651 191 1706 Ol.
209 1649 280 1718 103,
306 1669 317 1704 1
334 1668 389 1724 pro
412 1649 457 1704 Ol.
479 1649 536 1721 98,
561 1647 589 1704 3.
605 1645 738 1704 Ceterum
752 1644 788 1700 de
808 1645 931 1701 Diodori

143 1739 307 1792 narratione
317 1735 450 1792 itahabet
461 1733 627 1790 Arnoldtius
639 1732 696 1806 (De
706 1733 831 1797 Athone,
848 1734 929 1787 Guar-

144 1825 241 1880 binnce
258 1823 329 1892 1841
343 1844 392 1899 ,p.
410 1829 444 1888 14
456 1821 465 1897 l
485 1842 491 1877 :
508 1822 655 1878 «Diodori
668 1830 763 1876 autem
777 1815 880 1875 tutaea
890 1831 932 1875 est

144 1914 270 1968 narratio
284 1923 335 1980 ut,
358 1911 464 1966 etiamsi
488 1909 635 1964 Philistum
655 1910 861 1983 Leptinemque
881 1907 927 1966 Ol.

145 1997 201 2072 98,
215 1999 232 2054 3
243 1997 323 2075 (386)
337 2008 366 2054 et
374 1999 577 2053 exterminatos
591 2013 650 2052 esse
661 2007 690 2052 et
701 2007 850 2051 revocatos
861 1997 928 2050 scri·

143 2085 205 2154 bit,
221 2105 266 2142 res
275 2097 369 2141 tamen
382 2086 474 2140 omnis
483 2084 581 2140 redeat
593 2083 631 2138 ad
642 2083 846 2154 conjecturam.
856 2084 929 2137 Nam

145 2173 203 2243 ille,
219 2185 406 2248 posteaquam
416 2173 487 2248 XV,
502 2171 520 2227 6
532 2183 560 2227 et
571 2191 586 2241 7
603 2172 757 2246 generatim
769 2181 854 2243 atque
864 2171 929 2224 uni-

143 2277 222 2314 verse
244 2259 280 2316 de
298 2259 399 2315 studiis
416 2259 539 2333 poeticis
559 2260 671 2313 locutus
693 2268 750 2324 est,
772 2257 801 2310 in
826 2257 930 2329 quibus

98 2405 100 2410 ,
145 2346 251 2402 lachim
260 2348 306 2402 Ol.
321 2365 375 2421 97,
392 2365 403 2400 1
417 2346 499 2420 (392)
508 2363 561 2419 per
574 2361 674 2418 pacem
687 2344 823 2398 Punicam
837 2345 928 2398 otium

144 2435 383 2508 Dionysiusprior
391 2434 599 2507 consumpserit
609 2471 617 2500 ,
629 2430 834 2486 narratdeinde
842 2449 929 2504 quam

145 2540 218 2596 aegre
233 2532 368 2594 tyrannus
383 2522 529 2576 Philoxeni
538 2520 720 2592 Platonisque
731 2515 929 2592 reprehensio²

144 2627 210 2664 nean
218 2611 451 2682 tulerit,qu0que
460 2608 556 2664 surore
565 2609 650 2662 etiam
660 2607 690 2660 in
698 2609 846 2680 proximos
855 2608 930 2663 inter

144 2715 251 2770 eosque
271 2699 301 2751 in
313 2697 462 2770 Leptinem
478 2694 594 2749 fratrem
610 2704 638 2748 ct
649 2688 795 2748 Philistum
808 2693 929 2749 familia-

145 2803 205 2839 rem
219 2785 350 2854 saevierit,
365 2801 400 2838 cx
414 2802 472 2855 quo
493 2784 617 2838 carmina
634 2779 696 2851 ejus
713 2783 851 2854 Olympiae
866 2792 929 2836 tur-

143 2873 220 2945 piter
237 2872 401 2927 ceciderint.
425 2870 482 2926 Sed
503 2887 668 2942 quanquam
691 2868 839 2923 Diodorus
852 2867 929 2924 hunc

145 2975 242 3012 casum
256 2958 309 3012 sub
324 2957 368 3012 Ol.
384 2955 438 3030 98,
463 2957 501 3025 3,
516 2957 675 3011 accuratius
691 2966 857 3029 persecutus
870 2966 928 3027 est,

144 3046 274 3119 Dionysii
292 3046 398 3120 prioris
414 3046 466 3100 ista
477 3045 649 3119 ignominia,
667 3043 777 3097 etiamsi
793 3060 844 3096 suo
864 3043 929 3099 loco

147 3131 248 3205 (xlv,
267 3149 321 3205 109
334 3129 343 3207 J
358 3131 516 3186 aDiodoro
531 3129 635 3186 diserte
644 3147 702 3184 non
719 3139 789 3184 esset
799 3149 928 3203 praemo-

143 3220 253 3289 nitum,
266 3220 373 3275 anobis
385 3219 484 3274 referri
497 3235 557 3273 non
566 3217 722 3292 possetnisi
737 3216 775 3272 ad
787 3217 833 3272 01.
845 3219 897 3291 98,
914 3238 926 3274 1

145 3304 237 3380 [388.
253 3309 286 3364 V.
315 3305 432 3379 Kayser.
457 3307 528 3363 llist.
542 3307 607 3361 crit.
622 3315 711 3380 tragg.
726 3321 768 3378 gr.
789 3323 818 3378 p.
836 3304 892 3360 263
904 3305 926 3378 ).

144 3397 187 3448 Ac
202 3393 369 3448 Plutarchus
389 3392 506 3465 quidem
526 3411 581 3466 pro
596 3393 670 3446 irato
696 3392 865 3464 percitoque
886 3403 929 3464 ty·

1698 375 1755 426 625

974 508 1067 562 minus
1076 507 1177 576 stabit,
1194 525 1252 580 quo
1265 506 1421 580 proclivior
1434 516 1514 576 erat,
1526 505 1581 558 levi
1599 504 1757 577 praesertim

975 595 1125 668 scriptori,
1141 613 1232 662 error,
1246 604 1278 648 ut
1291 611 1363 666 qnos
1375 592 1458 646 simul
1472 611 1487 646 a
1508 593 1622 646 civitate
1640 591 1754 664 pulsos,

975 681 1090 736 eosdem
1103 683 1186 737 simul
1200 699 1259 736 esse
1280 682 1309 735 in
1322 681 1446 755 patriam
1460 679 1593 734 reductos
1610 678 1756 733 scriberet.

975 771 1117 840 Quocirca
1135 787 1221 842 quam
1240 770 1289 824 diu
1310 769 1441 841 Leptines
1459 767 1606 834 exulabat,
1627 765 1758 820 Philistus

975 857 1113 912 habitasse
1124 875 1180 913 una
1199 875 1262 912 cum
1287 875 1322 910 eo
1336 855 1462 924 videtur,
1485 866 1517 909 ut
1539 853 1685 909 Diodorus
1703 855 1758 920 ait,

975 943 1087 998 Thuriis
1099 963 1106 998 :
1118 945 1212 1017 quain
1222 944 1293 998 urbe
1304 943 1406 996 domus
1417 942 1501 996 luisse
1512 983 1519 1010 ,
1531 960 1593 1013 quae
1600 941 1758 1014 hospitibus

975 1033 1155 1104 Syracusanis
1161 1045 1302 1108 paterent,
1312 1034 1477 1105 neutiquam
1485 1035 1527 1086 est
1536 1049 1587 1086 cur
1597 1029 1759 1087 diffidamus

976 1117 984 1192 (
997 1121 1263 1180 Schiller.Derebb.
1274 1120 1446 1174 Thuriornm
1454 1138 1484 1193 p.
1494 1117 1529 1174 35
1540 1118 1561 1192 l.
1573 1119 1758 1191 Posteaquam

975 1219 1069 1262 autem
1081 1209 1214 1282 Leptines
1228 1209 1377 1280 Syracusas
1387 1206 1488 1273 rediit,
1505 1207 1634 1260 Philistus
1645 1206 1759 1260 relictus

975 1295 1005 1348 in
1019 1295 1103 1350 exilio
1120 1294 1197 1350 solus
1210 1295 1307 1350 sedem
1319 1311 1352 1350 ac
1366 1293 1542 1349 domicilium
1555 1293 1676 1348 subinde
1690 1313 1756 1348 mu-

976 1393 1047 1437 tasse
1059 1381 1182 1440 videtur.
1204 1382 1276 1436 Nam
1291 1392 1394 1455 praeter
1407 1381 1563 1453 hospitium
1580 1379 1758 1435 Hadrianum

976 1470 1143 1526 Plutarchus
1167 1470 1284 1543 Epirum
1308 1486 1423 1541 quoque
1443 1479 1599 1535 memorat,
1626 1470 1669 1523 De
1692 1469 1757 1523 cxil.

977 1576 1001 1613 c.
1025 1563 1076 1625 ιθ,
1091 1576 1123 1630 p.
1140 1555 1196 1625 637
1214 1574 1221 1613 :
1234 1553 1397 1624 Θουκυδίδης
1411 1552 1542 1622 Ἀθηναῖος
1558 1550 1703 1632 συνέγραψε
1715 1551 1759 1610 τὸν

975 1641 1091 1719 πόλεμον
1105 1645 1157 1700 τῶν
1172 1642 1240 1701 Πελ.
1259 1641 1305 1698 καὶ
1319 1641 1373 1701 Ἀθ.
1389 1643 1415 1699 ἐν
1433 1639 1528 1721 Θρᾴκῃ
1543 1638 1602 1720 περί
1615 1639 1663 1710 τῆν
1680 1642 1759 1699 Σκα-

977 1728 1277 1807 existimamusque
1293 1731 1319 1787 ἐν
1335 1729 1489 1788 Σκιλλοῦντι
1508 1731 1555 1799 τῆς
1568 1726 1689 1799 Ἠλείας,
1705 1727 1759 1787 Φί-

975 1819 1061 1883 λιστος
1071 1821 1097 1876 h
1110 1817 1228 1898 Ἠπείρῳ
1241 1817 1300 1874 κτλ.
1319 1844 1330 1869 ι

1015 1907 1047 1965 P.
1059 1926 1131 1975 nuri,
1146 1925 1175 1974 a,
1189 1917 1251 1961 not.
1265 1925 1291 1960 a.
1306 1940 1341 1950 -
1351 1904 1757 1962 hddeMarcellin.Vit.'1'huc.

975 1995 992 2068 §
1007 2013 1042 2065 a7
1057 1995 1111 2050 :0t
1125 1990 1218 2050 πολλοὶ
1228 1999 1281 2057 τοῖς
1293 1990 1365 2057 ἰδίοις
1376 1989 1471 2050 πάθεσι
1484 1990 1623 2049 συνέθεσαν
1636 1989 1682 2056 ede
1692 1993 1760 2048 ἱστο-

976 2078 1045 2156 ρίας,
1057 2077 1155 2149 ἥκιστα
1175 2079 1293 2149 μελῆσαν
1312 2078 1400 2143 αὐτοῖς
1412 2083 1458 2148 τῆς
1472 2077 1630 2148 ἀληθείας...
1645 2076 1759 2154 Τίμαιος

974 2165 997 2224 δ’
1007 2164 1223 2243 θΤαυρομενίτης
1230 2162 1395 2239 Τιμυλίσντα
1403 2165 1581 2243 ὑπερεπῄνεσε
1587 2170 1633 2224 τοῦ
1642 2165 1758 2244 μετρίου,

974 2253 1066 2312 καθότι
1079 2251 1257 2331 Ἀνδρόμαχον
1272 2251 1316 2310 τὸν
1329 2254 1408 2310 αὐτοῦ
1418 2251 1520 2330 πατέρα
1533 2254 1561 2311 αὖ
1574 2251 1702 2311 κατέλυσε
1713 2257 1760 2324 τῆς

975 2338 1135 2419 μοναρχίας,
1152 2341 1279 2406 Φιλιστος
1294 2339 1320 2397 δὲ
1338 2344 1376 2418 τῷ
1391 2339 1439 2419 νέῳ
1456 2339 1584 2420 Διονυσίῳ
1605 2347 1658 2407 τοῖς
1675 2341 1760 2418 λόγοις

974 2429 1084 2502 πολεμεῖ
1096 2429 1287 2508 (προσπολεμιῖ
1299 2430 1376 2500 conj.
1387 2432 1524 2500 Grauert3
1533 2448 1570 2486 an
1578 2427 1758 2506 κσλακεθειί).

1015 2519 1048 2575 Ρ.
1067 2536 1164 2590 κινιι,
1184 2519 1212 2584 b,
1235 2518 1286 2571 lin.
1320 2519 1403 2592 19ab
1423 2520 1490 2574 ima.
1515 2549 1553 2560 -
1573 2520 1666 2574 Post:
1689 2519 1759 2574 Cum

977 2602 1291 2675 Timouidesucitetiam
1305 2606 1425 2672 Tzetzes,
1438 2604 1513 2660 adde
1526 2624 1532 2658 :
1550 2605 1657 2658 Eadem
1670 2611 1761 2677 magis

974 2699 1063 2754 etiam,
1072 2704 1232 2766 exaggerat
1245 2694 1365 2746 Timaeus
1374 2712 1423 2765 ap.
1438 2691 1614 2748 ruerent.
1632 2694 1757 2750 ίαυιίαῑο.

994 2847 996 2850 ¹
1013 2781 1045 2837 P.
1057 2797 1168 2847 κινιιι,
1188 2781 1222 2848 b,
1234 2781 1286 2835 lin.
1305 2779 1352 2836 16.
1368 2817 1404 2830 -.
1418 2779 1487 2834 Dele
1501 2779 1607 2836 rerba:
1623 2799 1690 2853 quos
1707 2801 1760 2835 ee-

974 2885 1026 2940 que
1043 2869 1183 2922 Diodorus
1201 2868 1267 2932 XV,
1286 2873 1322 2940 91,
1341 2873 1370 2920 in
1386 2879 1543 2940 couiputuru
1563 2884 1641 2921 suum
1662 2865 1760 2938 nesure,

976 2955 1045 3009 Vide
1056 2965 1126 3010 tom.
1140 2956 1182 3023 ll,
1194 2974 1224 3026 p.
1239 2953 1273 3008 81
1289 2971 1331 3026 sq.

1014 3043 1046 3098 P.
1062 3058 1142 3110 xutx,
1162 3061 1192 3108 α,
1210 3042 1258 3097 lin.
1279 3048 1327 3126 aq.
1340 3071 1381 3084 -·-
1394 3043 1450 3095 Pro
1467 3047 1646 3096 :retractavit
1658 3061 1721 3096 eam
1734 3055 1761 3096 et

979 3130 1022 3184 ed
1029 3131 1117 3202 finem
1127 3131 1276 3203 perduxit,
1293 3130 1354 3204 lege
1369 3149 1375 3184 :
1388 3148 1451 3184 eam
1471 3130 1512 3184 ad
1518 3129 1605 3202 finem
1614 3132 1757 3202 perducit.

1014 3215 1047 3275 P.
1059 3235 1140 3289 xcix,
1150 3237 1180 3289 a,
1192 3218 1241 3276 lin.
1256 3236 1303 3291 29.
1318 3249 1358 3260 -
1369 3219 1453 3288 Quod
1460 3223 1488 3272 ei
1498 3219 1693 3274 ridiculaeque
1706 3225 1760 3272 cri·

975 3309 1045 3360 miui
1070 3310 1156 3360 vertit
1177 3308 1323 3377 Dionysius
1343 3303 1434 3381 Hal.]
1460 3306 1632 3361 succurrere
1649 3307 1759 3378 Diony-

974 3393 1017 3446 sio
1037 3392 1132 3448 studet
1148 3393 1291 3466 Kriigerus
1308 3394 1337 3446 in
1350 3395 1469 3466 Dionys.
1488 3393 1758 3466 Historiographicis

145 3481 229 3534 ranni
243 3480 340 3534 animo
353 3488 384 3534 ut
398 3481 547 3535 certiorem
563 3481 602 3534 ita
614 3478 837 3553 probabiliorem
848 3479 930 3534 allert
974 3498 1003 3559 p.
1021 3480 1067 3544 46.
1080 3482 1191 3536 Etenim
1204 3499 1265 3552 qnae
1281 3482 1308 3534 in
1317 3483 1457 3554 Dionysio
1467 3482 1618 3555 leguntur:
1633 3479 1760 3545 Φίλιστος

145 3566 255 3621 Philisti
291 3567 475 3641 Leptinisque
507 3568 688 3642 relegationis
719 3584 843 3620 cansam.
873 3565 941 3622 Sea
975 3563 1002 3622 δί
1020 3564 1138 3640 μιμητῆς
1155 3567 1210 3623 lert
1232 3565 1590 3636 Θουκυδίδου....Ἐζήλωκε
1604 3565 1632 3623 δὲ
1651 3569 1758 3645 πρῶτον

147 3656 285 3727 quomam
311 3673 346 3710 ex
365 3654 496 3712 Diodoro
518 3655 589 3710 illud
613 3655 711 3710 saltem
736 3654 929 3728 colligendum
975 3650 1022 3727 μὲν
1036 3651 1127 3724 rbi-lv
1141 3651 1261 3709 ὑπόθεσιν
1282 3653 1384 3722 ἀτελῆ
1409 3652 1607 3710 καταλιπεῖν
1621 3651 1665 3711 τὸν
1681 3653 1759 3711 αὐτὸν

145 3741 271 3811 videtur,
286 3743 417 3814 Dionysii
433 3744 521 3812 iram,
534 3760 621 3814 quum
639 3742 766 3815 Leptinis
779 3752 808 3796 et
821 3743 929 3796 Philisti
974 3738 1063 3818 ἐκείνῳ
1080 3739 1190 3817 τρόπον,
1204 3759 1237 3796 ea
1253 3743 1291 3797 ita
1306 3741 1446 3797 mutanda
1457 3760 1515 3796 esse
1529 3751 1640 3808 censet,
1658 3753 1691 3795 ut
1704 3761 1758 3816 pro

146 3830 266 3884 collusio
280 3829 470 3905 detegeretur,
489 3828 617 3884 nondum
632 3828 783 3884 defervisse
797 3847 804 3886 t
821 3829 928 3885 biblio·
975 3828 1056 3898 ἀτελῆ
1069 3827 1225 3884 καταλιπεῖν
1235 3829 1388 3904 legendum
1396 3831 1432 3884 sit
1441 3829 1524 3904 ἀφελῆ
1537 3825 1664 3902 ἐκλέγειν,
1675 3849 1760 3901 argri-

145 3917 234 3972 theere
247 3917 392 3986 conditor,
405 3919 457 3972 nisi
472 3918 545 3973 forte
554 3918 577 3971 is
589 3917 675 3971 animi
686 3916 775 3972 ardor
785 3935 838 3990 per
849 3918 929 3974 bien·
974 3928 1096 3970 mentum
1107 3919 1229 3990 simplex
1237 3917 1292 3971 sibi
1303 3921 1416 3990 eligere.
1432 3919 1526 3972 aNam
1538 3935 1626 3989 quum
1633 3917 1760 3990 ineptum

145 4005 224 4059 trium
239 4007 344 4075 tenuit,
365 4023 468 4078 parum
486 4005 632 4060 verisimili
650 4005 762 4060 ratione
775 4005 852 4060 viros
866 4007 930 4061 illos
974 4005 1011 4057 sit
1023 4003 1157 4072 credere,
1171 4004 1278 4076 inquit,
1301 4003 1468 4058 historicum
1484 4001 1520 4057 de
1532 4002 1672 4058 industria
1688 4023 1760 4077 opus

146 4110 206 4146 non
220 4103 286 4146 ante
301 4093 347 4148 Ol.
370 4092 427 4166 98,
449 4092 464 4147 3
481 4094 512 4146 in
526 4093 641 4147 exilium
662 4103 742 4146 actos
763 4090 837 4147 lecit.
859 4095 930 4147 Nam
974 4109 1055 4144 suom
1069 4110 1128 4146 non
1140 4091 1304 4156 absolvisse,
1323 4101 1383 4144 tum
1395 4091 1479 4164 longe
1488 4091 1611 4164 ineptius
1621 4103 1676 4160 est,
1686 4090 1759 4146 hanc

146 4180 196 4252 qui
208 4178 330 4234 Diodori
348 4199 411 4234 mos
428 4191 470 4235 est
484 4191 515 4234 ut
530 4179 567 4234 ad
580 4178 749 4234 servandam
759 4181 930 4234 narrationis
974 4180 1094 4251 primam
1111 4178 1170 4251 ejus
1188 4178 1439 4250 cum-Thucydide
1453 4179 1644 4234 similitudinis
1661 4191 1758 4234 notam

144 4267 367 4341 perpetuitatem
385 4267 468 4338 juxta
487 4277 577 4342 ponat
593 4285 624 4322 re
647 4284 733 4336 nexa,
756 4268 931 4340 temporibus
974 4285 1099 4340 ponere,
1114 4285 1201 4339 quum
1216 4267 1312 4341 potius
1328 4266 1364 4321 de
1379 4267 1554 4340 argumenti,
1570 4265 1650 4338 quod
1667 4266 1758 4340 elege-

147 4353 290 4410 discreta:
305 4355 454 4410 Philistum
465 4356 670 4428 Leptinemque
685 4372 743 4426 quo
754 4371 829 4408 anno
843 4361 871 4410 in
878 4374 930 4430 pa·
974 4355 1027 4422 rit,
1043 4365 1145 4408 natura
1159 4352 1313 4408 dicendum
1326 4353 1409 4408 luisse
1421 4353 1561 4432 videatpr.
1580 4376 1592 4402 a
1617 4353 1757 4426 Equidem

147 4443 232 4496 triam
242 4440 392 4512 reductos,
406 4442 509 4497 eodem
521 4444 588 4497 item
598 4442 681 4497 exilio
691 4441 808 4496 allectos
818 4442 930 4497 videtur
976 4439 1115 4511 ejusmodi
1128 4441 1249 4515 ineptias
1260 4457 1322 4512 quae
1334 4440 1370 4495 ab
1380 4439 1505 4495 historiae
1519 4439 1679 4514 ignorantia
1689 4460 1761 4514 pro-

146 4529 284 4583 retulisse.
303 4532 345 4583 ilc
359 4531 508 4603 Leptinem
522 4528 653 4601 quidem,
671 4540 703 4582 ut
727 4529 777 4601 qui
795 4530 931 4585 recrude-
975 4527 1149 4597 ficiscuntur,
1163 4529 1281 4582 minime
1301 4527 1406 4583 allenas
1426 4545 1485 4584 esse
1503 4545 1521 4582 a
1534 4529 1691 4602 Dionysio,
1719 4529 1758 4582 le·

147 4626 243 4672 scente
251 4614 327 4671 bello
337 4617 444 4672 Punico
454 4616 500 4673 Ol.
512 4634 562 4690 99,
575 4617 630 4671 εἰει
640 4617 742 4690 proelio
751 4616 788 4671 ad
796 4617 931 4672 Cronium
975 4617 1102 4670 riusculo
1115 4633 1180 4670 sane
1194 4616 1351 4690 historico,
1374 4633 1428 4670 usu
1441 4614 1544 4671 doctus
1559 4615 1668 4671 dudum
1689 4617 1759 4670 mihi

148 4705 299 4760 commisso
318 4705 431 4760 caderet
446 4705 553 4778 (Diod.
572 4706 635 4773 XV,
661 4707 827 4774 175AE1ian.
843 4708 875 4763 V.
892 4709 928 4762 H.
975 4703 1120 4776 persuasi.

147 4794 239 4862 Xlll,
265 4789 320 4860 l5;
339 4794 481 4851 Plutarch.
499 4795 574 4848 Mor.
599 4812 629 4868 p.
652 4791 728 4863 738,
748 4791 807 4867 Β),
832 4809 931 4848 revera

150 4882 228 4935 eirca
241 4877 314 4934 illud
327 4890 437 4955 tempus
451 4881 570 4937 domum
583 4889 749 4935 revocatum
762 4889 876 4952 putem3
895 4878 931 4935 de

151 5054 286 5128 selingius
313 5053 462 5110 dubitarit.
488 5058 559 5110 Nam
589 5053 712 5109 Diodori
742 5056 930 5108 testimonium

150 5152 248 5197 contra
263 5141 404 5196 Plutarchi
417 5153 446 5198 et
459 5141 547 5200 Corn.
563 5143 682 5215 Nepotis
696 5142 875 5197 auctoritates
896 5161 931 5197 eo

236 5251 377 5288 manasen
393 5253 485 5288 ιιιιτσιι.
504 5253 542 5288 cu.
552 5267 577 5276 -
589 5253 640 5288 vot.
653 5253 685 5288 ιι.

1016 4879 1174 4936 TllllAEUS.
1190 4882 1223 4936 P.
1240 4899 1272 4947 ε,
1288 4891 1349 4936 not.
1380 4878 1407 4938 3.
1428 4909 1469 4922 -
1486 4879 1555 4934 Dele
1573 4879 1661 4934 verba
1676 4899 1686 4932 :¹
1705 4877 1759 4933 nisi

150 4967 260 5022 Philisti
274 4977 369 5022 autem
380 4967 476 5022 reditu
484 4968 521 5024 ad
529 4967 651 5023 Diodor.
665 4967 734 5034 XV,
748 4986 763 5037 7
774 4965 835 5036 jam
846 4967 931 5023 Wes-
957 5013 961 5023 .
967 4963 1048 5037 sorte
1061 4967 1205 5022 Nemetes
1219 4968 1370 5040 Cyzicenus
1377 4981 1405 5044 et
1417 4985 1479 5039 quae
1491 4977 1656 5039 sequuntur.

1014 5057 1082 5128 Peg.
1105 5073 1135 5110 m
1155 5053 1188 5122 b,
1209 5056 1259 5110 lin.
1280 5054 1328 5109 36.
1350 5055 1486 5110 -Libri
1507 5065 1563 5109 tres
1577 5057 1620 5110 De
1640 5055 1755 5128 regibus

976 5143 1075 5216 Syriae,
1088 5163 1160 5216 qnos
1171 5145 1275 5197 Timaeo
1288 5141 1388 5198 Suielas
1401 5140 1760 5215 affingit,prol›abilitrrrc·

1660 5249 1705 5288 tu·
