3842 5726
772 379 1020 441 rasennam.
1683 397 1702 446 9

104 511 250 583 jecturanc
274 507 379 566 dncms
406 527 445 564 an
476 511 653 580 testimonio,
678 529 737 566 non
762 522 881 568 constat.

52 622 57 632 ·
106 603 279 675 Scriptorem
297 599 460 652 mutilatum
483 616 556 671 opus
575 599 613 653 ita
630 599 790 674 reliquisse,
810 601 885 655 utin

104 690 145 742 his
155 707 221 760 qu:
232 687 388 742 manebant
402 703 499 740 seusus
510 685 662 754 laboraret,
676 705 742 742 sane
753 705 811 741 non
820 705 885 760 pro·

104 775 197 830 babile
216 786 268 830 est
289 777 330 830 Ac
345 771 406 828 lieri
421 782 497 827 certe
510 782 604 846 potest
619 783 651 827 ut
666 791 726 828 non
742 775 801 848 ipse
815 776 886 828 seri-

102 873 180 936 ptor,
200 861 254 916 sed
268 860 443 933 bibliopola,
465 859 574 914 indocti
588 862 763 916 amanuensis
778 879 883 935 opera,

103 951 190 1004 libros
203 949 242 1002 ab
255 949 290 1002 iis
299 947 370 1002 locis
382 946 431 1018 qui
443 947 794 1020 vendentibuspericulum
804 965 885 1002 erea-

102 1046 165 1090 rent
185 1035 317 1090 liberare
329 1035 454 1088 animum
468 1034 629 1090 induxerit:
645 1035 740 1107 qualia
752 1046 817 1088 suut
831 1054 885 1090 ex-

102 1133 242 1197 purgata,
258 1139 324 1194 quse
334 1130 454 1188 vocant,
469 1122 657 1195 exemplaria,
671 1123 774 1193 quaein
787 1124 884 1195 regio-

103 1211 187 1264 nibus
197 1209 250 1263 ubi
263 1207 379 1262 decreta
393 1208 507 1262 concilii
522 1207 678 1264 Tridentini
691 1219 807 1283 recepta
821 1209 884 1264 fue·

103 1307 184 1364 runt,
197 1314 259 1350 non
268 1313 335 1348 raro
347 1305 511 1350 occurrunt.
527 1318 540 1344 n

141 1385 186 1438 De
197 1382 371 1436 anctoritate
386 1381 505 1454 Eunapii
518 1399 576 1436 non
590 1391 632 1435 est
646 1399 697 1434 cur
707 1381 812 1436 multus
823 1383 883 1437 sim.

101 1467 355 1540 Quemadmodum
377 1467 413 1520 ab
434 1485 487 1521 usu
515 1485 609 1522 rerum
631 1468 755 1520 civilium
779 1470 885 1523 alienus

102 1559 187 1610 luisse
196 1555 325 1622 videtur,
337 1554 417 1609 sicin
431 1554 577 1608 historiam
591 1555 700 1622 intulit,
712 1572 774 1626 quae
785 1555 883 1609 sedulo

101 1642 228 1697 arcenda
248 1651 347 1708 erant,
368 1640 490 1694 rhetoris
508 1640 710 1714 professionem
721 1651 811 1716 'atque
824 1653 884 1696 stu-

100 1729 150 1784 dia
170 1741 201 1784 et
213 1731 287 1782 iram
302 1728 404 1782 mentis
417 1739 631 1801 praeoccupatae.
654 1729 728 1783 llinc
742 1730 833 1783 oratio
847 1731 883 1784 ab

101 1816 222 1890 limpida
234 1815 359 1870 historiae
368 1815 570 1886 tranquillitate
582 1831 700 1888 prorsus
711 1814 881 1885 abhorrens;

100 1905 169 1958 lrinc
190 1902 371 1956 mactationis
386 1919 474 1974 genus
488 1901 687 1974 epidicticum,
701 1919 759 1974 quo
771 1904 882 1976 sperni-

103 2001 152 2044 tur
162 1992 180 2056 ί,
191 1983 315 2062 ἀκρίῦεια
324 1988 459 2042 historica
471 1998 602 2060 tanquam
609 1988 742 2042 humilius
754 1989 824 2060 quid
836 1987 880 2062 (Ἲς

101 2077 315 2148 bipedemque,
326 2074 404 2146 quod
414 2077 566 2130 maximnm
574 2086 625 2143 est,
634 2075 742 2145 judicia
753 2075 788 2130 de
799 2076 883 2130 rebus

101 2165 291 2238 personisque
313 2179 444 2234 perversa
465 2164 599 2234 nullaque
622 2163 659 2217 ad
678 2164 736 2217 veri
757 2161 882 2235 justique

101 2269 233 2306 normam
256 2247 368 2303 directa
387 2259 416 2303 et
434 2248 605 2321 ponderata.
629 2251 758 2305 Ceterum
780 2249 881 2322 quodsi

102 2338 251 2410 l'mnapius
260 2335 445 2404 calamitates,
455 2354 517 2408 quae
527 2337 556 2390 in
564 2339 725 2390 Romanum
733 2337 882 2409 imperium

103 2426 266 2489 irruerunt,
282 2439 380 2476 omnes
389 2440 423 2476 ex
438 2424 538 2496 spretis
549 2425 634 2477 sacris
644 2421 784 2493 majorum
797 2423 883 2477 adsci-

104 2523 191 2584 taque
203 2509 430 2566 Christianorum
440 2509 576 2582 religione
586 2527 735 2583 perperam
755 2527 821 2565 sane
835 2528 882 2564 re·

104 2595 243 2670 petendas
251 2613 311 2650 esse
322 2598 445 2665 censuit,
457 2596 579 2668 ideoque
589 2597 731 2652 lulianum
742 2599 771 2651 in
781 2597 881 2652 coelum

105 2685 213 2754 evexit,
231 2682 405 2738 Christianos
425 2684 608 2756 imperatores
627 2682 730 2756 insani-s
749 2685 883 2738 conviciis

107 2769 255 2824 oneravit:
270 2767 432 2824 meminisse
442 2767 524 2839 juvat
539 2779 714 2844 quantopere
726 2772 756 2824 in
768 2781 883 2825 contre-

106 2858 177 2910 rianr
196 2865 310 2929 partem
323 2857 503 2929 peccaverint
516 2856 666 2927 scriptores
681 2857 882 2927 Ecclesiastici‚

108 2945 156 3016 qui
164 2943 882 3010 Constantini,JulianietTheodosiiresliteriscon·

109 3033 264 3102 signarunt„
278 3028 364 3086 llaud
373 3030 520 3084 minimum
535 3031 621 3102 igitur
635 3031 672 3086 ad
685 3033 794 3104 singula
806 3051 882 3106 quae·

109 3135 164 3188 que
187 3127 265 3172 recte
291 3116 452 3171 trutinanda
476 3129 651 3172 momentum
676 3117 789 3173 afferret
812 3139 884 3192 opus

111 3205 304 3276 Eunapianum
312 3243 320 3270 ‚
329 3205 350 3258 si
359 3205 497 3276 integrum
504 3204 541 3259 ad
549 3223 600 3259 nos
606 3204 792 3277 perdurasset
803 3209 883 3263 Nunc

111 3289 346 3361 acquiescendum
368 3289 451 3344 nobis
472 3301 515 3345 est
530 3291 559 3344 in
581 3293 788 3363 Excerptorum
808 3295 883 3349 Con-

111 3377 429 3449 stantinianum-parte
438 3378 585 3450 superstite
593 3387 621 3431 et
629 3378 658 3430 in
663 3379 789 3446 Zosimo,
800 3397 884 3452 quem

112 3463 139 3514 in
160 3462 245 3516 rebus
267 3461 304 3516 ab
328 3463 454 3536 Eutropio
472 3465 595 3518 tractatis
616 3464 693 3518 hunc
717 3465 809 3537 ipsum
832 3467 885 3520 sibi

114 3549 212 3603 ducem
225 3549 353 3622 selegisse
369 3561 397 3604 et
411 3550 623 3621 quodammodo
637 3551 666 3604 in
683 3552 885 3625 compendium

114 3635 250 3709 redegisse
270 3646 330 3689 turn
353 3635 455 3692 diserte
477 3638 593 3692 Photius
616 3647 746 3707 testatur,
769 3650 829 3699 tum
851 3658 885 3696 ex

116 3723 238 3794 reliquiis
248 3721 376 3778 Sardiani
392 3723 479 3778 nostri
498 3725 647 3798 colligitur.

382 3867 613 3928 TESTIMONIA.

156 4013 268 4068 Plotius
290 4014 364 4072 Bibl.
390 4015 454 4072 cod.
481 4035 516 4086 77
543 4035 551 4070 ε
573 4013 732 4094 ’λνιγνόεσθη
753 4017 885 4078 Εύναπίου

124 4095 241 4171 Χρονιαῆς
250 4097 364 4176 ἱστορίας
382 4102 432 4168 τῆς
444 4099 510 4174 μετδι
522 4099 663 4176 Δέξιππον,
678 4102 736 4170 νέας
750 4105 885 4184 ἐκδόσεως,

126 4183 148 4237 έν
163 4183 265 4258 βιύλίοες
279 4187 528 4263 τεσσαρεσκαίδεκα.
544 4185 668 4268 Ἄρχεται
683 4191 731 4267 μέν
750 4196 796 4262 τῆς
811 4195 886 4251 ἱστο-

128 4269 176 4344 ρίας
194 4271 244 4328 ἀπό
262 4275 311 4341 τῆς
332 4273 466 4332 Κλαυδίου
490 4275 636 4353 βασιλείας,
660 4278 686 4342 ἐς
710 4277 738 4335 δν
763 4279 886 4344 Δεξίππω

127 4359 141 4422 ί,
153 4355 245 4432 ἱστορία
258 4357 418 4436 καταλήγει,
436 4362 596 4440 ἀποτελευτᾷ
609 4361 636 4420 δέ
651 4365 687 4429 εἱς
698 4364 745 4434 τὴν
760 4342 886 4445 Ὁνωρίοῦ
974 4412 980 4435 ,

128 4441 362 4521 καῖ’λρααδίωτῦεν
370 4447 511 4506 Θεοδοσίου
520 4449 619 4506 παίδων
632 4451 779 4528 βασιλείαν,
790 4455 886 4514 ἐκεῖνον
956 4500 963 4520 .

130 4527 167 4582 sti
176 4529 261 4606 χρόνον
281 4531 353 4597 τέλος
364 4536 411 4602 τῆς
422 4534 537 4612 ἱστορίας
550 4535 740 4612 ποιησάμενος,
751 4537 779 4597 δν
793 4539 885 4618 ’Aperi-

130 4633 175 4678 εεος
189 4615 231 4688 μέν
243 4622 288 4674 τοῦ
298 4625 397 4696 χρυσοῦ
408 4625 455 4689 τῆς
468 4621 607 4690 ἐκκλησίας
623 4623 750 4699 στόματος
765 4625 886 4685 Ἰωάννου
932 4675 940 4692 ,

131 4701 285 4770 ἀπελαθέντος
306 4707 343 4770 εἱς
364 4705 409 4764 τὸν
432 4708 612 4787 ἀρχιερατικδν
635 4714 723 4789 θρόνον
744 4710 887 4789 ἀνηγμένας

130 4785 288 4863 ἱεράτενιν,ἠ
302 4790 330 4850 δέ
342 4797 386 4850 τοῦ
402 4793 581 4870 βασιλεύοντος
594 4795 731 4872 Ἆρκαδίου
741 4797 805 4875 γυνη
818 4797 887 4855 κατδ

131 4875 225 4954 γαστρός
244 4875 341 4955 έχουσα
363 4879 409 4936 καὶ
429 4878 595 4954 ἀμῦλεύσασα
614 4883 657 4940 τὸν
674 4882 729 4962 βίον
749 4883 884 4944 ἀπέλιπεν.

130 5039 227 5172 “figis
236 5041 398 5105 ὼοιιοὶορεε
415 5043 607 5106 contemptorem
625 5057 650 5096 se
662 5045 750 5098 ῖειοιυι
769 5052 889 5113 surreptus

930 501 1014 575 Οὗτος
1028 512 1042 568 ὁ
1057 509 1188 576 Εύνάπιος
1203 509 1346 588 Σαρδιανὸς
1361 510 1493 586 μὲνγένος
1508 511 1563 571 ἔστί
1578 513 1639 589 (τὰς
1652 514 1702 592 γάρ

931 597 956 651 ἐν
977 594 1060 674 Λυδία
1085 597 1193 675 Σάρδεις
1217 595 1279 673 έσχε
1301 597 1447 676 πατρίδαβ·
1465 599 1592 669 δυσσεῦὴς
1604 600 1632 657 δέ
1654 600 1702 670 vla

929 683 1067 760 θρησκείαν
1081 683 1118 741 ὧν
1139 681 1184 758 [td
1197 682 1332 754 Ἑλλήνων
1346 683 1396 761 γάρ
1412 686 1505 760 ε’τίμα)
1524 687 1582 752 τοὺς
1598 686 1645 761 μέν
1660 691 1702 746 εὖ·

930 768 1019 848 σεόεία
1041 768 1089 839 τὴν
1109 771 1243 848 βασιλείαν
1258 771 1442 846 κοσμήσαντας
1456 775 1534 830 παντὶ
1551 774 1637 854 τρόπῳ
1657 775 1702 832 καί

930 857 1021 926 ἀνέδην
1037 857 1147 924 κακίζων
1162 857 1293 934 διασύρει,
1316 857 1360 914 καί
1375 857 1490 932 μάλιστά
1509 883 1537 936 γε
1556 861 1599 916 τὸν
1620 861 1701 936 μέγαν

933 944 1142 1014 Κωνσταντῖνον,
1156 943 1249 1022 ἐξαίρει
1262 943 1289 1001 δέ
1303 943 1361 1010 τοὺς
1374 945 1518 1016 δυσσεόεῐς,
1532 947 1577 1004 καὶ
1590 951 1640 1004 τῶν
1656 948 1700 1005 ἀλ·
1779 987 1783 996 ·

930 1030 982 1086 λων
1003 1031 1081 1088 πλέον
1096 1029 1237 1091 Ἰουλιανόν
1255 1029 1299 1088 τὸν
1317 1031 1491 1109 παραύάτην,
1511 1033 1555 1090 καλ
1571 1034 1663 1111 σχεδόν
1677 1059 1702 1092 τι

929 1117 958 1174 τδ
972 1122 1017 1188 τῆς
1031 1117 1144 1196 ἱστορίας
1160 1120 1229 1194 αὐτῷ
1242 1120 1277 1181 είς
1293 1116 1321 1173 τὸ
1334 1117 1431 1176 ἐκείνου
1444 1119 1571 1195 ἐγκώμιον
1586 1121 1702 1179 συντεθέν

930 1201 1080 1273 ἐξεποιήθη.
1097 1201 1175 1263 Ἔστι
1189 1202 1216 1261 δὲ
1233 1203 1376 1274 καλλιεπὴς
1389 1204 1436 1274 τὴν
1452 1205 1560 1284 ρροὶσιν,
1576 1207 1598 1262 εἰ
1617 1208 1702 1286 περιέ-

929 1290 970 1347 λοι
990 1313 1029 1356 τις
1051 1293 1122 1368 αὐτῷ
1145 1293 1196 1347 τῶν
1218 1291 1302 1366 λόγων
1324 1289 1354 1348 τὸ
1378 1292 1635 1369 ἀλεκτρυονῶδες
1658 1294 1701 1352 καί

930 1377 1208 1456 ἱλαρωδίστερον,
1240 1377 1284 1434 καὶ
1320 1378 1555 1457 συωδέστερον,
1588 1381 1633 1437 καί
1669 1382 1701 1452 δὴ

928 1463 973 1523 καλ
999 1461 1058 1530 τοὺς
1088 1463 1301 1542 ἱερακόιδεις,
1334 1465 1378 1523 καὶ
1411 1463 1626 1543 κορακόιδιις,
1657 1471 1702 1526 καὶ

928 1553 1141 1621 πιθηκόιδεις,
1160 1551 1204 1608 καί
1221 1550 1251 1609 τὸ
1272 1553 1461 1626 ποταμῦδες
1480 1553 1633 1631 δάκρυον,
1657 1557 1702 1614 καί

928 1636 962 1694 τὰ
983 1633 1077 1712 ὅμοια·
1099 1637 1196 1702 τούτοις
1214 1635 1264 1716 γάρ
1285 1637 1329 1695 καί
1343 1637 1390 1709 τὴν
1406 1637 1488 1708 ἀλλην
1502 1642 1553 1696 τῶν
1568 1640 1702 1714 ὀνομάτων

928 1723 1140 1801 περιλυμαίνεται
1163 1723 1208 1782 καί
1233 1723 1373 1782 διανοθεύει
1396 1725 1535 1799 εὐγένειαν.
1565 1727 1617 1784 Καὶ
1641 1751 1701 1806 τρο·

929 1819 991 1876 παῖς
1012 1811 1060 1886 μέν
1081 1812 1208 1890 κέχρηται
1225 1810 1396 1888 παραῦόλως,
1412 1811 1476 1890 ὅπερ
1496 1817 1510 1870 δ
1527 1817 1573 1883 τῆς
1590 1815 1703 1894 ἱστορίας

929 1900 975 1956 οῦκ
1001 1898 1084 1956 ίθέλει
1112 1898 1203 1974 νόμος,
1228 1900 1376 1978 ἀφαιρεῖται
1401 1897 1427 1956 δέ
1451 1899 1482 1957 τὸ
1501 1901 1598 1958 λυποῦν
1619 1905 1636 1972 ἡ
1657 1907 1702 1973 τῆς

928 1983 1018 2052 λέξεως
1033 1983 1143 2066 ἐμρασις
1163 1985 1195 2042 cd
1212 1985 1297 2042 πολλὰ
1309 1985 1354 2042 καί
1375 1986 1519 2056 ἀστειότης.
1534 1989 1576 2066 Τῇ
1587 1989 1701 2069 συνθήκῃ

928 2071 955 2130 δέ
973 2071 1018 2131 καὶ
1030 2075 1066 2152 τῷ
1078 2073 1155 2152 σαρεῖ
1166 2070 1228 2150 πρδς
1241 2071 1356 2152 ἱστορίαν
1369 2074 1413 2131 καί
1427 2075 1483 2138 ταῖς
1497 2077 1624 2152 περιόδοις
1635 2097 1702 2151 συμ·

929 2159 1027 2236 μέτριος
1040 2159 1085 2217 καὶ
1099 2158 1199 2224 οἰκείως
1215 2159 1283 2236 ἔχει·
1297 2158 1366 2229 πλὴν
1381 2161 1485 2238 ἐνιαχοῦ
1505 2161 1702 2242 δικανικώτερον

929 2248 1027 2320 μᾶλλον
1052 2245 1069 2314 ἢ
1091 2244 1287 2324 ἱστορικόιτερον
1305 2250 1397 2320 μεστοῖ
1416 2248 1461 2304 καὶ
1485 2249 1638 2326 περιῦάλλει
1659 2251 1702 2308 τὸν

927 2332 1012 2410 λόγον.
1028 2333 1181 2410 Νεωτερίζει
1193 2331 1215 2389 δ’
1228 2335 1274 2390 οὐκ
1285 2332 1360 2410 ὀλίγα
1379 2333 1423 2391 καλ
1437 2334 1497 2412 περὶ
1507 2335 1552 2400 τάς
1563 2336 1702 2409 συντάξεις,

927 2420 995 2489 πλὴν
1010 2420 1057 2478 οὒκ
1070 2419 1106 2485 εἱς
1119 2419 1149 2478 τὸ
1163 2419 1243 2500 ἄχαρι
1251 2464 1259 2493 ,
1271 2419 1324 2478 οὐδ’
1336 2422 1371 2486 είς
1384 2419 1413 2478 τδ
1424 2429 1478 2488 ταῖς
1491 2422 1606 2498 μεθόδοις
1618 2423 1701 2492 λαῦην

928 2507 1073 2566 ἐπιδοῦναι.

968 2593 1022 2652 Δύο
1040 2594 1067 2652 δέ
1081 2594 1262 2673 πραγματείας
1283 2593 1330 2666 τὴν
1348 2594 1429 2665 αὐτὴν
1444 2595 1615 2676 περιεχούσας
1630 2599 1701 2658 ἱστο-

930 2678 987 2760 ρίαν
1000 2681 1194 2760 συνεγράψατο,
1208 2678 1315 2760 πρώτην
1331 2682 1377 2740 καὶ
1389 2682 1520 2761 δευτέραν.
1540 2684 1595 2744 Kal
1614 2687 1640 2742 ἐν
1655 2685 1703 2758 μέν

929 2771 962 2845 τῇ
978 2766 1070 2848 πρόντῃ
1087 2767 1185 2838 πολλὴν
1203 2767 1271 2826 κατδι
1288 2773 1332 2839 τῆς
1347 2775 1462 2848 καθαρᾶς
1477 2772 1552 2846 ἡμῶν
1567 2775 1617 2828 τῶν
1638 2775 1700 2852 Χρι·

930 2859 1041 2912 στιανῦιν
1061 2853 1172 2920 πίοτεοις
1199 2856 1368 2933 καταοπείρει
1385 2857 1567 2936 βλασφημίαν,
1587 2857 1632 2916 καί
1652 2859 1699 2929 τὴν

930 2939 1090 3012 Ἑλληνικὴν
1101 2942 1272 3012 ἀποσεμνύνει
1286 2943 1495 3018 δεισιδαιμονίαν,
1505 2942 1590 3002 πολλὰ
1600 2949 1650 3003 τῶν
1663 2948 1703 3004 εύ-

929 3027 1012 3086 estat
1025 3027 1153 3105 βασιλέων
1166 3027 1373 3104 καθαπτόμενος·
1391 3031 1418 3087 ἐν
1433 3029 1460 3088 δέ
1479 3035 1511 3107 τῇ
1532 3031 1653 3111 δευτέρα,
1671 3032 1703 3104 ἣν

929 3113 974 3172 καλ
994 3115 1067 3171 νέαν
1082 3113 1210 3174 ἔκδοσιν
1226 3116 1381 3195 ἐπιγράφει,
1394 3117 1442 3186 τὴν
1454 3115 1500 3192 μέν
1514 3118 1614 3189 πολλὴν
1628 3119 1703 3198 ύόριν

929 3201 974 3260 καὶ
985 3203 1137 3278 ἀσέλγειαν,
1150 3201 1183 3272 ἣν
1197 3201 1265 3258 κατά
1278 3206 1324 3272 τῆς
1337 3202 1468 3268 εύσεῦείας
1480 3203 1624 3276 ίσκέδαζεν,
1636 3209 1702 3264 iino-

929 3289 1070 3364 τέμνεται,
1082 3289 1112 3346 τὸ
1124 3287 1151 3346 δέ
1163 3287 1252 3345 λοιπὸν
1263 3292 1310 3358 τῆς
1321 3294 1471 3367 συγγραρῆς
1482 3293 1559 3364 σῶμα
1569 3292 1702 3369 συνείρας,

931 3375 991 3432 νέαν
1004 3375 1120 3446 έκδοοιν,
1142 3377 1177 3440 ὡς
1198 3373 1309 3450 ίφημεν,
1328 3375 1478 3456 ίπιγράρει,
1498 3375 1536 3434 ἱτι
1557 3376 1642 3434 πολλά
1658 3383 1704 3449 τῆς

934 3464 1017 3519 ίκεῖσε
1031 3459 1128 3532 λύσσης
1142 3460 1346 3538 ὑποφαίνουσάν.
1365 3461 1473 3540 Ἀμροῑν
1492 3461 1518 3519 δέ
1532 3463 1587 3528 ταῖς
1602 3463 1704 3522 ἐκδόσε-

932 3571 971 3605 σιν
988 3550 1014 3605 ἐν
1028 3550 1149 3615 παλαιοῖς
1169 3545 1323 3626 ἐνετύχομεν
1345 3547 1470 3626 βιῦλίοις,
1488 3548 1559 3618 ἰδίοις
1579 3550 1704 3628 ἑκατέραν

931 3636 958 3690 ε’ν
972 3633 1051 3713 ἑτέρῳ
1061 3634 1148 3712 τεύχει
1160 3637 1205 3692 καί
1217 3634 1297 3714 έτέριρ
1308 3635 1528 3709 συντεταγμένην·
1538 3635 1563 3702 ἐξ
1575 3628 1610 3694 ὧν
1619 3640 1704 3696 αὐτῶν

931 3719 976 3777 καῖ
996 3717 1044 3790 τὴν
1063 3719 1186 3799 διαρορδν
1208 3719 1392 3796 ἀναλεξάμενοι
1411 3717 1538 3798 ἔγνωμεν.
1559 3723 1703 3798 Συμύαίνεε

932 3796 975 3864 οῦν
992 3809 1018 3864 ίν
1031 3811 1063 3882 τῇ
1078 3809 1123 3886 νέᾳ
1136 3807 1235 3866 ἐκδόσει
1252 3807 1337 3866 πολλὰ
1351 3811 1402 3866 τῶν
1417 3810 1521 3887 χωρίων
1538 3809 1580 3866 δεδι
1594 3810 1640 3876 τδις
1657 3834 1701 3888 γε·

932 3891 1074 3970 γενημένας
1092 3895 1142 3950 τῶν
1163 3896 1248 3972 βητῦνν
1267 3893 1410 3970 περικοπὰς
1431 3897 1537 3974 ἀσαρῦις
1557 3896 1704 3968 έκκεῖσθαι,

931 3979 1015 4037 καίτοι
1035 3981 1187 4056 φροντιστής
1203 3981 1265 4038 ’ἱστι
1285 3987 1331 4038 τοῦ
1353 3987 1459 4060 σαροῦς·
1478 3984 1536 4040 ἀλλ’
1551 3981 1602 4062 ὅτῳ
1615 3984 1704 4062 τρόπῳ

931 4065 1014 4143 λέγειν
1027 4068 1074 4124 οὐκ
1087 4067 1159 4146 ίχω,
1170 4065 1208 4143 μὴ
1225 4069 1311 4132 καλῶς
1326 4066 1394 4124 κατὰ
1405 4067 1452 4133 τδις
1464 4067 1607 4146 περικοπδις
1621 4069 1703 4144 ἁρμό·

932 4175 978 4218 σας
993 4153 1051 4220 τοὺς
1061 4152 1151 4230 λόγους
1163 4157 1189 4212 έν
1203 4157 1236 4232 τῇ
1251 4153 1358 4234 δευτέρα
1372 4155 1472 4212 ἐκδόσει
1484 4155 1528 4212 τὸν
1537 4160 1595 4212 νοῦν
1607 4155 1704 4232 λυμαί-

931 4261 1002 4296 νεται
1017 4242 1068 4298 τῶν
1084 4241 1342 4318 ἀναγινωσκομένων.
1358 4241 1406 4301 Ἐν
1423 4233 1462 4308 οἱς
1477 4240 1521 4300 καί
1535 4241 1564 4298 τδ
1578 4241 1661 4308 τέλος.

973 4328 1051 4383 ldem
1068 4328 1135 4386 cod.
1150 4327 1205 4402 98,
1227 4329 1262 4385 de
1276 4331 1388 4384 Zosimo
1404 4349 1411 4384 :
1430 4326 1508 4387 Είποι
1522 4329 1544 4384 δ’
1561 4327 1593 4386 ἀν
1606 4351 1656 4398 τις,
1674 4329 1704 4384 οὗ

931 4414 1030 4491 γραψαι
1049 4412 1125 4471 αὐτὸν
1140 4413 1273 4493 ἱστορίαν,
1287 4414 1354 4472 ἀλλὰ
1369 4414 1536 4492 μεταγράψαι
1551 4414 1597 4484 vlu
1618 4417 1703 4475 Εὐνα-

932 4522 1006 4572 τιον,
1020 4502 1058 4581 τῷ
1079 4501 1198 4580 συντόμῳ
1213 4499 1289 4578 μόνον
1307 4499 1497 4581 διαρέρουσαν,
1520 4501 1565 4560 καί
1583 4500 1623 4559 ὅτι
1640 4503 1704 4580 ούχ,

932 4585 1021 4665 ὥσπερ
1036 4588 1143 4660 ἐκεῖνος,
1158 4587 1226 4646 οῦτοι
1244 4587 1290 4647 καί
1314 4580 1387 4654 ούτος
1407 4589 1560 4667 Στελίχωνα
1581 4587 1703 4668 διασύρει.

937 4671 976 4732 δ’δι
990 4671 1011 4729 δ’
1027 4672 1095 4730 ἀλλα
1112 4673 1180 4732 κατδι
1192 4672 1239 4745 τὴν
1253 4675 1370 4754 ἱστορίαν
1383 4674 1475 4753 σχεδόν
1493 4698 1518 4732 τι
1538 4679 1552 4732 δ
1571 4674 1646 4741 αὖτδς
1659 4673 1705 4732 καί

934 4759 1048 4834 μάλιστα
1070 4761 1097 4818 ίν
1118 4769 1175 4827 ταῖς
1194 4765 1245 4819 τῶν
1270 4762 1384 4820 stertui
1412 4761 1539 4840 βασιλέων
1561 4760 1703 4825 διαόολαῖς.

933 4852 1011 4907 Δοκεῖ
1027 4848 1055 4908 δέ
1067 4872 1111 4924 μοι
1122 4851 1167 4906 καὶ
1178 4841 1249 4916 οὗτος
1267 4848 1312 4908 δύο
1326 4849 1456 4926 ἐκδόσεις,
1471 4849 1560 4926 ὥσπερ
1572 4850 1704 4922 κάκεῖνος,

933 4935 1114 5005 πεποιηκέναι·
1128 4935 1196 4994 ἀλλά
1206 4936 1297 4994 τούτου
1307 4935 1354 5012 μέν
1364 4935 1411 5006 τὴν
1422 4934 1550 5014 προτέραν
1564 4935 1610 4991 οὐκ
1622 4925 1705 4992 εἶδον·

933 5023 965 5092 ἣν
979 5022 1005 5079 δέ
1019 5022 1180 5099 ἀνέγνωμεν,
1199 5023 1327 5104 έπέγραρε
1341 5025 1415 5089 νέας
1430 5021 1604 5088 ἐκδόσεως,
1623 5019 1649 5088 ἐξ
1668 5011 1705 5078 εἷεν

936 5107 1079 5184 συμῦαλεῖν
1096 5099 1128 5180 ἦν
1140 5106 1185 5165 καί
1197 5107 1287 5186 ἑτέραν
1302 5109 1387 5188 αὐτῷ,
1400 5106 1491 5188 ὥσπερ
1505 5106 1599 5186 καὶτῷ
1621 5109 1705 5166 Εὐνε-
