<?xml version="1.0" encoding="UTF-8"?>
<!DOCTYPE html PUBLIC "-//W3C//DTD XHTML 1.0 Transitional//EN"
    "http://www.w3.org/TR/xhtml1/DTD/xhtml1-transitional.dtd">
<html xmlns="http://www.w3.org/1999/xhtml" xml:lang="en" lang="en">
 <head>
  <title>
</title>
<meta http-equiv="Content-Type" content="text/html;charset=utf-8" />
  <meta name='ocr-system' content='tesseract 3.04.00' />
  <meta name='ocr-capabilities' content='ocr_page ocr_carea ocr_par ocr_line ocrx_word'/>
</head>
<body>
  <div class='ocr_page' id='page_1' title='image "./fragmentahistor01antgoog_0576.png"; bbox 0 0 3930 5754; ppageno 0'>
   <div class='ocr_carea' id='block_1_1' title="bbox 210 319 1212 386">
    <p class='ocr_par' dir='ltr' id='par_1_1' title="bbox 210 319 1212 386">
     <span class='ocr_line' id='line_1_1' title="bbox 210 319 1212 386; baseline -0.007 0"><span class='ocrx_word' id='word_1_1' title='bbox 210 337 267 386; x_wconf 72' lang='lat' dir='ltr'><strong><em>stt</em></strong></span> <span class='ocrx_word' id='word_1_2' title='bbox 801 321 959 382; x_wconf 75' lang='lat' dir='ltr'>sothhts</span> <span class='ocrx_word' id='word_1_3' title='bbox 981 319 1212 382; x_wconf 70' lang='lat' dir='ltr'>eustochsht</span> 
     </span>
    </p>
   </div>
   <div class='ocr_carea' id='block_1_2' title="bbox 179 447 1817 3669">
    <p class='ocr_par' dir='ltr' id='par_1_2' title="bbox 179 447 1817 3669">
     <span class='ocr_line' id='line_1_2' title="bbox 209 447 1797 535; baseline -0.006 -22"><span class='ocrx_word' id='word_1_4' title='bbox 209 454 323 535; x_wconf 82' lang='grc' dir='ltr'>ήγεμόνα</span> <span class='ocrx_word' id='word_1_5' title='bbox 347 455 420 512; x_wconf 77' lang='grc' dir='ltr'>τοῦδε</span> <span class='ocrx_word' id='word_1_6' title='bbox 445 457 489 512; x_wconf 83' lang='grc' dir='ltr'>τοῦ</span> <span class='ocrx_word' id='word_1_7' title='bbox 520 453 635 528; x_wconf 87' lang='grc' dir='ltr'>πολέμου</span> <span class='ocrx_word' id='word_1_8' title='bbox 664 451 872 531; x_wconf 87' lang='grc' dir='ltr'>προεχειρίσατο.</span> <span class='ocrx_word' id='word_1_9' title='bbox 904 449 982 510; x_wconf 71' lang='lat' dir='ltr'><strong><em>’emt</em></strong></span> <span class='ocrx_word' id='word_1_10' title='bbox 1030 450 1127 516; x_wconf 86' lang='grc' dir='ltr'>πόλεως</span> <span class='ocrx_word' id='word_1_11' title='bbox 1146 450 1234 531; x_wconf 83' lang='grc' dir='ltr'>έτέραν</span> <span class='ocrx_word' id='word_1_12' title='bbox 1259 453 1347 527; x_wconf 89' lang='grc' dir='ltr'>εἰσῆγε</span> <span class='ocrx_word' id='word_1_13' title='bbox 1369 449 1565 528; x_wconf 78' lang='grc' dir='ltr'>χαλεπωτέραν.</span> <span class='ocrx_word' id='word_1_14' title='bbox 1582 447 1732 526; x_wconf 85' lang='grc' dir='ltr'>Δικτάτωρα</span> <span class='ocrx_word' id='word_1_15' title='bbox 1751 447 1797 524; x_wconf 73' lang='grc' dir='ltr'>μέν</span> 
     </span>
     <span class='ocr_line' id='line_1_3' title="bbox 209 533 1798 619; baseline -0.004 -19"><span class='ocrx_word' id='word_1_16' title='bbox 209 543 234 602; x_wconf 90' lang='grc' dir='ltr'>δί</span> <span class='ocrx_word' id='word_1_17' title='bbox 251 533 321 608; x_wconf 82' lang='grc' dir='ltr'>οὑτος</span> <span class='ocrx_word' id='word_1_18' title='bbox 340 540 409 600; x_wconf 83' lang='grc' dir='ltr'>κατδ</span> <span class='ocrx_word' id='word_1_19' title='bbox 425 541 473 610; x_wconf 77' lang='grc' dir='ltr'>τήν</span> <span class='ocrx_word' id='word_1_20' title='bbox 484 538 647 615; x_wconf 78' lang='grc' dir='ltr'>Καμπανίαν</span> <span class='ocrx_word' id='word_1_21' title='bbox 664 537 710 597; x_wconf 88' lang='grc' dir='ltr'>σὺν</span> <span class='ocrx_word' id='word_1_22' title='bbox 727 547 837 619; x_wconf 74' lang='grc' dir='ltr'>στρατιᾷ</span> <span class='ocrx_word' id='word_1_23' title='bbox 854 535 981 616; x_wconf 81' lang='grc' dir='ltr'>διίτριθε,</span> <span class='ocrx_word' id='word_1_24' title='bbox 1029 537 1079 618; x_wconf 87' lang='grc' dir='ltr'>γάρ</span> <span class='ocrx_word' id='word_1_25' title='bbox 1094 543 1196 599; x_wconf 85' lang='grc' dir='ltr'>ἀνεῖπεν</span> <span class='ocrx_word' id='word_1_26' title='bbox 1216 539 1321 598; x_wconf 83' lang='grc' dir='ltr'>ίαυτόν·</span> <span class='ocrx_word' id='word_1_27' title='bbox 1340 538 1479 616; x_wconf 88' lang='grc' dir='ltr'>ἐμπληκτα</span> <span class='ocrx_word' id='word_1_28' title='bbox 1500 537 1528 596; x_wconf 80' lang='grc' dir='ltr'>δέ</span> <span class='ocrx_word' id='word_1_29' title='bbox 1542 537 1587 596; x_wconf 91' lang='grc' dir='ltr'>καί</span> <span class='ocrx_word' id='word_1_30' title='bbox 1600 536 1757 616; x_wconf 78' lang='grc' dir='ltr'>ἀπάνθρωπα</span> <span class='ocrx_word' id='word_1_31' title='bbox 1771 537 1798 600; x_wconf 87' lang='grc' dir='ltr'>’ές</span> 
     </span>
     <span class='ocr_line' id='line_1_4' title="bbox 207 622 1798 705; baseline -0.003 -19"><span class='ocrx_word' id='word_1_32' title='bbox 207 628 251 686; x_wconf 82' lang='grc' dir='ltr'>τὸν</span> <span class='ocrx_word' id='word_1_33' title='bbox 272 628 408 700; x_wconf 77' lang='grc' dir='ltr'>κινηθέντα</span> <span class='ocrx_word' id='word_1_34' title='bbox 423 630 473 685; x_wconf 81' lang='grc' dir='ltr'>τῶν</span> <span class='ocrx_word' id='word_1_35' title='bbox 488 625 636 705; x_wconf 89' lang='grc' dir='ltr'>συμμάχων</span> <span class='ocrx_word' id='word_1_36' title='bbox 654 625 768 702; x_wconf 90' lang='grc' dir='ltr'>πόλεμον</span> <span class='ocrx_word' id='word_1_37' title='bbox 779 624 981 701; x_wconf 87' lang='grc' dir='ltr'>καθιστάμενος,</span> <span class='ocrx_word' id='word_1_38' title='bbox 1030 649 1057 684; x_wconf 92' lang='grc' dir='ltr'>τε</span> <span class='ocrx_word' id='word_1_39' title='bbox 1078 626 1137 694; x_wconf 84' lang='grc' dir='ltr'>τούς</span> <span class='ocrx_word' id='word_1_40' title='bbox 1157 625 1327 692; x_wconf 86' lang='grc' dir='ltr'>πολίταςκαὶ</span> <span class='ocrx_word' id='word_1_41' title='bbox 1351 625 1409 692; x_wconf 84' lang='grc' dir='ltr'>τούς</span> <span class='ocrx_word' id='word_1_42' title='bbox 1423 625 1517 693; x_wconf 85' lang='grc' dir='ltr'>ἀλλους</span> <span class='ocrx_word' id='word_1_43' title='bbox 1540 624 1669 695; x_wconf 82' lang='grc' dir='ltr'>ὑπηκόους</span> <span class='ocrx_word' id='word_1_44' title='bbox 1693 622 1798 682; x_wconf 76' lang='grc' dir='ltr'>ἐπιπολὺ</span> 
     </span>
     <span class='ocr_line' id='line_1_5' title="bbox 208 705 1797 793; baseline -0.003 -21"><span class='ocrx_word' id='word_1_45' title='bbox 208 717 320 793; x_wconf 82' lang='grc' dir='ltr'>ἀναιρῶν</span> <span class='ocrx_word' id='word_1_46' title='bbox 342 737 371 772; x_wconf 89' lang='grc' dir='ltr'>τε</span> <span class='ocrx_word' id='word_1_47' title='bbox 394 713 458 793; x_wconf 77' lang='grc' dir='ltr'>ὅπερ</span> <span class='ocrx_word' id='word_1_48' title='bbox 482 705 513 784; x_wconf 79' lang='grc' dir='ltr'>ῆν</span> <span class='ocrx_word' id='word_1_49' title='bbox 536 714 614 784; x_wconf 85' lang='grc' dir='ltr'>τῆσδε</span> <span class='ocrx_word' id='word_1_50' title='bbox 641 715 687 782; x_wconf 90' lang='grc' dir='ltr'>τῆς</span> <span class='ocrx_word' id='word_1_51' title='bbox 708 715 825 790; x_wconf 80' lang='grc' dir='ltr'>ταραχῆς</span> <span class='ocrx_word' id='word_1_52' title='bbox 848 711 983 792; x_wconf 78' lang='grc' dir='ltr'>λείψανον,</span> <span class='ocrx_word' id='word_1_53' title='bbox 1030 714 1208 793; x_wconf 76' lang='grc' dir='ltr'>διεπράττετο,</span> <span class='ocrx_word' id='word_1_54' title='bbox 1229 716 1258 772; x_wconf 84' lang='grc' dir='ltr'>οὑ</span> <span class='ocrx_word' id='word_1_55' title='bbox 1279 713 1331 789; x_wconf 81' lang='grc' dir='ltr'>μὴν</span> <span class='ocrx_word' id='word_1_56' title='bbox 1350 713 1417 770; x_wconf 84' lang='grc' dir='ltr'>ἀλλά</span> <span class='ocrx_word' id='word_1_57' title='bbox 1439 711 1673 792; x_wconf 82' lang='grc' dir='ltr'>οὑτωγετῇτύχῃ</span> <span class='ocrx_word' id='word_1_58' title='bbox 1694 711 1797 770; x_wconf 86' lang='grc' dir='ltr'>κατεπί-</span> 
     </span>
     <span class='ocr_line' id='line_1_6' title="bbox 209 797 1799 881; baseline -0.004 -19"><span class='ocrx_word' id='word_1_59' title='bbox 209 807 224 859; x_wconf 86' lang='grc' dir='ltr'>θ</span> <span class='ocrx_word' id='word_1_60' title='bbox 246 801 347 881; x_wconf 82' lang='grc' dir='ltr'>Μάριος</span> <span class='ocrx_word' id='word_1_61' title='bbox 367 799 528 878; x_wconf 82' lang='grc' dir='ltr'>ἐπιθυμήσας</span> <span class='ocrx_word' id='word_1_62' title='bbox 551 804 598 871; x_wconf 71' lang='grc' dir='ltr'>τῆς</span> <span class='ocrx_word' id='word_1_63' title='bbox 622 799 665 858; x_wconf 79' lang='grc' dir='ltr'>ἐπὶ</span> <span class='ocrx_word' id='word_1_64' title='bbox 688 798 734 869; x_wconf 77' lang='grc' dir='ltr'>τήν</span> <span class='ocrx_word' id='word_1_65' title='bbox 759 797 845 858; x_wconf 74' lang='grc' dir='ltr'>Ἀσίαν</span> <span class='ocrx_word' id='word_1_66' title='bbox 871 819 984 878; x_wconf 89' lang='grc' dir='ltr'>στρατη·</span> <span class='ocrx_word' id='word_1_67' title='bbox 1030 823 1121 860; x_wconf 88' lang='grc' dir='ltr'>στευτε</span> <span class='ocrx_word' id='word_1_68' title='bbox 1135 801 1198 880; x_wconf 83' lang='grc' dir='ltr'>πρὸς</span> <span class='ocrx_word' id='word_1_69' title='bbox 1208 799 1313 858; x_wconf 76' lang='grc' dir='ltr'>ἅπασαν</span> <span class='ocrx_word' id='word_1_70' title='bbox 1328 803 1398 880; x_wconf 79' lang='grc' dir='ltr'>αὐτῷ</span> <span class='ocrx_word' id='word_1_71' title='bbox 1411 798 1560 876; x_wconf 83' lang='grc' dir='ltr'>μιταόολήν</span> <span class='ocrx_word' id='word_1_72' title='bbox 1575 799 1661 868; x_wconf 79' lang='grc' dir='ltr'>δεξιῶς</span> <span class='ocrx_word' id='word_1_73' title='bbox 1672 799 1799 878; x_wconf 72' lang='grc' dir='ltr'>ἑπομένη,</span> 
     </span>
     <span class='ocr_line' id='line_1_7' title="bbox 210 883 1800 968; baseline -0.007 -13"><span class='ocrx_word' id='word_1_74' title='bbox 210 889 303 955; x_wconf 73' lang='grc' dir='ltr'>λασίας</span> <span class='ocrx_word' id='word_1_75' title='bbox 326 886 372 946; x_wconf 71' lang='grc' dir='ltr'>καί</span> <span class='ocrx_word' id='word_1_76' title='bbox 401 885 558 968; x_wconf 77' lang='grc' dir='ltr'>προτλαύίον</span> <span class='ocrx_word' id='word_1_77' title='bbox 580 885 736 946; x_wconf 81' lang='grc' dir='ltr'>Σουλπίκιον</span> <span class='ocrx_word' id='word_1_78' title='bbox 765 883 809 944; x_wconf 86' lang='grc' dir='ltr'>τδν</span> <span class='ocrx_word' id='word_1_79' title='bbox 836 884 983 964; x_wconf 76' lang='grc' dir='ltr'>δήμαρχον,</span> <span class='ocrx_word' id='word_1_80' title='bbox 1030 889 1097 946; x_wconf 83' lang='grc' dir='ltr'>ὥστε</span> <span class='ocrx_word' id='word_1_81' title='bbox 1107 888 1218 954; x_wconf 82' lang='grc' dir='ltr'>πολλοὺς</span> <span class='ocrx_word' id='word_1_82' title='bbox 1232 888 1280 965; x_wconf 85' lang='grc' dir='ltr'>μίν</span> <span class='ocrx_word' id='word_1_83' title='bbox 1294 889 1460 967; x_wconf 86' lang='grc' dir='ltr'>ἀνῃρηκότα,</span> <span class='ocrx_word' id='word_1_84' title='bbox 1476 887 1619 959; x_wconf 78' lang='grc' dir='ltr'>καινότητα</span> <span class='ocrx_word' id='word_1_85' title='bbox 1639 885 1666 945; x_wconf 85' lang='grc' dir='ltr'>δέ</span> <span class='ocrx_word' id='word_1_86' title='bbox 1677 887 1800 958; x_wconf 87' lang='grc' dir='ltr'>τοσαύτην</span> 
     </span>
     <span class='ocr_line' id='line_1_8' title="bbox 210 969 1801 1055; baseline -0.004 -17"><span class='ocrx_word' id='word_1_87' title='bbox 210 973 290 1055; x_wconf 72' lang='grc' dir='ltr'>ἄνδρα</span> <span class='ocrx_word' id='word_1_88' title='bbox 303 969 433 1052; x_wconf 61' lang='grc' dir='ltr'>μοχθηρίαν</span> <span class='ocrx_word' id='word_1_89' title='bbox 452 971 497 1032; x_wconf 72' lang='grc' dir='ltr'>καί</span> <span class='ocrx_word' id='word_1_90' title='bbox 507 971 573 1049; x_wconf 55' lang='lat' dir='ltr'><strong><em>tut&amp;</em></strong></span> <span class='ocrx_word' id='word_1_91' title='bbox 587 973 673 1042; x_wconf 70' lang='grc' dir='ltr'>πόσης</span> <span class='ocrx_word' id='word_1_92' title='bbox 683 971 781 1048; x_wconf 72' lang='grc' dir='ltr'>τόλμης</span> <span class='ocrx_word' id='word_1_93' title='bbox 796 971 840 1030; x_wconf 78' lang='grc' dir='ltr'>καί</span> <span class='ocrx_word' id='word_1_94' title='bbox 852 971 986 1049; x_wconf 73' lang='grc' dir='ltr'>ὠμότητος</span> <span class='ocrx_word' id='word_1_95' title='bbox 1032 977 1068 1042; x_wconf 90' lang='grc' dir='ltr'>εἰς</span> <span class='ocrx_word' id='word_1_96' title='bbox 1080 974 1126 1047; x_wconf 77' lang='grc' dir='ltr'>τήν</span> <span class='ocrx_word' id='word_1_97' title='bbox 1138 977 1269 1034; x_wconf 85' lang='grc' dir='ltr'>πολιτείαν</span> <span class='ocrx_word' id='word_1_98' title='bbox 1287 974 1509 1052; x_wconf 87' lang='grc' dir='ltr'>εἰσενεγκάμενον,</span> <span class='ocrx_word' id='word_1_99' title='bbox 1525 974 1668 1034; x_wconf 87' lang='grc' dir='ltr'>ἀποθέσθαι</span> <span class='ocrx_word' id='word_1_100' title='bbox 1683 972 1728 1044; x_wconf 74' lang='grc' dir='ltr'>τήν</span> <span class='ocrx_word' id='word_1_101' title='bbox 1740 977 1801 1032; x_wconf 76' lang='lat' dir='ltr'><strong>dru-</strong></span> 
     </span>
     <span class='ocr_line' id='line_1_9' title="bbox 210 1053 1800 1143; baseline -0.003 -21"><span class='ocrx_word' id='word_1_102' title='bbox 210 1061 256 1132; x_wconf 73' lang='grc' dir='ltr'>τῆν</span> <span class='ocrx_word' id='word_1_103' title='bbox 271 1059 381 1136; x_wconf 77' lang='grc' dir='ltr'>Ῥώμην</span> <span class='ocrx_word' id='word_1_104' title='bbox 397 1059 577 1138; x_wconf 85' lang='grc' dir='ltr'>ταράττοντα,</span> <span class='ocrx_word' id='word_1_105' title='bbox 594 1059 711 1138; x_wconf 67' lang='grc' dir='ltr'>βιάζεται</span> <span class='ocrx_word' id='word_1_106' title='bbox 726 1057 820 1130; x_wconf 74' lang='grc' dir='ltr'>αλθθαῑ</span> <span class='ocrx_word' id='word_1_107' title='bbox 833 1057 878 1117; x_wconf 63' lang='grc' dir='ltr'>καί</span> <span class='ocrx_word' id='word_1_108' title='bbox 898 1058 985 1124; x_wconf 71' lang='grc' dir='ltr'>θαλίας</span> <span class='ocrx_word' id='word_1_109' title='bbox 1031 1063 1154 1122; x_wconf 89' lang='grc' dir='ltr'>πεὺθυνον</span> <span class='ocrx_word' id='word_1_110' title='bbox 1175 1063 1268 1143; x_wconf 75' lang='grc' dir='ltr'>ἀρχὴν,</span> <span class='ocrx_word' id='word_1_111' title='bbox 1288 1060 1332 1120; x_wconf 87' lang='grc' dir='ltr'>καί</span> <span class='ocrx_word' id='word_1_112' title='bbox 1346 1061 1389 1120; x_wconf 79' lang='grc' dir='ltr'>τὸν</span> <span class='ocrx_word' id='word_1_113' title='bbox 1411 1062 1492 1137; x_wconf 85' lang='grc' dir='ltr'>δῆμον</span> <span class='ocrx_word' id='word_1_114' title='bbox 1514 1053 1585 1128; x_wconf 72' lang='grc' dir='ltr'>αὖθις</span> <span class='ocrx_word' id='word_1_115' title='bbox 1605 1064 1656 1120; x_wconf 87' lang='grc' dir='ltr'>τῶν</span> <span class='ocrx_word' id='word_1_116' title='bbox 1674 1064 1800 1119; x_wconf 79' lang='grc' dir='ltr'>ὑπατικῶν</span> 
     </span>
     <span class='ocr_line' id='line_1_10' title="bbox 179 1144 1801 1231; baseline -0.006 -17"><span class='ocrx_word' id='word_1_117' title='bbox 179 1211 181 1216; x_wconf 90' lang='grc'>,</span> <span class='ocrx_word' id='word_1_118' title='bbox 208 1149 256 1218; x_wconf 70' lang='grc' dir='ltr'>τὴν</span> <span class='ocrx_word' id='word_1_119' title='bbox 272 1147 366 1226; x_wconf 70' lang='grc' dir='ltr'>βανλνλν</span> <span class='ocrx_word' id='word_1_120' title='bbox 389 1145 466 1205; x_wconf 63' lang='grc' dir='ltr'>αὖαῦ*</span> <span class='ocrx_word' id='word_1_121' title='bbox 480 1145 661 1226; x_wconf 70' lang='grc' dir='ltr'>αἰναῑααίαῑτῷ</span> <span class='ocrx_word' id='word_1_122' title='bbox 685 1147 845 1224; x_wconf 80' lang='grc' dir='ltr'>Μιθριδάτῃ.</span> <span class='ocrx_word' id='word_1_123' title='bbox 865 1144 920 1206; x_wconf 73' lang='lat' dir='ltr'>het</span> <span class='ocrx_word' id='word_1_124' title='bbox 941 1144 984 1204; x_wconf 79' lang='grc' dir='ltr'>τον</span> <span class='ocrx_word' id='word_1_125' title='bbox 1032 1153 1205 1231; x_wconf 83' lang='grc' dir='ltr'>ἀρχαιρεσιῶν</span> <span class='ocrx_word' id='word_1_126' title='bbox 1222 1153 1353 1230; x_wconf 86' lang='grc' dir='ltr'>ἀποφῆναι</span> <span class='ocrx_word' id='word_1_127' title='bbox 1366 1147 1465 1227; x_wconf 88' lang='grc' dir='ltr'>κύριον·</span> <span class='ocrx_word' id='word_1_128' title='bbox 1481 1148 1566 1207; x_wconf 81' lang='grc' dir='ltr'>καίτοι</span> <span class='ocrx_word' id='word_1_129' title='bbox 1576 1147 1693 1209; x_wconf 86' lang='grc' dir='ltr'>Λεπίδου</span> <span class='ocrx_word' id='word_1_130' title='bbox 1707 1151 1801 1226; x_wconf 89' lang='grc' dir='ltr'>παρελ-</span> 
     </span>
     <span class='ocr_line' id='line_1_11' title="bbox 211 1231 1801 1312; baseline 0 -18"><span class='ocrx_word' id='word_1_131' title='bbox 211 1236 315 1296; x_wconf 79' lang='grc' dir='ltr'>Σύλλαν</span> <span class='ocrx_word' id='word_1_132' title='bbox 335 1233 387 1292; x_wconf 85' lang='grc' dir='ltr'>ἀπδ</span> <span class='ocrx_word' id='word_1_133' title='bbox 406 1233 580 1312; x_wconf 84' lang='grc' dir='ltr'>στρατοπέδου</span> <span class='ocrx_word' id='word_1_134' title='bbox 598 1231 714 1311; x_wconf 86' lang='grc' dir='ltr'>πάροντα</span> <span class='ocrx_word' id='word_1_135' title='bbox 729 1237 822 1312; x_wconf 76' lang='grc' dir='ltr'>μικροῦ</span> <span class='ocrx_word' id='word_1_136' title='bbox 844 1231 891 1307; x_wconf 84' lang='grc' dir='ltr'>μέν</span> <span class='ocrx_word' id='word_1_137' title='bbox 911 1231 983 1302; x_wconf 79' lang='grc' dir='ltr'>ἐδίη·</span> <span class='ocrx_word' id='word_1_138' title='bbox 1031 1239 1083 1296; x_wconf 82' lang='grc' dir='ltr'>θεῖν</span> <span class='ocrx_word' id='word_1_139' title='bbox 1104 1241 1139 1305; x_wconf 89' lang='grc' dir='ltr'>εἰς</span> <span class='ocrx_word' id='word_1_140' title='bbox 1164 1237 1211 1308; x_wconf 77' lang='grc' dir='ltr'>τήν</span> <span class='ocrx_word' id='word_1_141' title='bbox 1233 1236 1358 1296; x_wconf 87' lang='grc' dir='ltr'>ὑπατείαν</span> <span class='ocrx_word' id='word_1_142' title='bbox 1384 1237 1426 1294; x_wconf 84' lang='grc' dir='ltr'>διά</span> <span class='ocrx_word' id='word_1_143' title='bbox 1451 1241 1495 1295; x_wconf 79' lang='grc' dir='ltr'>τοῦ</span> <span class='ocrx_word' id='word_1_144' title='bbox 1517 1237 1659 1312; x_wconf 83' lang='grc' dir='ltr'>Πομπηίου</span> <span class='ocrx_word' id='word_1_145' title='bbox 1681 1235 1739 1310; x_wconf 83' lang='grc' dir='ltr'>περί</span> <span class='ocrx_word' id='word_1_146' title='bbox 1760 1234 1801 1294; x_wconf 69' lang='grc' dir='ltr'>τόν</span> 
     </span>
     <span class='ocr_line' id='line_1_12' title="bbox 212 1318 1799 1404; baseline -0.005 -18"><span class='ocrx_word' id='word_1_147' title='bbox 212 1345 253 1381; x_wconf 77' lang='grc' dir='ltr'>ναν</span> <span class='ocrx_word' id='word_1_148' title='bbox 267 1324 383 1380; x_wconf 71' lang='grc' dir='ltr'>ἀνελεῖν·</span> <span class='ocrx_word' id='word_1_149' title='bbox 399 1321 455 1379; x_wconf 77' lang='grc' dir='ltr'>ίανί</span> <span class='ocrx_word' id='word_1_150' title='bbox 469 1319 495 1378; x_wconf 65' lang='grc' dir='ltr'>δὲ</span> <span class='ocrx_word' id='word_1_151' title='bbox 511 1324 653 1400; x_wconf 57' lang='grc' dir='ltr'>ονγςωρςῗν</span> <span class='ocrx_word' id='word_1_152' title='bbox 672 1318 747 1386; x_wconf 73' lang='grc' dir='ltr'>αὐτὸς</span> <span class='ocrx_word' id='word_1_153' title='bbox 759 1318 808 1399; x_wconf 73' lang='grc' dir='ltr'>ἐφη</span> <span class='ocrx_word' id='word_1_154' title='bbox 823 1321 875 1385; x_wconf 71' lang='grc' dir='ltr'>ταῖς</span> <span class='ocrx_word' id='word_1_155' title='bbox 884 1318 986 1396; x_wconf 72' lang='grc' dir='ltr'>ταναρί·</span> <span class='ocrx_word' id='word_1_156' title='bbox 1032 1325 1113 1404; x_wconf 84' lang='grc' dir='ltr'>ἀνδρα</span> <span class='ocrx_word' id='word_1_157' title='bbox 1126 1325 1240 1394; x_wconf 79' lang='grc' dir='ltr'>σπουδὴν</span> <span class='ocrx_word' id='word_1_158' title='bbox 1254 1321 1484 1404; x_wconf 85' lang='grc' dir='ltr'>προσδοκωμένου,</span> <span class='ocrx_word' id='word_1_159' title='bbox 1501 1323 1590 1402; x_wconf 78' lang='grc' dir='ltr'>ἀνδρὸς</span> <span class='ocrx_word' id='word_1_160' title='bbox 1602 1322 1761 1402; x_wconf 84' lang='grc' dir='ltr'>θρασυτάτου</span> <span class='ocrx_word' id='word_1_161' title='bbox 1774 1345 1799 1378; x_wconf 87' lang='grc' dir='ltr'>τε</span> 
     </span>
     <span class='ocr_line' id='line_1_13' title="bbox 212 1397 1801 1489; baseline -0.007 -12"><span class='ocrx_word' id='word_1_162' title='bbox 212 1433 274 1481; x_wconf 65' lang='grc' dir='ltr'>ναις,</span> <span class='ocrx_word' id='word_1_163' title='bbox 288 1412 406 1489; x_wconf 67' lang='grc' dir='ltr'>ααρῆααα</span> <span class='ocrx_word' id='word_1_164' title='bbox 423 1410 524 1480; x_wconf 71' lang='grc' dir='ltr'>ἆααθῆ·</span> <span class='ocrx_word' id='word_1_165' title='bbox 545 1408 600 1468; x_wconf 73' lang='grc' dir='ltr'>Καί</span> <span class='ocrx_word' id='word_1_166' title='bbox 620 1407 647 1476; x_wconf 70' lang='grc' dir='ltr'>ὃς</span> <span class='ocrx_word' id='word_1_167' title='bbox 668 1409 821 1488; x_wconf 60' lang='grc' dir='ltr'>ἀγαιόμενος</span> <span class='ocrx_word' id='word_1_168' title='bbox 834 1397 907 1473; x_wconf 64' lang='grc' dir='ltr'>αὖθίς</span> <span class='ocrx_word' id='word_1_169' title='bbox 924 1406 986 1487; x_wconf 67' lang='grc' dir='ltr'>πρὸς</span> <span class='ocrx_word' id='word_1_170' title='bbox 1031 1412 1076 1471; x_wconf 90' lang='grc' dir='ltr'>καί</span> <span class='ocrx_word' id='word_1_171' title='bbox 1097 1415 1120 1472; x_wconf 89' lang='grc' dir='ltr'>οἰ</span> <span class='ocrx_word' id='word_1_172' title='bbox 1143 1409 1176 1470; x_wconf 80' lang='grc' dir='ltr'>τά</span> <span class='ocrx_word' id='word_1_173' title='bbox 1197 1412 1311 1488; x_wconf 87' lang='grc' dir='ltr'>μάλιστα</span> <span class='ocrx_word' id='word_1_174' title='bbox 1333 1409 1472 1486; x_wconf 87' lang='grc' dir='ltr'>πολεμίου·</span> <span class='ocrx_word' id='word_1_175' title='bbox 1494 1411 1555 1468; x_wconf 80' lang='grc' dir='ltr'>ἀλλ’</span> <span class='ocrx_word' id='word_1_176' title='bbox 1568 1409 1639 1484; x_wconf 78' lang='grc' dir='ltr'>ὅμως</span> <span class='ocrx_word' id='word_1_177' title='bbox 1660 1411 1686 1466; x_wconf 82' lang='grc' dir='ltr'>ἐν</span> <span class='ocrx_word' id='word_1_178' title='bbox 1706 1409 1801 1466; x_wconf 78' lang='grc' dir='ltr'>ἰδιώτου</span> 
     </span>
     <span class='ocr_line' id='line_1_14' title="bbox 210 1487 1800 1577; baseline -0.006 -15"><span class='ocrx_word' id='word_1_179' title='bbox 210 1495 269 1562; x_wconf 74' lang='grc' dir='ltr'>τοὺς</span> <span class='ocrx_word' id='word_1_180' title='bbox 284 1495 459 1577; x_wconf 76' lang='grc' dir='ltr'>στρατιώτας,</span> <span class='ocrx_word' id='word_1_181' title='bbox 479 1495 524 1554; x_wconf 75' lang='grc' dir='ltr'>καί</span> <span class='ocrx_word' id='word_1_182' title='bbox 536 1493 569 1553; x_wconf 80' lang='grc' dir='ltr'>τί</span> <span class='ocrx_word' id='word_1_183' title='bbox 582 1493 753 1576; x_wconf 75' lang='grc' dir='ltr'>πεπραγμένα</span> <span class='ocrx_word' id='word_1_184' title='bbox 773 1493 904 1562; x_wconf 76' lang='grc' dir='ltr'>διεξελθὼν</span> <span class='ocrx_word' id='word_1_185' title='bbox 921 1493 985 1553; x_wconf 78' lang='grc' dir='ltr'>ἐπί·</span> <span class='ocrx_word' id='word_1_186' title='bbox 1031 1499 1101 1568; x_wconf 76' lang='grc' dir='ltr'>τάξει</span> <span class='ocrx_word' id='word_1_187' title='bbox 1115 1499 1160 1557; x_wconf 75' lang='grc' dir='ltr'>κοί</span> <span class='ocrx_word' id='word_1_188' title='bbox 1182 1497 1300 1575; x_wconf 67' lang='grc' dir='ltr'>ἰσηγορίᾳ</span> <span class='ocrx_word' id='word_1_189' title='bbox 1313 1501 1367 1562; x_wconf 76' lang='grc' dir='ltr'>τοῖς</span> <span class='ocrx_word' id='word_1_190' title='bbox 1382 1497 1487 1564; x_wconf 77' lang='grc' dir='ltr'>πολλοῖς</span> <span class='ocrx_word' id='word_1_191' title='bbox 1507 1499 1622 1556; x_wconf 78' lang='grc' dir='ltr'>ἐντεῦθεν</span> <span class='ocrx_word' id='word_1_192' title='bbox 1636 1487 1677 1566; x_wconf 79' lang='grc' dir='ltr'>ῆν.</span> <span class='ocrx_word' id='word_1_193' title='bbox 1693 1495 1800 1554; x_wconf 73' lang='grc' dir='ltr'>ἀποδο-</span> 
     </span>
     <span class='ocr_line' id='line_1_15' title="bbox 208 1578 1801 1664; baseline 0.001 -24"><span class='ocrx_word' id='word_1_194' title='bbox 208 1605 248 1659; x_wconf 87' lang='grc' dir='ltr'>γει</span> <span class='ocrx_word' id='word_1_195' title='bbox 266 1582 386 1660; x_wconf 77' lang='grc' dir='ltr'>τῆπόλει</span> <span class='ocrx_word' id='word_1_196' title='bbox 406 1581 612 1656; x_wconf 80' lang='grc' dir='ltr'>συντεταγμένην</span> <span class='ocrx_word' id='word_1_197' title='bbox 632 1578 679 1651; x_wconf 79' lang='grc' dir='ltr'>τήν</span> <span class='ocrx_word' id='word_1_198' title='bbox 702 1579 834 1660; x_wconf 73' lang='grc' dir='ltr'>στρατιάν,</span> <span class='ocrx_word' id='word_1_199' title='bbox 856 1579 901 1639; x_wconf 88' lang='grc' dir='ltr'>καί</span> <span class='ocrx_word' id='word_1_200' title='bbox 919 1603 985 1661; x_wconf 90' lang='grc' dir='ltr'>κρα-</span> <span class='ocrx_word' id='word_1_201' title='bbox 1031 1585 1134 1664; x_wconf 85' lang='grc' dir='ltr'>χθέντος</span> <span class='ocrx_word' id='word_1_202' title='bbox 1144 1585 1171 1643; x_wconf 83' lang='grc' dir='ltr'>δέ</span> <span class='ocrx_word' id='word_1_203' title='bbox 1182 1584 1282 1642; x_wconf 83' lang='grc' dir='ltr'>ὑπάτου</span> <span class='ocrx_word' id='word_1_204' title='bbox 1292 1582 1556 1664; x_wconf 85' lang='grc' dir='ltr'>Λεπίδου,χαίροντα</span> <span class='ocrx_word' id='word_1_205' title='bbox 1563 1586 1601 1662; x_wconf 82' lang='grc' dir='ltr'>τῷ</span> <span class='ocrx_word' id='word_1_206' title='bbox 1610 1581 1725 1660; x_wconf 88' lang='grc' dir='ltr'>γεγονότι</span> <span class='ocrx_word' id='word_1_207' title='bbox 1735 1585 1801 1657; x_wconf 87' lang='grc' dir='ltr'>Πομ·</span> 
     </span>
     <span class='ocr_line' id='line_1_16' title="bbox 209 1660 1802 1750; baseline 0.001 -24"><span class='ocrx_word' id='word_1_208' title='bbox 209 1671 249 1728; x_wconf 85' lang='grc' dir='ltr'><strong>τεῖ</strong></span> <span class='ocrx_word' id='word_1_209' title='bbox 268 1674 318 1728; x_wconf 82' lang='grc' dir='ltr'>τῶν</span> <span class='ocrx_word' id='word_1_210' title='bbox 333 1668 393 1749; x_wconf 84' lang='grc' dir='ltr'>περὶ</span> <span class='ocrx_word' id='word_1_211' title='bbox 407 1670 450 1728; x_wconf 82' lang='grc' dir='ltr'>τὸν</span> <span class='ocrx_word' id='word_1_212' title='bbox 470 1668 574 1750; x_wconf 86' lang='grc' dir='ltr'>Μάριον</span> <span class='ocrx_word' id='word_1_213' title='bbox 588 1666 809 1744; x_wconf 81' lang='grc' dir='ltr'>ἀντιταξαμένων,</span> <span class='ocrx_word' id='word_1_214' title='bbox 834 1666 936 1747; x_wconf 84' lang='grc' dir='ltr'>πρῶτός</span> <span class='ocrx_word' id='word_1_215' title='bbox 958 1689 986 1726; x_wconf 88' lang='grc' dir='ltr'>τε</span> <span class='ocrx_word' id='word_1_216' title='bbox 1032 1673 1110 1744; x_wconf 80' lang='grc' dir='ltr'>τιήιον</span> <span class='ocrx_word' id='word_1_217' title='bbox 1125 1672 1195 1744; x_wconf 81' lang='grc' dir='ltr'>ἰδὼν,</span> <span class='ocrx_word' id='word_1_218' title='bbox 1208 1699 1220 1723; x_wconf 82' lang='grc' dir='ltr'>ει</span> <span class='ocrx_word' id='word_1_219' title='bbox 1234 1661 1317 1748; x_wconf 74' lang='grc' dir='ltr'>Εὖγε,</span> <span class='ocrx_word' id='word_1_220' title='bbox 1332 1669 1381 1750; x_wconf 84' lang='grc' dir='ltr'>ἔφη</span> <span class='ocrx_word' id='word_1_221' title='bbox 1391 1717 1399 1749; x_wconf 87' lang='grc'>,</span> <span class='ocrx_word' id='word_1_222' title='bbox 1411 1675 1456 1742; x_wconf 83' lang='grc' dir='ltr'>τῆς</span> <span class='ocrx_word' id='word_1_223' title='bbox 1473 1671 1603 1744; x_wconf 78' lang='grc' dir='ltr'>σπουδῆς,</span> <span class='ocrx_word' id='word_1_224' title='bbox 1618 1660 1640 1728; x_wconf 76' lang='grc' dir='ltr'><em>ὦ</em></span> <span class='ocrx_word' id='word_1_225' title='bbox 1653 1669 1757 1742; x_wconf 85' lang='grc' dir='ltr'>νεανία,</span> <span class='ocrx_word' id='word_1_226' title='bbox 1767 1669 1802 1728; x_wconf 83' lang='grc' dir='ltr'>δτι</span> 
     </span>
     <span class='ocr_line' id='line_1_17' title="bbox 210 1753 1802 1838; baseline -0.003 -20"><span class='ocrx_word' id='word_1_227' title='bbox 210 1757 350 1835; x_wconf 82' lang='grc' dir='ltr'>Ῥωμαίων</span> <span class='ocrx_word' id='word_1_228' title='bbox 379 1755 426 1816; x_wconf 75' lang='grc' dir='ltr'>οὖν</span> <span class='ocrx_word' id='word_1_229' title='bbox 450 1756 538 1822; x_wconf 72' lang='grc' dir='ltr'>ὅπλοις</span> <span class='ocrx_word' id='word_1_230' title='bbox 558 1754 627 1822; x_wconf 71' lang='grc' dir='ltr'>ἐντὸς</span> <span class='ocrx_word' id='word_1_231' title='bbox 646 1753 781 1833; x_wconf 71' lang='grc' dir='ltr'>παρελθὼν</span> <span class='ocrx_word' id='word_1_232' title='bbox 805 1759 851 1824; x_wconf 72' lang='grc' dir='ltr'>τῆς</span> <span class='ocrx_word' id='word_1_233' title='bbox 873 1753 986 1829; x_wconf 71' lang='grc' dir='ltr'>πόλεως,</span> <span class='ocrx_word' id='word_1_234' title='bbox 1032 1757 1077 1818; x_wconf 89' lang='grc' dir='ltr'>καί</span> <span class='ocrx_word' id='word_1_235' title='bbox 1102 1759 1238 1818; x_wconf 83' lang='grc' dir='ltr'>ίίατούλου</span> <span class='ocrx_word' id='word_1_236' title='bbox 1265 1758 1389 1838; x_wconf 88' lang='grc' dir='ltr'>πρότερον</span> <span class='ocrx_word' id='word_1_237' title='bbox 1413 1757 1588 1836; x_wconf 86' lang='grc' dir='ltr'>ἀνηγόρευτας</span> <span class='ocrx_word' id='word_1_238' title='bbox 1615 1756 1741 1833; x_wconf 86' lang='grc' dir='ltr'>Λέπιδον,</span> <span class='ocrx_word' id='word_1_239' title='bbox 1762 1761 1802 1814; x_wconf 82' lang='grc' dir='ltr'>τοῦ</span> 
     </span>
     <span class='ocr_line' id='line_1_18' title="bbox 211 1840 1804 1922; baseline -0.003 -18"><span class='ocrx_word' id='word_1_240' title='bbox 211 1846 366 1905; x_wconf 81' lang='grc' dir='ltr'>Σουλπίκιον</span> <span class='ocrx_word' id='word_1_241' title='bbox 395 1847 444 1921; x_wconf 80' lang='grc' dir='ltr'>μέν</span> <span class='ocrx_word' id='word_1_242' title='bbox 467 1843 511 1902; x_wconf 86' lang='grc' dir='ltr'>τδν</span> <span class='ocrx_word' id='word_1_243' title='bbox 531 1843 665 1922; x_wconf 75' lang='grc' dir='ltr'>δήμαρχον</span> <span class='ocrx_word' id='word_1_244' title='bbox 689 1843 904 1918; x_wconf 79' lang='grc' dir='ltr'>καταμηνυθέντα</span> <span class='ocrx_word' id='word_1_245' title='bbox 924 1840 987 1920; x_wconf 77' lang='grc' dir='ltr'>πρὸς</span> <span class='ocrx_word' id='word_1_246' title='bbox 1032 1843 1137 1902; x_wconf 86' lang='grc' dir='ltr'>πάντων</span> <span class='ocrx_word' id='word_1_247' title='bbox 1154 1843 1260 1919; x_wconf 88' lang='grc' dir='ltr'>ἀρίστου</span> <span class='ocrx_word' id='word_1_248' title='bbox 1271 1847 1322 1902; x_wconf 83' lang='grc' dir='ltr'>τῶν</span> <span class='ocrx_word' id='word_1_249' title='bbox 1335 1845 1447 1903; x_wconf 82' lang='grc' dir='ltr'>πολιτῶν</span> <span class='ocrx_word' id='word_1_250' title='bbox 1459 1843 1502 1901; x_wconf 87' lang='grc' dir='ltr'>τδν</span> <span class='ocrx_word' id='word_1_251' title='bbox 1515 1842 1804 1920; x_wconf 81' lang='grc' dir='ltr'>ἐμπληκτότατον·ὤρα</span> 
     </span>
     <span class='ocr_line' id='line_1_19' title="bbox 210 1927 1804 2013; baseline -0.002 -25"><span class='ocrx_word' id='word_1_252' title='bbox 210 1937 254 1991; x_wconf 81' lang='grc' dir='ltr'>τοῦ</span> <span class='ocrx_word' id='word_1_253' title='bbox 276 1933 428 2013; x_wconf 86' lang='grc' dir='ltr'>θεράποντος</span> <span class='ocrx_word' id='word_1_254' title='bbox 447 1929 621 2010; x_wconf 76' lang='grc' dir='ltr'>ἀποτράπει,</span> <span class='ocrx_word' id='word_1_255' title='bbox 645 1929 745 2007; x_wconf 87' lang='grc' dir='ltr'>Μάριον</span> <span class='ocrx_word' id='word_1_256' title='bbox 768 1927 794 1988; x_wconf 87' lang='grc' dir='ltr'>δί</span> <span class='ocrx_word' id='word_1_257' title='bbox 819 1929 920 2007; x_wconf 82' lang='grc' dir='ltr'>φυγάδα</span> <span class='ocrx_word' id='word_1_258' title='bbox 941 1933 987 2000; x_wconf 88' lang='grc' dir='ltr'>τῆς</span> <span class='ocrx_word' id='word_1_259' title='bbox 1034 1930 1121 2008; x_wconf 87' lang='grc' dir='ltr'>μέντοι</span> <span class='ocrx_word' id='word_1_260' title='bbox 1135 1953 1176 1990; x_wconf 91' lang='grc' dir='ltr'>σοι</span> <span class='ocrx_word' id='word_1_261' title='bbox 1190 1937 1295 1988; x_wconf 86' lang='grc' dir='ltr'>σκοπεῖν</span> <span class='ocrx_word' id='word_1_262' title='bbox 1309 1927 1379 1998; x_wconf 74' lang='grc' dir='ltr'>ὅπως</span> <span class='ocrx_word' id='word_1_263' title='bbox 1390 1933 1450 2010; x_wconf 90' lang='grc' dir='ltr'>ἰσχυ</span> <span class='ocrx_word' id='word_1_264' title='bbox 1468 1931 1496 1988; x_wconf 83' lang='grc' dir='ltr'>ὸν</span> <span class='ocrx_word' id='word_1_265' title='bbox 1507 1929 1629 2007; x_wconf 87' lang='grc' dir='ltr'>γεγονότα</span> <span class='ocrx_word' id='word_1_266' title='bbox 1641 1927 1804 2008; x_wconf 88' lang='grc' dir='ltr'>καταγωνίση</span> 
     </span>
     <span class='ocr_line' id='line_1_20' title="bbox 209 2015 1807 2095; baseline -0.001 -19"><span class='ocrx_word' id='word_1_267' title='bbox 209 2018 309 2086; x_wconf 81' lang='grc' dir='ltr'>πόλεως</span> <span class='ocrx_word' id='word_1_268' title='bbox 321 2019 361 2079; x_wconf 72' lang='lat'><strong>⁴⁸⁴¹.</strong></span> <span class='ocrx_word' id='word_1_269' title='bbox 1033 2018 1076 2076; x_wconf 85' lang='grc' dir='ltr'>τὸν</span> <span class='ocrx_word' id='word_1_270' title='bbox 1091 2018 1242 2078; x_wconf 81' lang='grc' dir='ltr'>ἀντίπαλον.</span> <span class='ocrx_word' id='word_1_271' title='bbox 1260 2043 1271 2070; x_wconf 83' lang='grc' dir='ltr'>ν</span> <span class='ocrx_word' id='word_1_272' title='bbox 1285 2019 1372 2078; x_wconf 77' lang='grc' dir='ltr'>Τοῦτο</span> <span class='ocrx_word' id='word_1_273' title='bbox 1383 2015 1431 2094; x_wconf 84' lang='grc' dir='ltr'>μέν</span> <span class='ocrx_word' id='word_1_274' title='bbox 1442 2040 1486 2076; x_wconf 91' lang='grc' dir='ltr'>ουν</span> <span class='ocrx_word' id='word_1_275' title='bbox 1501 2021 1515 2074; x_wconf 82' lang='grc' dir='ltr'><strong>ὁ</strong></span> <span class='ocrx_word' id='word_1_276' title='bbox 1530 2015 1635 2084; x_wconf 90' lang='grc' dir='ltr'>Σύλλας</span> <span class='ocrx_word' id='word_1_277' title='bbox 1645 2016 1736 2095; x_wconf 77' lang='grc' dir='ltr'>ὥσπερ</span> <span class='ocrx_word' id='word_1_278' title='bbox 1750 2019 1807 2074; x_wconf 88' lang='grc' dir='ltr'>ἀπε·</span> 
     </span>
     <span class='ocr_line' id='line_1_21' title="bbox 573 2103 1806 2185; baseline -0.007 -16"><span class='ocrx_word' id='word_1_279' title='bbox 573 2115 621 2172; x_wconf 84' lang='grc'>68.</span> <span class='ocrx_word' id='word_1_280' title='bbox 1034 2105 1148 2166; x_wconf 86' lang='grc' dir='ltr'>θίσπισε.</span> <span class='ocrx_word' id='word_1_281' title='bbox 1173 2108 1239 2166; x_wconf 85' lang='grc' dir='ltr'>Μετ’</span> <span class='ocrx_word' id='word_1_282' title='bbox 1254 2105 1339 2182; x_wconf 80' lang='grc' dir='ltr'>ὀλίγον</span> <span class='ocrx_word' id='word_1_283' title='bbox 1368 2105 1418 2185; x_wconf 81' lang='grc' dir='ltr'>γάρ</span> <span class='ocrx_word' id='word_1_284' title='bbox 1443 2103 1579 2184; x_wconf 79' lang='grc' dir='ltr'>ἐξυὺρίτας</span> <span class='ocrx_word' id='word_1_285' title='bbox 1601 2107 1626 2171; x_wconf 85' lang='grc' dir='ltr'>ἰς</span> <span class='ocrx_word' id='word_1_286' title='bbox 1650 2103 1698 2176; x_wconf 77' lang='grc' dir='ltr'>τήν</span> <span class='ocrx_word' id='word_1_287' title='bbox 1725 2105 1806 2182; x_wconf 79' lang='grc' dir='ltr'>ἀρχὴν</span> 
     </span>
     <span class='ocr_line' id='line_1_22' title="bbox 248 2189 1807 2286; baseline -0.006 -20"><span class='ocrx_word' id='word_1_288' title='bbox 248 2210 368 2286; x_wconf 85' lang='lat' dir='ltr'><strong>lbid.p.</strong></span> <span class='ocrx_word' id='word_1_289' title='bbox 387 2209 443 2284; x_wconf 82' lang='lat'>793</span> <span class='ocrx_word' id='word_1_290' title='bbox 460 2230 467 2264; x_wconf 71' lang='grc' dir='ltr'>ε</span> <span class='ocrx_word' id='word_1_291' title='bbox 483 2206 547 2267; x_wconf 85' lang='grc' dir='ltr'>Ὅτι</span> <span class='ocrx_word' id='word_1_292' title='bbox 569 2205 701 2278; x_wconf 88' lang='grc' dir='ltr'>ληξάντων</span> <span class='ocrx_word' id='word_1_293' title='bbox 717 2209 769 2264; x_wconf 83' lang='grc' dir='ltr'>τῶν</span> <span class='ocrx_word' id='word_1_294' title='bbox 791 2205 924 2286; x_wconf 74' lang='grc' dir='ltr'>ἐμφυλίων</span> <span class='ocrx_word' id='word_1_295' title='bbox 938 2228 988 2266; x_wconf 87' lang='grc' dir='ltr'>πο-</span> <span class='ocrx_word' id='word_1_296' title='bbox 1034 2197 1048 2250; x_wconf 73' lang='grc' dir='ltr'>θ</span> <span class='ocrx_word' id='word_1_297' title='bbox 1071 2192 1197 2266; x_wconf 68' lang='grc' dir='ltr'>Λίαῑδας,</span> <span class='ocrx_word' id='word_1_298' title='bbox 1220 2191 1342 2269; x_wconf 71' lang='grc' dir='ltr'>ααδίμῑας</span> <span class='ocrx_word' id='word_1_299' title='bbox 1371 2190 1485 2264; x_wconf 74' lang='grc' dir='ltr'>αααίατη</span> <span class='ocrx_word' id='word_1_300' title='bbox 1506 2199 1558 2258; x_wconf 71' lang='grc' dir='ltr'>τοῖς</span> <span class='ocrx_word' id='word_1_301' title='bbox 1581 2189 1641 2272; x_wconf 74' lang='grc' dir='ltr'>ααρί</span> <span class='ocrx_word' id='word_1_302' title='bbox 1663 2190 1708 2250; x_wconf 54' lang='lat' dir='ltr'>fvt</span> <span class='ocrx_word' id='word_1_303' title='bbox 1734 2193 1807 2268; x_wconf 70' lang='grc' dir='ltr'>Πῦρ·</span> 
     </span>
     <span class='ocr_line' id='line_1_23' title="bbox 211 2279 1120 2376; baseline 0 -24"><span class='ocrx_word' id='word_1_304' title='bbox 211 2294 298 2371; x_wconf 83' lang='grc' dir='ltr'>λε’μων</span> <span class='ocrx_word' id='word_1_305' title='bbox 310 2294 382 2376; x_wconf 87' lang='grc' dir='ltr'>φόνοι</span> <span class='ocrx_word' id='word_1_306' title='bbox 396 2293 442 2352; x_wconf 87' lang='grc' dir='ltr'>καί</span> <span class='ocrx_word' id='word_1_307' title='bbox 457 2293 606 2374; x_wconf 77' lang='grc' dir='ltr'>προγραφαὶ</span> <span class='ocrx_word' id='word_1_308' title='bbox 628 2297 680 2350; x_wconf 85' lang='grc' dir='ltr'>τῶν</span> <span class='ocrx_word' id='word_1_309' title='bbox 701 2295 832 2372; x_wconf 84' lang='grc' dir='ltr'>ἐπιφανῶν</span> <span class='ocrx_word' id='word_1_310' title='bbox 845 2291 923 2350; x_wconf 87' lang='grc' dir='ltr'>οίκων</span> <span class='ocrx_word' id='word_1_311' title='bbox 937 2292 987 2349; x_wconf 88' lang='grc' dir='ltr'>διε·</span> <span class='ocrx_word' id='word_1_312' title='bbox 1034 2279 1120 2352; x_wconf 61' lang='grc' dir='ltr'>ἀίων·</span> 
     </span>
     <span class='ocr_line' id='line_1_24' title="bbox 203 2357 1808 2456; baseline -0.011 -15"><span class='ocrx_word' id='word_1_313' title='bbox 203 2382 312 2450; x_wconf 80' lang='grc' dir='ltr'>δέξαντο</span> <span class='ocrx_word' id='word_1_314' title='bbox 327 2381 373 2452; x_wconf 80' lang='grc' dir='ltr'>τὴν</span> <span class='ocrx_word' id='word_1_315' title='bbox 392 2380 512 2456; x_wconf 86' lang='grc' dir='ltr'>Ῥώμην,</span> <span class='ocrx_word' id='word_1_316' title='bbox 534 2383 559 2447; x_wconf 88' lang='grc' dir='ltr'>ἐς</span> <span class='ocrx_word' id='word_1_317' title='bbox 583 2389 637 2438; x_wconf 71' lang='grc' dir='ltr'>πᾶν</span> <span class='ocrx_word' id='word_1_318' title='bbox 656 2378 798 2446; x_wconf 75' lang='grc' dir='ltr'>ἐπεξιόντος</span> <span class='ocrx_word' id='word_1_319' title='bbox 818 2384 863 2436; x_wconf 85' lang='grc' dir='ltr'>τοὺ</span> <span class='ocrx_word' id='word_1_320' title='bbox 884 2378 988 2440; x_wconf 82' lang='grc' dir='ltr'>Σύλλου</span> <span class='ocrx_word' id='word_1_321' title='bbox 1075 2366 1209 2436; x_wconf 61' lang='grc' dir='ltr'>Καλλίαςῶς</span> <span class='ocrx_word' id='word_1_322' title='bbox 1220 2389 1248 2425; x_wconf 68' lang='lat'>³!</span> <span class='ocrx_word' id='word_1_323' title='bbox 1268 2357 1339 2433; x_wconf 65' lang='grc' dir='ltr'>αὖθις</span> <span class='ocrx_word' id='word_1_324' title='bbox 1352 2365 1477 2446; x_wconf 78' lang='grc' dir='ltr'>ἐμφυλίου</span> <span class='ocrx_word' id='word_1_325' title='bbox 1493 2365 1630 2444; x_wconf 79' lang='grc' dir='ltr'>γενομένης</span> <span class='ocrx_word' id='word_1_326' title='bbox 1646 2365 1751 2426; x_wconf 84' lang='grc' dir='ltr'>Σύλλαν</span> <span class='ocrx_word' id='word_1_327' title='bbox 1769 2367 1808 2424; x_wconf 77' lang='grc' dir='ltr'>ἐπί</span> 
     </span>
     <span class='ocr_line' id='line_1_25' title="bbox 211 2452 1807 2544; baseline -0.001 -18"><span class='ocrx_word' id='word_1_328' title='bbox 211 2477 262 2537; x_wconf 88' lang='grc' dir='ltr'>τοῖς</span> <span class='ocrx_word' id='word_1_329' title='bbox 286 2467 513 2540; x_wconf 85' lang='grc' dir='ltr'>ἀντιστασιώταις,</span> <span class='ocrx_word' id='word_1_330' title='bbox 537 2471 571 2532; x_wconf 80' lang='grc' dir='ltr'>ὡς</span> <span class='ocrx_word' id='word_1_331' title='bbox 597 2466 644 2537; x_wconf 79' lang='grc' dir='ltr'>τὴν</span> <span class='ocrx_word' id='word_1_332' title='bbox 669 2465 774 2544; x_wconf 88' lang='grc' dir='ltr'>Μαρίου</span> <span class='ocrx_word' id='word_1_333' title='bbox 797 2463 917 2536; x_wconf 81' lang='grc' dir='ltr'>τελευτήν</span> <span class='ocrx_word' id='word_1_334' title='bbox 942 2467 989 2524; x_wconf 87' lang='grc' dir='ltr'>οὑκ</span> <span class='ocrx_word' id='word_1_335' title='bbox 1034 2453 1080 2527; x_wconf 70' lang='grc' dir='ltr'>αλλ</span> <span class='ocrx_word' id='word_1_336' title='bbox 1102 2454 1272 2514; x_wconf 65' lang='grc' dir='ltr'>ααααῐῦθαναν</span> <span class='ocrx_word' id='word_1_337' title='bbox 1292 2452 1408 2535; x_wconf 61' lang='grc' dir='ltr'>ἅρχὶἰαθ</span> <span class='ocrx_word' id='word_1_338' title='bbox 1430 2453 1571 2530; x_wconf 69' lang='grc' dir='ltr'>Ῥωμαίων</span> <span class='ocrx_word' id='word_1_339' title='bbox 1591 2453 1671 2532; x_wconf 73' lang='grc' dir='ltr'>βααίαἰ</span> <span class='ocrx_word' id='word_1_340' title='bbox 1693 2453 1807 2532; x_wconf 63' lang='grc' dir='ltr'>αραῑὸαί·</span> 
     </span>
     <span class='ocr_line' id='line_1_26' title="bbox 211 2539 1810 2633; baseline -0.003 -20"><span class='ocrx_word' id='word_1_341' title='bbox 211 2555 380 2633; x_wconf 76' lang='grc' dir='ltr'>ἀπαλλαγήν,</span> <span class='ocrx_word' id='word_1_342' title='bbox 402 2553 470 2614; x_wconf 80' lang='grc' dir='ltr'>ἀλλά</span> <span class='ocrx_word' id='word_1_343' title='bbox 494 2551 642 2632; x_wconf 79' lang='grc' dir='ltr'>μετσὺολήν</span> <span class='ocrx_word' id='word_1_344' title='bbox 665 2552 813 2632; x_wconf 89' lang='grc' dir='ltr'>τυραννίδος</span> <span class='ocrx_word' id='word_1_345' title='bbox 835 2556 988 2628; x_wconf 87' lang='grc' dir='ltr'>νομισθῆναι</span> <span class='ocrx_word' id='word_1_346' title='bbox 1034 2546 1104 2602; x_wconf 79' lang='grc' dir='ltr'>λετο.</span> <span class='ocrx_word' id='word_1_347' title='bbox 1118 2546 1180 2603; x_wconf 81' lang='grc' dir='ltr'>Τῶν</span> <span class='ocrx_word' id='word_1_348' title='bbox 1198 2542 1248 2622; x_wconf 84' lang='grc' dir='ltr'>γάρ</span> <span class='ocrx_word' id='word_1_349' title='bbox 1265 2541 1367 2601; x_wconf 81' lang='grc' dir='ltr'>ἱππίων</span> <span class='ocrx_word' id='word_1_350' title='bbox 1388 2541 1444 2616; x_wconf 74' lang='grc' dir='ltr'>ἅμα</span> <span class='ocrx_word' id='word_1_351' title='bbox 1466 2541 1570 2598; x_wconf 84' lang='grc' dir='ltr'>πάντων</span> <span class='ocrx_word' id='word_1_352' title='bbox 1586 2539 1810 2622; x_wconf 71' lang='grc' dir='ltr'>συμφραξαμὲνονν</span> 
     </span>
     <span class='ocr_line' id='line_1_27' title="bbox 210 2619 1811 2722; baseline -0.003 -29"><span class='ocrx_word' id='word_1_353' title='bbox 210 2643 362 2720; x_wconf 72' lang='grc' dir='ltr'>Ῥωμαίοις,</span> <span class='ocrx_word' id='word_1_354' title='bbox 380 2641 422 2701; x_wconf 72' lang='grc' dir='ltr'>Τὰ</span> <span class='ocrx_word' id='word_1_355' title='bbox 441 2641 489 2718; x_wconf 66' lang='grc' dir='ltr'>μὲν</span> <span class='ocrx_word' id='word_1_356' title='bbox 506 2642 556 2722; x_wconf 77' lang='grc' dir='ltr'>γὰρ</span> <span class='ocrx_word' id='word_1_357' title='bbox 571 2645 663 2720; x_wconf 73' lang='grc' dir='ltr'>πρῶτα</span> <span class='ocrx_word' id='word_1_358' title='bbox 679 2638 737 2708; x_wconf 77' lang='grc' dir='ltr'>τοὺς</span> <span class='ocrx_word' id='word_1_359' title='bbox 754 2640 885 2720; x_wconf 74' lang='grc' dir='ltr'>ἐχθίστους</span> <span class='ocrx_word' id='word_1_360' title='bbox 900 2642 923 2699; x_wconf 77' lang='grc' dir='ltr'>οἱ</span> <span class='ocrx_word' id='word_1_361' title='bbox 938 2641 989 2699; x_wconf 79' lang='grc' dir='ltr'>τῶν</span> <span class='ocrx_word' id='word_1_362' title='bbox 1035 2633 1082 2691; x_wconf 84' lang='grc' dir='ltr'>οὒκ</span> <span class='ocrx_word' id='word_1_363' title='bbox 1093 2631 1198 2690; x_wconf 84' lang='grc' dir='ltr'>ἀνεκτθν</span> <span class='ocrx_word' id='word_1_364' title='bbox 1210 2624 1242 2702; x_wconf 80' lang='grc' dir='ltr'>ῆν</span> <span class='ocrx_word' id='word_1_365' title='bbox 1259 2636 1311 2697; x_wconf 83' lang='grc' dir='ltr'>τοῖς</span> <span class='ocrx_word' id='word_1_366' title='bbox 1331 2633 1358 2690; x_wconf 90' lang='grc' dir='ltr'>ἐν</span> <span class='ocrx_word' id='word_1_367' title='bbox 1372 2631 1451 2692; x_wconf 86' lang='grc' dir='ltr'>τέλεί.</span> <span class='ocrx_word' id='word_1_368' title='bbox 1470 2628 1504 2691; x_wconf 81' lang='lat'>‘0</span> <span class='ocrx_word' id='word_1_369' title='bbox 1523 2629 1570 2706; x_wconf 80' lang='grc' dir='ltr'>μίν</span> <span class='ocrx_word' id='word_1_370' title='bbox 1583 2619 1626 2687; x_wconf 79' lang='grc' dir='ltr'>οἰίν</span> <span class='ocrx_word' id='word_1_371' title='bbox 1649 2630 1754 2696; x_wconf 85' lang='grc' dir='ltr'>Σύλλας</span> <span class='ocrx_word' id='word_1_372' title='bbox 1770 2631 1811 2688; x_wconf 79' lang='grc' dir='ltr'>ἐπὶ</span> 
     </span>
     <span class='ocr_line' id='line_1_28' title="bbox 212 2715 1811 2806; baseline -0.001 -19"><span class='ocrx_word' id='word_1_373' title='bbox 212 2731 323 2788; x_wconf 84' lang='grc' dir='ltr'>πολιτῶν</span> <span class='ocrx_word' id='word_1_374' title='bbox 347 2727 462 2787; x_wconf 83' lang='grc' dir='ltr'>ἐκποδὼν</span> <span class='ocrx_word' id='word_1_375' title='bbox 482 2729 640 2800; x_wconf 88' lang='grc' dir='ltr'>ποιήσασθαι</span> <span class='ocrx_word' id='word_1_376' title='bbox 660 2727 819 2806; x_wconf 84' lang='grc' dir='ltr'>διεγνωκὼς,</span> <span class='ocrx_word' id='word_1_377' title='bbox 841 2728 883 2786; x_wconf 75' lang='grc' dir='ltr'>διὰ</span> <span class='ocrx_word' id='word_1_378' title='bbox 902 2727 989 2799; x_wconf 87' lang='grc' dir='ltr'>πάσης</span> <span class='ocrx_word' id='word_1_379' title='bbox 1034 2719 1082 2790; x_wconf 57' lang='lat' dir='ltr'>*ht</span> <span class='ocrx_word' id='word_1_380' title='bbox 1096 2717 1233 2800; x_wconf 63' lang='grc' dir='ltr'>ῑίραιμέίην</span> <span class='ocrx_word' id='word_1_381' title='bbox 1254 2719 1334 2776; x_wconf 58' lang='grc' dir='ltr'>ἐλθὼν</span> <span class='ocrx_word' id='word_1_382' title='bbox 1355 2716 1449 2796; x_wconf 61' lang='grc' dir='ltr'>ἀρχὴν,</span> <span class='ocrx_word' id='word_1_383' title='bbox 1474 2716 1594 2792; x_wconf 62' lang='grc' dir='ltr'>σύνθημα</span> <span class='ocrx_word' id='word_1_384' title='bbox 1619 2717 1671 2782; x_wconf 67' lang='grc' dir='ltr'>ααἷς</span> <span class='ocrx_word' id='word_1_385' title='bbox 1685 2715 1811 2786; x_wconf 60' lang='grc' dir='ltr'>ααῖααίθ</span> 
     </span>
     <span class='ocr_line' id='line_1_29' title="bbox 213 2802 1811 2895; baseline -0.005 -21"><span class='ocrx_word' id='word_1_386' title='bbox 213 2815 347 2891; x_wconf 79' lang='grc' dir='ltr'>ὠμότητος</span> <span class='ocrx_word' id='word_1_387' title='bbox 356 2813 458 2895; x_wconf 76' lang='grc' dir='ltr'>ἐπεξῄει</span> <span class='ocrx_word' id='word_1_388' title='bbox 469 2814 515 2886; x_wconf 86' lang='grc' dir='ltr'>τήν</span> <span class='ocrx_word' id='word_1_389' title='bbox 525 2839 554 2874; x_wconf 90' lang='grc' dir='ltr'>τε</span> <span class='ocrx_word' id='word_1_390' title='bbox 569 2815 643 2874; x_wconf 91' lang='grc' dir='ltr'>πόλιν</span> <span class='ocrx_word' id='word_1_391' title='bbox 654 2815 700 2874; x_wconf 91' lang='grc' dir='ltr'>καί</span> <span class='ocrx_word' id='word_1_392' title='bbox 711 2814 758 2886; x_wconf 77' lang='grc' dir='ltr'>τὴν</span> <span class='ocrx_word' id='word_1_393' title='bbox 771 2813 853 2886; x_wconf 90' lang='grc' dir='ltr'>ἀλλην</span> <span class='ocrx_word' id='word_1_394' title='bbox 861 2815 986 2875; x_wconf 84' lang='grc' dir='ltr'>Ἰταλίαν.</span> <span class='ocrx_word' id='word_1_395' title='bbox 1035 2807 1150 2866; x_wconf 72' lang='grc' dir='ltr'>Ἰταλίαν</span> <span class='ocrx_word' id='word_1_396' title='bbox 1175 2805 1284 2882; x_wconf 76' lang='grc' dir='ltr'>ἀνθραάῑ</span> <span class='ocrx_word' id='word_1_397' title='bbox 1304 2804 1390 2863; x_wconf 72' lang='grc' dir='ltr'>λαθὼν</span> <span class='ocrx_word' id='word_1_398' title='bbox 1414 2804 1531 2872; x_wconf 72' lang='grc' dir='ltr'>ἅααλῐας</span> <span class='ocrx_word' id='word_1_399' title='bbox 1551 2803 1610 2870; x_wconf 61' lang='lat' dir='ltr'>cehe</span> <span class='ocrx_word' id='word_1_400' title='bbox 1634 2807 1681 2874; x_wconf 67' lang='grc' dir='ltr'>τῆς</span> <span class='ocrx_word' id='word_1_401' title='bbox 1703 2802 1811 2878; x_wconf 66' lang='grc' dir='ltr'>Ῥώμης</span> 
     </span>
     <span class='ocr_line' id='line_1_30' title="bbox 212 2889 1813 2983; baseline -0.004 -21"><span class='ocrx_word' id='word_1_402' title='bbox 212 2903 348 2962; x_wconf 81' lang='grc' dir='ltr'>Τελευτῶν</span> <span class='ocrx_word' id='word_1_403' title='bbox 360 2903 386 2960; x_wconf 86' lang='grc' dir='ltr'>δέ</span> <span class='ocrx_word' id='word_1_404' title='bbox 401 2902 471 2962; x_wconf 88' lang='grc' dir='ltr'>ἐστιν</span> <span class='ocrx_word' id='word_1_405' title='bbox 482 2901 525 2970; x_wconf 88' lang='grc' dir='ltr'>οθς</span> <span class='ocrx_word' id='word_1_406' title='bbox 538 2901 556 2974; x_wconf 79' lang='grc' dir='ltr'>ἢ</span> <span class='ocrx_word' id='word_1_407' title='bbox 568 2901 712 2983; x_wconf 89' lang='grc' dir='ltr'>χρημάτων</span> <span class='ocrx_word' id='word_1_408' title='bbox 724 2899 741 2972; x_wconf 89' lang='grc' dir='ltr'>ῆ</span> <span class='ocrx_word' id='word_1_409' title='bbox 759 2903 900 2978; x_wconf 86' lang='grc' dir='ltr'>κτημάτων</span> <span class='ocrx_word' id='word_1_410' title='bbox 915 2901 989 2962; x_wconf 77' lang='grc' dir='ltr'>ἕνεκα</span> <span class='ocrx_word' id='word_1_411' title='bbox 1036 2895 1142 2970; x_wconf 67' lang='grc' dir='ltr'>ἔδωκαν,</span> <span class='ocrx_word' id='word_1_412' title='bbox 1154 2892 1297 2972; x_wconf 71' lang='grc' dir='ltr'>α’γχααρίδῑα</span> <span class='ocrx_word' id='word_1_413' title='bbox 1306 2915 1335 2951; x_wconf 74' lang='grc' dir='ltr'>τα</span> <span class='ocrx_word' id='word_1_414' title='bbox 1349 2889 1442 2958; x_wconf 72' lang='grc' dir='ltr'>αὖααθς</span> <span class='ocrx_word' id='word_1_415' title='bbox 1460 2891 1519 2972; x_wconf 55' lang='lat' dir='ltr'>fifth</span> <span class='ocrx_word' id='word_1_416' title='bbox 1537 2889 1721 2966; x_wconf 68' lang='grc' dir='ltr'>αθμῑίαμὲναας</span> <span class='ocrx_word' id='word_1_417' title='bbox 1732 2890 1813 2946; x_wconf 68' lang='grc' dir='ltr'>αἷαὶλ·</span> 
     </span>
     <span class='ocr_line' id='line_1_31' title="bbox 213 2974 1814 3070; baseline -0.005 -23"><span class='ocrx_word' id='word_1_418' title='bbox 213 2991 254 3047; x_wconf 85' lang='grc' dir='ltr'>ἐπ’</span> <span class='ocrx_word' id='word_1_419' title='bbox 278 2988 389 3068; x_wconf 73' lang='grc' dir='ltr'>ὠφελοίη</span> <span class='ocrx_word' id='word_1_420' title='bbox 412 2993 464 3048; x_wconf 84' lang='grc' dir='ltr'>τῶν</span> <span class='ocrx_word' id='word_1_421' title='bbox 488 2992 581 3049; x_wconf 76' lang='grc' dir='ltr'>ἑαυτοῦ</span> <span class='ocrx_word' id='word_1_422' title='bbox 602 2990 683 3069; x_wconf 83' lang='grc' dir='ltr'>φιλων</span> <span class='ocrx_word' id='word_1_423' title='bbox 701 2989 832 3070; x_wconf 86' lang='grc' dir='ltr'>διέφθειρε.</span> <span class='ocrx_word' id='word_1_424' title='bbox 878 2989 990 3066; x_wconf 80' lang='grc' dir='ltr'>Λέγεται</span> <span class='ocrx_word' id='word_1_425' title='bbox 1036 2987 1088 3041; x_wconf 76' lang='grc' dir='ltr'>θεῖν</span> <span class='ocrx_word' id='word_1_426' title='bbox 1114 2984 1148 3048; x_wconf 62' lang='grc' dir='ltr'>εἰς</span> <span class='ocrx_word' id='word_1_427' title='bbox 1173 2981 1221 3050; x_wconf 69' lang='grc' dir='ltr'>τίνα</span> <span class='ocrx_word' id='word_1_428' title='bbox 1241 2980 1317 3038; x_wconf 68' lang='grc' dir='ltr'>πίλα</span> <span class='ocrx_word' id='word_1_429' title='bbox 1341 2978 1509 3060; x_wconf 67' lang='grc' dir='ltr'>αρααίααίαν,</span> <span class='ocrx_word' id='word_1_430' title='bbox 1531 2977 1643 3050; x_wconf 67' lang='grc' dir='ltr'>θαηνίαα</span> <span class='ocrx_word' id='word_1_431' title='bbox 1668 2979 1715 3046; x_wconf 66' lang='grc' dir='ltr'>τῆς</span> <span class='ocrx_word' id='word_1_432' title='bbox 1736 2974 1814 3039; x_wconf 83' lang='grc' dir='ltr'>Ῥέας</span> 
     </span>
     <span class='ocr_line' id='line_1_32' title="bbox 210 3062 1815 3149; baseline -0.002 -25"><span class='ocrx_word' id='word_1_433' title='bbox 210 3073 270 3145; x_wconf 79' lang='grc' dir='ltr'>γοῦν</span> <span class='ocrx_word' id='word_1_434' title='bbox 287 3067 393 3128; x_wconf 85' lang='grc' dir='ltr'>Κόϊντον</span> <span class='ocrx_word' id='word_1_435' title='bbox 405 3068 485 3148; x_wconf 84' lang='grc' dir='ltr'>ἀνδρα</span> <span class='ocrx_word' id='word_1_436' title='bbox 499 3069 625 3148; x_wconf 86' lang='grc' dir='ltr'>ἐπιφανῆ,</span> <span class='ocrx_word' id='word_1_437' title='bbox 644 3070 746 3140; x_wconf 76' lang='grc' dir='ltr'>ἐπιεικῆ</span> <span class='ocrx_word' id='word_1_438' title='bbox 760 3091 787 3126; x_wconf 89' lang='grc' dir='ltr'>τε</span> <span class='ocrx_word' id='word_1_439' title='bbox 800 3066 846 3125; x_wconf 89' lang='grc' dir='ltr'>καί</span> <span class='ocrx_word' id='word_1_440' title='bbox 858 3067 990 3146; x_wconf 82' lang='grc' dir='ltr'>σώφρονα,</span> <span class='ocrx_word' id='word_1_441' title='bbox 1036 3068 1135 3149; x_wconf 86' lang='grc' dir='ltr'>ἡμέραν</span> <span class='ocrx_word' id='word_1_442' title='bbox 1147 3067 1350 3147; x_wconf 81' lang='grc' dir='ltr'>πανηγυρίζουσι</span> <span class='ocrx_word' id='word_1_443' title='bbox 1363 3065 1505 3144; x_wconf 84' lang='grc' dir='ltr'>Ῥωμαῖοι,</span> <span class='ocrx_word' id='word_1_444' title='bbox 1517 3068 1552 3131; x_wconf 82' lang='grc' dir='ltr'>ὡς</span> <span class='ocrx_word' id='word_1_445' title='bbox 1566 3064 1597 3123; x_wconf 83' lang='grc' dir='ltr'>δν</span> <span class='ocrx_word' id='word_1_446' title='bbox 1610 3065 1645 3122; x_wconf 89' lang='grc' dir='ltr'>δι’</span> <span class='ocrx_word' id='word_1_447' title='bbox 1656 3065 1744 3122; x_wconf 80' lang='grc' dir='ltr'>αὐτῶν</span> <span class='ocrx_word' id='word_1_448' title='bbox 1757 3062 1815 3129; x_wconf 85' lang='grc' dir='ltr'>τσὺς</span> 
     </span>
     <span class='ocr_line' id='line_1_33' title="bbox 204 3142 1815 3234; baseline -0.004 -22"><span class='ocrx_word' id='word_1_449' title='bbox 204 3155 344 3233; x_wconf 79' lang='grc' dir='ltr'>οὐδετέρας</span> <span class='ocrx_word' id='word_1_450' title='bbox 357 3151 404 3231; x_wconf 80' lang='grc' dir='ltr'>μέν</span> <span class='ocrx_word' id='word_1_451' title='bbox 418 3155 542 3234; x_wconf 88' lang='grc' dir='ltr'>γεγονότα</span> <span class='ocrx_word' id='word_1_452' title='bbox 563 3155 682 3234; x_wconf 89' lang='grc' dir='ltr'>μερίδος,</span> <span class='ocrx_word' id='word_1_453' title='bbox 698 3155 830 3224; x_wconf 89' lang='grc' dir='ltr'>ἀδοκήτως</span> <span class='ocrx_word' id='word_1_454' title='bbox 849 3155 876 3212; x_wconf 81' lang='grc' dir='ltr'>δὲ</span> <span class='ocrx_word' id='word_1_455' title='bbox 895 3157 922 3214; x_wconf 80' lang='grc' dir='ltr'>ἐν</span> <span class='ocrx_word' id='word_1_456' title='bbox 939 3163 991 3222; x_wconf 83' lang='grc' dir='ltr'>τοῖς</span> <span class='ocrx_word' id='word_1_457' title='bbox 1036 3160 1082 3228; x_wconf 89' lang='grc' dir='ltr'>τῆς</span> <span class='ocrx_word' id='word_1_458' title='bbox 1096 3154 1195 3222; x_wconf 89' lang='grc' dir='ltr'>πολεως</span> <span class='ocrx_word' id='word_1_459' title='bbox 1209 3157 1298 3222; x_wconf 85' lang='grc' dir='ltr'>ίππεῑς</span> <span class='ocrx_word' id='word_1_460' title='bbox 1314 3155 1499 3234; x_wconf 83' lang='grc' dir='ltr'>διαχρήσηται.</span> <span class='ocrx_word' id='word_1_461' title='bbox 1527 3151 1562 3212; x_wconf 88' lang='grc' dir='ltr'><strong>Ὁ</strong></span> <span class='ocrx_word' id='word_1_462' title='bbox 1578 3151 1626 3227; x_wconf 84' lang='grc' dir='ltr'>μέν</span> <span class='ocrx_word' id='word_1_463' title='bbox 1636 3142 1681 3209; x_wconf 78' lang='grc' dir='ltr'>σύν</span> <span class='ocrx_word' id='word_1_464' title='bbox 1693 3151 1755 3228; x_wconf 83' lang='grc' dir='ltr'>περὶ</span> <span class='ocrx_word' id='word_1_465' title='bbox 1769 3150 1815 3220; x_wconf 82' lang='grc' dir='ltr'>τῆν</span> 
     </span>
     <span class='ocr_line' id='line_1_34' title="bbox 210 3237 1815 3320; baseline -0.002 -23"><span class='ocrx_word' id='word_1_466' title='bbox 210 3239 452 3320; x_wconf 85' lang='grc' dir='ltr'>προγεγραμμένοις</span> <span class='ocrx_word' id='word_1_467' title='bbox 470 3242 629 3317; x_wconf 85' lang='grc' dir='ltr'>θεασάμενον</span> <span class='ocrx_word' id='word_1_468' title='bbox 651 3241 752 3316; x_wconf 76' lang='grc' dir='ltr'>ἐαυτὸν,</span> <span class='ocrx_word' id='word_1_469' title='bbox 769 3269 781 3295; x_wconf 81' lang='grc' dir='ltr'>ι</span> <span class='ocrx_word' id='word_1_470' title='bbox 800 3241 881 3318; x_wconf 89' lang='grc' dir='ltr'>Οίμοι</span> <span class='ocrx_word' id='word_1_471' title='bbox 894 3243 989 3314; x_wconf 90' lang='grc' dir='ltr'>τάλας,</span> <span class='ocrx_word' id='word_1_472' title='bbox 1036 3241 1151 3303; x_wconf 86' lang='grc' dir='ltr'>Ἰταλίαν</span> <span class='ocrx_word' id='word_1_473' title='bbox 1165 3242 1242 3320; x_wconf 78' lang='grc' dir='ltr'>ὄχλος</span> <span class='ocrx_word' id='word_1_474' title='bbox 1259 3240 1362 3300; x_wconf 88' lang='grc' dir='ltr'>ἐναντία</span> <span class='ocrx_word' id='word_1_475' title='bbox 1382 3241 1434 3306; x_wconf 77' lang='grc' dir='ltr'>τοίς</span> <span class='ocrx_word' id='word_1_476' title='bbox 1449 3237 1619 3318; x_wconf 80' lang='grc' dir='ltr'>στρατιώταις</span> <span class='ocrx_word' id='word_1_477' title='bbox 1630 3241 1733 3318; x_wconf 81' lang='grc' dir='ltr'>φρονῶν</span> <span class='ocrx_word' id='word_1_478' title='bbox 1745 3237 1815 3295; x_wconf 86' lang='grc' dir='ltr'>κατδι</span> 
     </span>
     <span class='ocr_line' id='line_1_35' title="bbox 207 3324 1817 3409; baseline -0.002 -23"><span class='ocrx_word' id='word_1_479' title='bbox 207 3333 302 3399; x_wconf 84' lang='grc' dir='ltr'>εἰπεῖν,</span> <span class='ocrx_word' id='word_1_480' title='bbox 320 3329 407 3388; x_wconf 85' lang='grc' dir='ltr'>διώκει</span> <span class='ocrx_word' id='word_1_481' title='bbox 419 3353 452 3405; x_wconf 90' lang='grc' dir='ltr'>με</span> <span class='ocrx_word' id='word_1_482' title='bbox 471 3329 501 3388; x_wconf 81' lang='grc' dir='ltr'>τὸ</span> <span class='ocrx_word' id='word_1_483' title='bbox 517 3333 545 3388; x_wconf 90' lang='grc' dir='ltr'>ἐν</span> <span class='ocrx_word' id='word_1_484' title='bbox 559 3329 692 3397; x_wconf 82' lang='grc' dir='ltr'>Ἀλὺανοῖς</span> <span class='ocrx_word' id='word_1_485' title='bbox 701 3330 830 3409; x_wconf 75' lang='grc' dir='ltr'>χωρίον.»</span> <span class='ocrx_word' id='word_1_486' title='bbox 844 3329 898 3391; x_wconf 68' lang='lat' dir='ltr'>het</span> <span class='ocrx_word' id='word_1_487' title='bbox 911 3332 992 3408; x_wconf 77' lang='grc' dir='ltr'>ὀρθῶς</span> <span class='ocrx_word' id='word_1_488' title='bbox 1036 3327 1082 3400; x_wconf 77' lang='grc' dir='ltr'>τήν</span> <span class='ocrx_word' id='word_1_489' title='bbox 1096 3329 1242 3408; x_wconf 72' lang='grc' dir='ltr'>ὡρισμένην</span> <span class='ocrx_word' id='word_1_490' title='bbox 1253 3327 1413 3397; x_wconf 86' lang='grc' dir='ltr'>ἀπήντησεν.</span> <span class='ocrx_word' id='word_1_491' title='bbox 1425 3325 1578 3404; x_wconf 70' lang='grc' dir='ltr'>’ἀρξάμενός</span> <span class='ocrx_word' id='word_1_492' title='bbox 1591 3347 1619 3382; x_wconf 87' lang='grc' dir='ltr'>τε</span> <span class='ocrx_word' id='word_1_493' title='bbox 1632 3327 1678 3393; x_wconf 79' lang='grc' dir='ltr'>τῆς</span> <span class='ocrx_word' id='word_1_494' title='bbox 1689 3324 1817 3402; x_wconf 74' lang='grc' dir='ltr'>ἐμφυλίου</span> 
     </span>
     <span class='ocr_line' id='line_1_36' title="bbox 211 3411 1817 3496; baseline -0.002 -24"><span class='ocrx_word' id='word_1_495' title='bbox 211 3437 240 3490; x_wconf 88' lang='grc' dir='ltr'>γε</span> <span class='ocrx_word' id='word_1_496' title='bbox 265 3415 425 3482; x_wconf 81' lang='grc' dir='ltr'>Σαλούστιος</span> <span class='ocrx_word' id='word_1_497' title='bbox 446 3419 461 3474; x_wconf 86' lang='grc' dir='ltr'>θ</span> <span class='ocrx_word' id='word_1_498' title='bbox 486 3415 618 3493; x_wconf 86' lang='grc' dir='ltr'>Ῥωμαῖος</span> <span class='ocrx_word' id='word_1_499' title='bbox 642 3415 803 3496; x_wconf 79' lang='grc' dir='ltr'>συγγραφεύς</span> <span class='ocrx_word' id='word_1_500' title='bbox 831 3415 880 3496; x_wconf 86' lang='grc' dir='ltr'>ίφη</span> <span class='ocrx_word' id='word_1_501' title='bbox 903 3417 991 3482; x_wconf 87' lang='grc' dir='ltr'>καλοῖς</span> <span class='ocrx_word' id='word_1_502' title='bbox 1037 3416 1178 3487; x_wconf 89' lang='grc' dir='ltr'>κινήσεως,</span> <span class='ocrx_word' id='word_1_503' title='bbox 1193 3414 1249 3491; x_wconf 79' lang='grc' dir='ltr'>ἀμα</span> <span class='ocrx_word' id='word_1_504' title='bbox 1265 3437 1292 3472; x_wconf 93' lang='grc' dir='ltr'>τε</span> <span class='ocrx_word' id='word_1_505' title='bbox 1304 3414 1349 3472; x_wconf 89' lang='grc' dir='ltr'>καί</span> <span class='ocrx_word' id='word_1_506' title='bbox 1366 3413 1409 3471; x_wconf 80' lang='grc' dir='ltr'>τὸν</span> <span class='ocrx_word' id='word_1_507' title='bbox 1424 3415 1506 3488; x_wconf 86' lang='grc' dir='ltr'>δῆμον</span> <span class='ocrx_word' id='word_1_508' title='bbox 1526 3411 1739 3493; x_wconf 77' lang='grc' dir='ltr'>προσλαὸόμενος</span> <span class='ocrx_word' id='word_1_509' title='bbox 1753 3413 1817 3468; x_wconf 88' lang='grc' dir='ltr'>πολ·</span> 
     </span>
     <span class='ocr_line' id='line_1_37' title="bbox 212 3497 1817 3582; baseline -0.003 -24"><span class='ocrx_word' id='word_1_510' title='bbox 212 3502 291 3559; x_wconf 85' lang='grc' dir='ltr'>αὑτὸν</span> <span class='ocrx_word' id='word_1_511' title='bbox 315 3501 488 3582; x_wconf 85' lang='grc' dir='ltr'>ἐγχειρήματι</span> <span class='ocrx_word' id='word_1_512' title='bbox 509 3503 632 3562; x_wconf 87' lang='grc' dir='ltr'>κάκιστον</span> <span class='ocrx_word' id='word_1_513' title='bbox 655 3501 838 3582; x_wconf 86' lang='grc' dir='ltr'>ἐπενηνοχέναι</span> <span class='ocrx_word' id='word_1_514' title='bbox 858 3503 888 3562; x_wconf 83' lang='grc' dir='ltr'>τὸ</span> <span class='ocrx_word' id='word_1_515' title='bbox 910 3501 989 3570; x_wconf 88' lang='grc' dir='ltr'>τέλος.</span> <span class='ocrx_word' id='word_1_516' title='bbox 1036 3501 1096 3568; x_wconf 83' lang='grc' dir='ltr'>λοὺς</span> <span class='ocrx_word' id='word_1_517' title='bbox 1107 3505 1158 3560; x_wconf 83' lang='grc' dir='ltr'>τῶν</span> <span class='ocrx_word' id='word_1_518' title='bbox 1172 3501 1273 3559; x_wconf 78' lang='grc' dir='ltr'>ἱππίων</span> <span class='ocrx_word' id='word_1_519' title='bbox 1287 3500 1423 3579; x_wconf 87' lang='grc' dir='ltr'>διέφθειρε.</span> <span class='ocrx_word' id='word_1_520' title='bbox 1438 3497 1547 3559; x_wconf 88' lang='grc' dir='ltr'>Τούτων</span> <span class='ocrx_word' id='word_1_521' title='bbox 1560 3497 1587 3556; x_wconf 79' lang='grc' dir='ltr'>δὲ</span> <span class='ocrx_word' id='word_1_522' title='bbox 1599 3497 1668 3556; x_wconf 81' lang='grc' dir='ltr'>κατίι</span> <span class='ocrx_word' id='word_1_523' title='bbox 1681 3503 1733 3568; x_wconf 77' lang='grc' dir='ltr'>τὴν</span> <span class='ocrx_word' id='word_1_524' title='bbox 1742 3497 1817 3554; x_wconf 84' lang='grc' dir='ltr'>πολιν</span> 
     </span>
     <span class='ocr_line' id='line_1_38' title="bbox 210 3585 1816 3669; baseline -0.003 -21"><span class='ocrx_word' id='word_1_525' title='bbox 210 3591 246 3648; x_wconf 71' lang='grc' dir='ltr'>ίίἰ</span> <span class='ocrx_word' id='word_1_526' title='bbox 258 3589 306 3665; x_wconf 81' lang='grc' dir='ltr'>μὲν</span> <span class='ocrx_word' id='word_1_527' title='bbox 318 3589 368 3668; x_wconf 83' lang='grc' dir='ltr'>γάρ</span> <span class='ocrx_word' id='word_1_528' title='bbox 379 3589 426 3660; x_wconf 74' lang='grc' dir='ltr'>τήν</span> <span class='ocrx_word' id='word_1_529' title='bbox 439 3589 541 3668; x_wconf 82' lang='grc' dir='ltr'>Μαρίου</span> <span class='ocrx_word' id='word_1_530' title='bbox 553 3589 711 3648; x_wconf 79' lang='grc' dir='ltr'>καταύαλὼν</span> <span class='ocrx_word' id='word_1_531' title='bbox 726 3590 888 3662; x_wconf 86' lang='grc' dir='ltr'>δυναστείαν,</span> <span class='ocrx_word' id='word_1_532' title='bbox 901 3589 991 3668; x_wconf 83' lang='grc' dir='ltr'>ἀνδρὸς</span> <span class='ocrx_word' id='word_1_533' title='bbox 1036 3587 1252 3669; x_wconf 84' lang='grc' dir='ltr'>πραττομένων,δ</span> <span class='ocrx_word' id='word_1_534' title='bbox 1266 3587 1371 3654; x_wconf 85' lang='grc' dir='ltr'>Σύλλας</span> <span class='ocrx_word' id='word_1_535' title='bbox 1386 3585 1520 3666; x_wconf 86' lang='grc' dir='ltr'>βουληθείς</span> <span class='ocrx_word' id='word_1_536' title='bbox 1532 3585 1574 3646; x_wconf 79' lang='grc' dir='ltr'>τὸν</span> <span class='ocrx_word' id='word_1_537' title='bbox 1587 3585 1666 3664; x_wconf 86' lang='grc' dir='ltr'>ὄχλον</span> <span class='ocrx_word' id='word_1_538' title='bbox 1676 3589 1724 3655; x_wconf 80' lang='grc' dir='ltr'>τῆς</span> <span class='ocrx_word' id='word_1_539' title='bbox 1734 3587 1816 3664; x_wconf 79' lang='grc' dir='ltr'>ἀμφυ·</span> 
     </span>
    </p>
   </div>
   <div class='ocr_carea' id='block_1_3' title="bbox 213 3672 1930 3757">
    <p class='ocr_par' dir='ltr' id='par_1_3' title="bbox 213 3672 1930 3757">
     <span class='ocr_line' id='line_1_39' title="bbox 213 3672 1930 3757; baseline -0.003 -25"><span class='ocrx_word' id='word_1_540' title='bbox 213 3677 363 3754; x_wconf 84' lang='grc' dir='ltr'>ἀρχῆθέντε</span> <span class='ocrx_word' id='word_1_541' title='bbox 377 3677 494 3754; x_wconf 77' lang='grc' dir='ltr'>χαλεποῦ</span> <span class='ocrx_word' id='word_1_542' title='bbox 509 3677 816 3756; x_wconf 84' lang='grc' dir='ltr'>καίέπιτείναντοςέντῇ</span> <span class='ocrx_word' id='word_1_543' title='bbox 831 3675 990 3757; x_wconf 75' lang='grc' dir='ltr'>ἐξουτίφτῆν</span> <span class='ocrx_word' id='word_1_544' title='bbox 1037 3675 1092 3735; x_wconf 91' lang='grc' dir='ltr'>λίου</span> <span class='ocrx_word' id='word_1_545' title='bbox 1107 3681 1226 3754; x_wconf 87' lang='grc' dir='ltr'>ταραχῆς</span> <span class='ocrx_word' id='word_1_546' title='bbox 1244 3677 1406 3746; x_wconf 82' lang='grc' dir='ltr'>ἀποστῆσαι,</span> <span class='ocrx_word' id='word_1_547' title='bbox 1427 3673 1591 3754; x_wconf 87' lang='grc' dir='ltr'>διεσσφίσατο</span> <span class='ocrx_word' id='word_1_548' title='bbox 1605 3672 1729 3748; x_wconf 89' lang='grc' dir='ltr'>μηνύσεις</span> <span class='ocrx_word' id='word_1_549' title='bbox 1748 3677 1819 3736; x_wconf 83' lang='grc' dir='ltr'>τινθς</span> <span class='ocrx_word' id='word_1_550' title='bbox 1929 3681 1930 3734; x_wconf 77' lang='lat' dir='ltr'>j</span> 
     </span>
    </p>
   </div>
   <div class='ocr_carea' id='block_1_4' title="bbox 212 3758 1818 4193">
    <p class='ocr_par' dir='ltr' id='par_1_4' title="bbox 212 3758 1818 4105">
     <span class='ocr_line' id='line_1_40' title="bbox 213 3758 1818 3844; baseline -0.005 -21"><span class='ocrx_word' id='word_1_551' title='bbox 213 3766 299 3843; x_wconf 82' lang='grc' dir='ltr'>φύσιν,</span> <span class='ocrx_word' id='word_1_552' title='bbox 314 3766 497 3844; x_wconf 84' lang='grc' dir='ltr'>παρίδωκετῇ</span> <span class='ocrx_word' id='word_1_553' title='bbox 523 3765 604 3843; x_wconf 88' lang='grc' dir='ltr'>βουλῇ</span> <span class='ocrx_word' id='word_1_554' title='bbox 626 3765 671 3822; x_wconf 86' lang='grc' dir='ltr'>καί</span> <span class='ocrx_word' id='word_1_555' title='bbox 693 3767 731 3844; x_wconf 83' lang='grc' dir='ltr'>τῷ</span> <span class='ocrx_word' id='word_1_556' title='bbox 757 3763 834 3844; x_wconf 83' lang='grc' dir='ltr'>δήμῳ</span> <span class='ocrx_word' id='word_1_557' title='bbox 847 3763 895 3834; x_wconf 78' lang='grc' dir='ltr'>τὴν</span> <span class='ocrx_word' id='word_1_558' title='bbox 916 3767 990 3822; x_wconf 83' lang='grc' dir='ltr'>πολι·</span> <span class='ocrx_word' id='word_1_559' title='bbox 1038 3767 1067 3822; x_wconf 84' lang='grc' dir='ltr'>ἐκ</span> <span class='ocrx_word' id='word_1_560' title='bbox 1088 3767 1139 3821; x_wconf 77' lang='grc' dir='ltr'>τῶν</span> <span class='ocrx_word' id='word_1_561' title='bbox 1163 3763 1324 3841; x_wconf 88' lang='grc' dir='ltr'>πανταχόθεν</span> <span class='ocrx_word' id='word_1_562' title='bbox 1348 3763 1481 3837; x_wconf 87' lang='grc' dir='ltr'>ὑπηκόων,</span> <span class='ocrx_word' id='word_1_563' title='bbox 1512 3760 1652 3840; x_wconf 78' lang='grc' dir='ltr'>βαρὺάρων</span> <span class='ocrx_word' id='word_1_564' title='bbox 1675 3758 1818 3840; x_wconf 77' lang='grc' dir='ltr'>ἐπιδρομὰς</span> 
     </span>
     <span class='ocr_line' id='line_1_41' title="bbox 212 3843 1817 3932; baseline -0.004 -22"><span class='ocrx_word' id='word_1_565' title='bbox 212 3852 295 3928; x_wconf 84' lang='grc' dir='ltr'>τείαν,</span> <span class='ocrx_word' id='word_1_566' title='bbox 311 3850 459 3928; x_wconf 85' lang='grc' dir='ltr'>θαυμαστὸς</span> <span class='ocrx_word' id='word_1_567' title='bbox 481 3850 512 3909; x_wconf 85' lang='grc' dir='ltr'>θν</span> <span class='ocrx_word' id='word_1_568' title='bbox 526 3843 573 3923; x_wconf 81' lang='grc' dir='ltr'>ήν·</span> <span class='ocrx_word' id='word_1_569' title='bbox 588 3857 631 3908; x_wconf 86' lang='grc' dir='ltr'>ν’ύν</span> <span class='ocrx_word' id='word_1_570' title='bbox 646 3851 672 3909; x_wconf 88' lang='grc' dir='ltr'>δέ</span> <span class='ocrx_word' id='word_1_571' title='bbox 685 3851 787 3930; x_wconf 88' lang='grc' dir='ltr'>μέτριος</span> <span class='ocrx_word' id='word_1_572' title='bbox 796 3851 829 3909; x_wconf 85' lang='grc' dir='ltr'>τά</span> <span class='ocrx_word' id='word_1_573' title='bbox 840 3855 932 3932; x_wconf 83' lang='grc' dir='ltr'>πρῶτα</span> <span class='ocrx_word' id='word_1_574' title='bbox 945 3849 990 3908; x_wconf 86' lang='grc' dir='ltr'>καί</span> <span class='ocrx_word' id='word_1_575' title='bbox 1038 3849 1233 3931; x_wconf 88' lang='grc' dir='ltr'>ἐπιφαινούσας.</span> <span class='ocrx_word' id='word_1_576' title='bbox 1250 3853 1272 3910; x_wconf 89' lang='grc' dir='ltr'><strong><em>Κ</em></strong></span> <span class='ocrx_word' id='word_1_577' title='bbox 1277 3849 1304 3907; x_wconf 90' lang='grc' dir='ltr'>αἰ</span> <span class='ocrx_word' id='word_1_578' title='bbox 1315 3847 1407 3916; x_wconf 80' lang='grc' dir='ltr'>ευθέως</span> <span class='ocrx_word' id='word_1_579' title='bbox 1418 3845 1558 3907; x_wconf 76' lang='grc' dir='ltr'>ἀναλαόιὺν</span> <span class='ocrx_word' id='word_1_580' title='bbox 1575 3846 1680 3905; x_wconf 80' lang='grc' dir='ltr'>ἅπαντα</span> <span class='ocrx_word' id='word_1_581' title='bbox 1693 3846 1728 3904; x_wconf 88' lang='grc' dir='ltr'>τά</span> <span class='ocrx_word' id='word_1_582' title='bbox 1738 3869 1817 3924; x_wconf 89' lang='grc' dir='ltr'>στρα·</span> 
     </span>
     <span class='ocr_line' id='line_1_42' title="bbox 213 3933 1817 4018; baseline -0.002 -25"><span class='ocrx_word' id='word_1_583' title='bbox 213 3936 344 4004; x_wconf 85' lang='grc' dir='ltr'>πολιτικὸς</span> <span class='ocrx_word' id='word_1_584' title='bbox 370 3937 471 4016; x_wconf 80' lang='grc' dir='ltr'>φανείς,</span> <span class='ocrx_word' id='word_1_585' title='bbox 495 3938 540 3996; x_wconf 86' lang='grc' dir='ltr'>καί</span> <span class='ocrx_word' id='word_1_586' title='bbox 568 3937 642 4006; x_wconf 84' lang='grc' dir='ltr'>δόξαν</span> <span class='ocrx_word' id='word_1_587' title='bbox 672 3939 841 4018; x_wconf 79' lang='grc' dir='ltr'>δημωφελοῦς</span> <span class='ocrx_word' id='word_1_588' title='bbox 864 3936 989 4014; x_wconf 82' lang='grc' dir='ltr'>ἡγεμόνος</span> <span class='ocrx_word' id='word_1_589' title='bbox 1037 3939 1172 4015; x_wconf 88' lang='grc' dir='ltr'>τεύματα,</span> <span class='ocrx_word' id='word_1_590' title='bbox 1190 3937 1334 4007; x_wconf 84' lang='grc' dir='ltr'>ἀπιστήσας</span> <span class='ocrx_word' id='word_1_591' title='bbox 1351 3961 1379 3995; x_wconf 89' lang='grc' dir='ltr'>τε</span> <span class='ocrx_word' id='word_1_592' title='bbox 1396 3939 1483 4004; x_wconf 86' lang='grc' dir='ltr'>αὑτοῖς</span> <span class='ocrx_word' id='word_1_593' title='bbox 1497 3933 1735 4016; x_wconf 83' lang='grc' dir='ltr'>στρατηγοθς,το’ῡ</span> <span class='ocrx_word' id='word_1_594' title='bbox 1750 3955 1817 3992; x_wconf 90' lang='grc' dir='ltr'>παν-</span> 
     </span>
     <span class='ocr_line' id='line_1_43' title="bbox 213 4022 1517 4105; baseline 0 -23"><span class='ocrx_word' id='word_1_595' title='bbox 213 4024 373 4103; x_wconf 85' lang='grc' dir='ltr'>παρατχὼν,</span> <span class='ocrx_word' id='word_1_596' title='bbox 382 4025 486 4084; x_wconf 74' lang='grc' dir='ltr'>ἐπειδάν</span> <span class='ocrx_word' id='word_1_597' title='bbox 492 4029 543 4083; x_wconf 85' lang='grc' dir='ltr'>τῶν</span> <span class='ocrx_word' id='word_1_598' title='bbox 553 4024 674 4085; x_wconf 77' lang='grc' dir='ltr'>ἐναντίων</span> <span class='ocrx_word' id='word_1_599' title='bbox 683 4025 836 4105; x_wconf 89' lang='grc' dir='ltr'>ἐκράτησεν,</span> <span class='ocrx_word' id='word_1_600' title='bbox 848 4025 923 4092; x_wconf 81' lang='grc' dir='ltr'>αὑτὸς</span> <span class='ocrx_word' id='word_1_601' title='bbox 934 4025 988 4083; x_wconf 84' lang='grc' dir='ltr'>ἀντ’</span> <span class='ocrx_word' id='word_1_602' title='bbox 1036 4025 1078 4094; x_wconf 80' lang='grc' dir='ltr'>τός</span> <span class='ocrx_word' id='word_1_603' title='bbox 1086 4025 1198 4096; x_wconf 86' lang='grc' dir='ltr'>πλήθους</span> <span class='ocrx_word' id='word_1_604' title='bbox 1209 4024 1257 4096; x_wconf 81' lang='grc' dir='ltr'>τήν</span> <span class='ocrx_word' id='word_1_605' title='bbox 1270 4027 1345 4084; x_wconf 86' lang='grc' dir='ltr'>πόλιν</span> <span class='ocrx_word' id='word_1_606' title='bbox 1359 4022 1517 4095; x_wconf 79' lang='grc' dir='ltr'>ἀντήλλαξεν.</span> 
     </span>
    </p>

    <p class='ocr_par' dir='ltr' id='par_1_5' title="bbox 212 4103 991 4193">
     <span class='ocr_line' id='line_1_44' title="bbox 212 4103 991 4193; baseline 0.001 -23"><span class='ocrx_word' id='word_1_607' title='bbox 212 4112 312 4170; x_wconf 77' lang='grc' dir='ltr'>ἐκείνου</span> <span class='ocrx_word' id='word_1_608' title='bbox 330 4103 374 4186; x_wconf 77' lang='grc' dir='ltr'>ῆν.</span> <span class='ocrx_word' id='word_1_609' title='bbox 400 4112 454 4172; x_wconf 85' lang='grc' dir='ltr'>Καί</span> <span class='ocrx_word' id='word_1_610' title='bbox 475 4115 615 4192; x_wconf 86' lang='grc' dir='ltr'>τυραννίδα</span> <span class='ocrx_word' id='word_1_611' title='bbox 635 4113 741 4193; x_wconf 80' lang='grc' dir='ltr'>φάσκειν</span> <span class='ocrx_word' id='word_1_612' title='bbox 765 4111 880 4171; x_wconf 90' lang='grc' dir='ltr'>ἐλαύνειν</span> <span class='ocrx_word' id='word_1_613' title='bbox 901 4115 931 4171; x_wconf 85' lang='grc' dir='ltr'>ἐκ</span> <span class='ocrx_word' id='word_1_614' title='bbox 944 4116 991 4183; x_wconf 88' lang='grc' dir='ltr'>τῆς</span> 
     </span>
    </p>
   </div>
   <div class='ocr_carea' id='block_1_5' title="bbox 212 4273 1819 4900">
    <p class='ocr_par' dir='ltr' id='par_1_6' title="bbox 212 4273 1819 4616">
     <span class='ocr_line' id='line_1_45' title="bbox 212 4273 1818 4342; baseline -0.002 -18"><span class='ocrx_word' id='word_1_615' title='bbox 212 4276 295 4338; x_wconf 84' lang='lat' dir='ltr'><strong><em>ttrper</em></strong></span> <span class='ocrx_word' id='word_1_616' title='bbox 308 4279 420 4332; x_wconf 84' lang='lat' dir='ltr'><strong><em>teneret,</em></strong></span> <span class='ocrx_word' id='word_1_617' title='bbox 433 4281 464 4328; x_wconf 84' lang='lat' dir='ltr'>ut</span> <span class='ocrx_word' id='word_1_618' title='bbox 472 4278 533 4328; x_wconf 79' lang='lat' dir='ltr'><strong><em>hetti</em></strong></span> <span class='ocrx_word' id='word_1_619' title='bbox 543 4281 645 4329; x_wconf 75' lang='lat' dir='ltr'><strong><em>societte</em></strong></span> <span class='ocrx_word' id='word_1_620' title='bbox 656 4279 665 4340; x_wconf 94' lang='lat'>(</span> <span class='ocrx_word' id='word_1_621' title='bbox 675 4279 707 4328; x_wconf 83' lang='lat' dir='ltr'>de</span> <span class='ocrx_word' id='word_1_622' title='bbox 722 4291 773 4342; x_wconf 81' lang='lat' dir='ltr'>quo</span> <span class='ocrx_word' id='word_1_623' title='bbox 782 4279 929 4336; x_wconf 74' lang='lat' dir='ltr'><strong><em>dtetmus),</em></strong></span> <span class='ocrx_word' id='word_1_624' title='bbox 941 4277 1010 4341; x_wconf 80' lang='grc' dir='ltr'>φαοα</span> <span class='ocrx_word' id='word_1_625' title='bbox 1021 4280 1095 4327; x_wconf 74' lang='lat' dir='ltr'><strong><em>intra</em></strong></span> <span class='ocrx_word' id='word_1_626' title='bbox 1105 4279 1214 4327; x_wconf 86' lang='lat' dir='ltr'><strong><em>ttettum</em></strong></span> <span class='ocrx_word' id='word_1_627' title='bbox 1223 4275 1434 4338; x_wconf 82' lang='lat' dir='ltr'><strong><em>pestumsuerat‚</em></strong></span> <span class='ocrx_word' id='word_1_628' title='bbox 1447 4275 1568 4338; x_wconf 76' lang='lat' dir='ltr'><strong><em>retiqutre</em></strong></span> <span class='ocrx_word' id='word_1_629' title='bbox 1582 4273 1750 4328; x_wconf 87' lang='lat' dir='ltr'><strong><em>tottererrtur,</em></strong></span> <span class='ocrx_word' id='word_1_630' title='bbox 1763 4275 1818 4321; x_wconf 81' lang='lat' dir='ltr'><strong><em>tra-</em></strong></span> 
     </span>
     <span class='ocr_line' id='line_1_46' title="bbox 215 4342 1818 4410; baseline -0.001 -16"><span class='ocrx_word' id='word_1_631' title='bbox 215 4350 272 4396; x_wconf 82' lang='lat' dir='ltr'><strong><em>rtur</em></strong></span> <span class='ocrx_word' id='word_1_632' title='bbox 289 4346 445 4406; x_wconf 76' lang='lat' dir='ltr'><strong><em>adfectauit,</em></strong></span> <span class='ocrx_word' id='word_1_633' title='bbox 463 4352 494 4396; x_wconf 88' lang='lat' dir='ltr'>ut</span> <span class='ocrx_word' id='word_1_634' title='bbox 511 4351 564 4410; x_wconf 85' lang='lat' dir='ltr'><strong><em>tpse</em></strong></span> <span class='ocrx_word' id='word_1_635' title='bbox 581 4348 618 4398; x_wconf 82' lang='lat' dir='ltr'>ad</span> <span class='ocrx_word' id='word_1_636' title='bbox 628 4349 724 4398; x_wconf 80' lang='lat' dir='ltr'><strong><em>hettum</em></strong></span> <span class='ocrx_word' id='word_1_637' title='bbox 738 4349 950 4399; x_wconf 78' lang='lat' dir='ltr'><strong><em>Mithrtttutteum</em></strong></span> <span class='ocrx_word' id='word_1_638' title='bbox 960 4351 1116 4398; x_wconf 67' lang='lat' dir='ltr'>mitteretur.</span> <span class='ocrx_word' id='word_1_639' title='bbox 1132 4353 1218 4408; x_wconf 80' lang='lat' dir='ltr'><strong><em>Quare</em></strong></span> <span class='ocrx_word' id='word_1_640' title='bbox 1233 4349 1306 4409; x_wconf 82' lang='lat' dir='ltr'><strong><em>Sptta</em></strong></span> <span class='ocrx_word' id='word_1_641' title='bbox 1319 4349 1458 4396; x_wconf 76' lang='grc' dir='ltr'>σοπιπιοςιεα</span> <span class='ocrx_word' id='word_1_642' title='bbox 1473 4357 1532 4395; x_wconf 85' lang='lat' dir='ltr'>cum</span> <span class='ocrx_word' id='word_1_643' title='bbox 1542 4345 1659 4392; x_wconf 74' lang='lat' dir='ltr'>exercitu</span> <span class='ocrx_word' id='word_1_644' title='bbox 1673 4342 1712 4391; x_wconf 83' lang='lat' dir='ltr'><strong><em>eet</em></strong></span> <span class='ocrx_word' id='word_1_645' title='bbox 1727 4343 1818 4392; x_wconf 77' lang='lat' dir='ltr'><strong>urbem</strong></span> 
     </span>
     <span class='ocr_line' id='line_1_47' title="bbox 214 4413 1817 4482; baseline -0.004 -18"><span class='ocrx_word' id='word_1_646' title='bbox 214 4418 293 4465; x_wconf 86' lang='lat' dir='ltr'><strong><em>uerrtt.</em></strong></span> <span class='ocrx_word' id='word_1_647' title='bbox 306 4416 362 4465; x_wconf 87' lang='lat' dir='ltr'><strong><em>tth&#39;e</em></strong></span> <span class='ocrx_word' id='word_1_648' title='bbox 374 4422 465 4468; x_wconf 81' lang='lat' dir='ltr'><strong><em>contra</em></strong></span> <span class='ocrx_word' id='word_1_649' title='bbox 481 4421 596 4468; x_wconf 67' lang='lat' dir='ltr'><strong><em>Martum</em></strong></span> <span class='ocrx_word' id='word_1_650' title='bbox 606 4423 630 4468; x_wconf 91' lang='lat' dir='ltr'><strong><em>et</em></strong></span> <span class='ocrx_word' id='word_1_651' title='bbox 642 4421 786 4482; x_wconf 71' lang='lat' dir='ltr'>sulpicium</span> <span class='ocrx_word' id='word_1_652' title='bbox 796 4421 939 4471; x_wconf 80' lang='lat' dir='ltr'><strong><em>ettmtcautt.</em></strong></span> <span class='ocrx_word' id='word_1_653' title='bbox 954 4421 1059 4468; x_wconf 78' lang='lat' dir='ltr'><strong><em>Prtmus</em></strong></span> <span class='ocrx_word' id='word_1_654' title='bbox 1068 4418 1157 4468; x_wconf 80' lang='lat' dir='ltr'><strong>urbem</strong></span> <span class='ocrx_word' id='word_1_655' title='bbox 1170 4421 1290 4467; x_wconf 72' lang='lat' dir='ltr'>arrectus</span> <span class='ocrx_word' id='word_1_656' title='bbox 1304 4420 1435 4479; x_wconf 80' lang='grc' dir='ltr'>ιἐερεαττειε</span> <span class='ocrx_word' id='word_1_657' title='bbox 1447 4417 1485 4464; x_wconf 84' lang='lat' dir='ltr'>est</span> <span class='ocrx_word' id='word_1_658' title='bbox 1491 4431 1501 4474; x_wconf 91' lang='lat'>,·</span> <span class='ocrx_word' id='word_1_659' title='bbox 1512 4414 1656 4476; x_wconf 76' lang='lat' dir='ltr'>sulpicium</span> <span class='ocrx_word' id='word_1_660' title='bbox 1668 4413 1817 4473; x_wconf 71' lang='lat' dir='ltr'><strong><em>interfecit,</em></strong></span> 
     </span>
     <span class='ocr_line' id='line_1_48' title="bbox 215 4482 1819 4552; baseline -0.003 -18"><span class='ocrx_word' id='word_1_661' title='bbox 215 4485 330 4534; x_wconf 84' lang='lat' dir='ltr'><strong><em>Martum</em></strong></span> <span class='ocrx_word' id='word_1_662' title='bbox 335 4483 453 4546; x_wconf 69' lang='lat' dir='ltr'><strong><em>separet.</em></strong></span> <span class='ocrx_word' id='word_1_663' title='bbox 464 4489 501 4537; x_wconf 86' lang='lat' dir='ltr'><strong><em>ct.</em></strong></span> <span class='ocrx_word' id='word_1_664' title='bbox 515 4489 615 4537; x_wconf 80' lang='lat' dir='ltr'><strong>orestus</strong></span> <span class='ocrx_word' id='word_1_665' title='bbox 627 4492 658 4552; x_wconf 88' lang='lat' dir='ltr'>v,</span> <span class='ocrx_word' id='word_1_666' title='bbox 673 4495 712 4550; x_wconf 76' lang='lat'>193</span> <span class='ocrx_word' id='word_1_667' title='bbox 727 4491 795 4539; x_wconf 80' lang='lat' dir='ltr'><strong><em>Fter.</em></strong></span> <span class='ocrx_word' id='word_1_668' title='bbox 807 4493 854 4552; x_wconf 89' lang='lat' dir='ltr'><strong><em>ttt,</em></strong></span> <span class='ocrx_word' id='word_1_669' title='bbox 865 4497 889 4541; x_wconf 81' lang='grc' dir='ltr'>τι</span> <span class='ocrx_word' id='word_1_670' title='bbox 901 4506 907 4550; x_wconf 91' lang='lat'>;</span> <span class='ocrx_word' id='word_1_671' title='bbox 917 4489 1040 4538; x_wconf 77' lang='lat' dir='ltr'><strong><em>Plutarch.</em></strong></span> <span class='ocrx_word' id='word_1_672' title='bbox 1052 4491 1112 4537; x_wconf 84' lang='lat' dir='ltr'><strong><em>thr.</em></strong></span> <span class='ocrx_word' id='word_1_673' title='bbox 1123 4501 1145 4536; x_wconf 94' lang='lat' dir='ltr'>c.</span> <span class='ocrx_word' id='word_1_674' title='bbox 1157 4493 1187 4538; x_wconf 71' lang='lat'>34</span> <span class='ocrx_word' id='word_1_675' title='bbox 1196 4499 1260 4550; x_wconf 64' lang='lat' dir='ltr'>sqq„</span> <span class='ocrx_word' id='word_1_676' title='bbox 1273 4487 1331 4550; x_wconf 83' lang='lat' dir='ltr'><strong><em>spt.</em></strong></span> <span class='ocrx_word' id='word_1_677' title='bbox 1342 4499 1364 4540; x_wconf 84' lang='lat' dir='ltr'>c.</span> <span class='ocrx_word' id='word_1_678' title='bbox 1376 4489 1389 4536; x_wconf 88' lang='grc'><strong>7</strong></span> <span class='ocrx_word' id='word_1_679' title='bbox 1400 4497 1469 4547; x_wconf 86' lang='lat' dir='ltr'><strong>sqq.;</strong></span> <span class='ocrx_word' id='word_1_680' title='bbox 1480 4482 1580 4546; x_wconf 76' lang='lat' dir='ltr'>Appiae.</span> <span class='ocrx_word' id='word_1_681' title='bbox 1594 4483 1622 4530; x_wconf 85' lang='lat' dir='ltr'>B.</span> <span class='ocrx_word' id='word_1_682' title='bbox 1633 4483 1662 4530; x_wconf 90' lang='lat' dir='ltr'>c.</span> <span class='ocrx_word' id='word_1_683' title='bbox 1678 4483 1703 4542; x_wconf 89' lang='lat' dir='ltr'><strong><em>t,</em></strong></span> <span class='ocrx_word' id='word_1_684' title='bbox 1715 4487 1745 4530; x_wconf 73' lang='grc' dir='ltr'>σο</span> <span class='ocrx_word' id='word_1_685' title='bbox 1755 4493 1799 4542; x_wconf 79' lang='lat' dir='ltr'>sqq</span> <span class='ocrx_word' id='word_1_686' title='bbox 1811 4495 1819 4538; x_wconf 85' lang='lat'>;</span> 
     </span>
     <span class='ocr_line' id='line_1_49' title="bbox 218 4555 373 4616; baseline -0.006 -13"><span class='ocrx_word' id='word_1_687' title='bbox 218 4555 270 4603; x_wconf 80' lang='lat' dir='ltr'><strong>hir.</strong></span> <span class='ocrx_word' id='word_1_688' title='bbox 280 4557 324 4616; x_wconf 79' lang='lat' dir='ltr'>Ep.</span> <span class='ocrx_word' id='word_1_689' title='bbox 335 4559 373 4604; x_wconf 90' lang='grc'>77.</span> 
     </span>
    </p>

    <p class='ocr_par' dir='ltr' id='par_1_7' title="bbox 215 4621 1819 4900">
     <span class='ocr_line' id='line_1_50' title="bbox 246 4621 1818 4693; baseline -0.006 -17"><span class='ocrx_word' id='word_1_690' title='bbox 246 4629 286 4676; x_wconf 80' lang='lat' dir='ltr'>Fr.</span> <span class='ocrx_word' id='word_1_691' title='bbox 299 4634 337 4676; x_wconf 80' lang='lat' dir='ltr'>es.</span> <span class='ocrx_word' id='word_1_692' title='bbox 351 4628 445 4676; x_wconf 69' lang='lat' dir='ltr'><strong>seces</strong></span> <span class='ocrx_word' id='word_1_693' title='bbox 457 4628 531 4677; x_wconf 78' lang='lat' dir='ltr'><strong>Dione</strong></span> <span class='ocrx_word' id='word_1_694' title='bbox 544 4630 625 4678; x_wconf 79' lang='lat' dir='ltr'><strong>Cassio</strong></span> <span class='ocrx_word' id='word_1_695' title='bbox 634 4631 776 4692; x_wconf 75' lang='lat' dir='ltr'><strong><em>transcripte</em></strong></span> <span class='ocrx_word' id='word_1_696' title='bbox 786 4645 838 4680; x_wconf 85' lang='lat' dir='ltr'><strong>csse</strong></span> <span class='ocrx_word' id='word_1_697' title='bbox 849 4631 922 4693; x_wconf 84' lang='lat' dir='ltr'><strong><em>liquet</em></strong></span> <span class='ocrx_word' id='word_1_698' title='bbox 933 4641 963 4678; x_wconf 76' lang='lat' dir='ltr'>eu</span> <span class='ocrx_word' id='word_1_699' title='bbox 972 4627 1067 4677; x_wconf 85' lang='lat' dir='ltr'><strong>duobus</strong></span> <span class='ocrx_word' id='word_1_700' title='bbox 1078 4628 1161 4679; x_wconf 72' lang='lat' dir='ltr'><strong>Dionis</strong></span> <span class='ocrx_word' id='word_1_701' title='bbox 1172 4628 1308 4692; x_wconf 77' lang='lat' dir='ltr'><strong><em>tecgmentts</em></strong></span> <span class='ocrx_word' id='word_1_702' title='bbox 1317 4629 1425 4676; x_wconf 78' lang='lat' dir='ltr'>vatican.</span> <span class='ocrx_word' id='word_1_703' title='bbox 1437 4641 1460 4689; x_wconf 90' lang='lat' dir='ltr'>p.</span> <span class='ocrx_word' id='word_1_704' title='bbox 1473 4633 1518 4676; x_wconf 82' lang='lat'>550</span> <span class='ocrx_word' id='word_1_705' title='bbox 1527 4637 1563 4686; x_wconf 79' lang='lat' dir='ltr'>sq.</span> <span class='ocrx_word' id='word_1_706' title='bbox 1574 4623 1612 4672; x_wconf 84' lang='lat' dir='ltr'>cd.</span> <span class='ocrx_word' id='word_1_707' title='bbox 1625 4621 1681 4671; x_wconf 82' lang='lat' dir='ltr'><strong><em>htst.</em></strong></span> <span class='ocrx_word' id='word_1_708' title='bbox 1693 4621 1737 4684; x_wconf 82' lang='lat' dir='ltr'>(r.</span> <span class='ocrx_word' id='word_1_709' title='bbox 1749 4621 1818 4669; x_wconf 82' lang='lat' dir='ltr'>Dion.</span> 
     </span>
     <span class='ocr_line' id='line_1_51' title="bbox 215 4693 1819 4761; baseline -0.002 -17"><span class='ocrx_word' id='word_1_710' title='bbox 215 4701 254 4746; x_wconf 80' lang='lat' dir='ltr'>eu.</span> <span class='ocrx_word' id='word_1_711' title='bbox 266 4700 336 4746; x_wconf 87' lang='lat' dir='ltr'><strong>Gres.</strong></span> <span class='ocrx_word' id='word_1_712' title='bbox 351 4699 411 4744; x_wconf 87' lang='lat' dir='ltr'><strong><em>tem.</em></strong></span> <span class='ocrx_word' id='word_1_713' title='bbox 430 4699 465 4756; x_wconf 90' lang='lat' dir='ltr'>u,</span> <span class='ocrx_word' id='word_1_714' title='bbox 475 4710 499 4759; x_wconf 94' lang='lat' dir='ltr'>p.</span> <span class='ocrx_word' id='word_1_715' title='bbox 512 4702 557 4747; x_wconf 76' lang='lat' dir='ltr'><strong><em>tot</em></strong></span> <span class='ocrx_word' id='word_1_716' title='bbox 570 4711 622 4760; x_wconf 79' lang='lat' dir='ltr'><strong>sqq.</strong></span> <span class='ocrx_word' id='word_1_717' title='bbox 631 4701 647 4758; x_wconf 91' lang='lat'>).</span> <span class='ocrx_word' id='word_1_718' title='bbox 659 4700 731 4747; x_wconf 79' lang='lat' dir='ltr'><strong><em>t’turs</em></strong></span> <span class='ocrx_word' id='word_1_719' title='bbox 741 4701 826 4748; x_wconf 82' lang='lat' dir='ltr'><strong>herum</strong></span> <span class='ocrx_word' id='word_1_720' title='bbox 836 4702 907 4749; x_wconf 86' lang='lat' dir='ltr'><strong><em>ettam</em></strong></span> <span class='ocrx_word' id='word_1_721' title='bbox 922 4699 1067 4749; x_wconf 72' lang='lat' dir='ltr'>Plutarchus</span> <span class='ocrx_word' id='word_1_722' title='bbox 1075 4699 1100 4748; x_wconf 87' lang='lat' dir='ltr'>in</span> <span class='ocrx_word' id='word_1_723' title='bbox 1110 4700 1174 4760; x_wconf 78' lang='lat' dir='ltr'>syth</span> <span class='ocrx_word' id='word_1_724' title='bbox 1183 4713 1204 4749; x_wconf 88' lang='lat' dir='ltr'>c.</span> <span class='ocrx_word' id='word_1_725' title='bbox 1216 4708 1253 4750; x_wconf 78' lang='lat'>³0.</span> <span class='ocrx_word' id='word_1_726' title='bbox 1270 4707 1298 4749; x_wconf 78' lang='lat'>3³</span> <span class='ocrx_word' id='word_1_727' title='bbox 1308 4713 1360 4761; x_wconf 77' lang='lat' dir='ltr'><strong>sqq.</strong></span> <span class='ocrx_word' id='word_1_728' title='bbox 1379 4699 1449 4747; x_wconf 85' lang='lat' dir='ltr'><strong><em>simitt</em></strong></span> <span class='ocrx_word' id='word_1_729' title='bbox 1458 4699 1528 4760; x_wconf 83' lang='lat' dir='ltr'><strong><em>ptane</em></strong></span> <span class='ocrx_word' id='word_1_730' title='bbox 1538 4695 1610 4745; x_wconf 86' lang='lat' dir='ltr'><strong>mode</strong></span> <span class='ocrx_word' id='word_1_731' title='bbox 1618 4693 1726 4756; x_wconf 77' lang='lat' dir='ltr'>exponit.</span> <span class='ocrx_word' id='word_1_732' title='bbox 1737 4695 1819 4754; x_wconf 78' lang='grc' dir='ltr'>Νιηυο</span> 
     </span>
     <span class='ocr_line' id='line_1_52' title="bbox 215 4762 1816 4830; baseline 0 -18"><span class='ocrx_word' id='word_1_733' title='bbox 215 4768 296 4818; x_wconf 79' lang='lat' dir='ltr'><strong><em>tumen</em></strong></span> <span class='ocrx_word' id='word_1_734' title='bbox 304 4767 358 4815; x_wconf 87' lang='lat' dir='ltr'><strong>hinc</strong></span> <span class='ocrx_word' id='word_1_735' title='bbox 368 4766 586 4828; x_wconf 76' lang='lat' dir='ltr'><strong>colligastuanneru</strong></span> <span class='ocrx_word' id='word_1_736' title='bbox 594 4782 690 4830; x_wconf 84' lang='lat' dir='ltr'><strong>queque</strong></span> <span class='ocrx_word' id='word_1_737' title='bbox 701 4771 853 4820; x_wconf 74' lang='lat' dir='ltr'><strong>Plutarchum</strong></span> <span class='ocrx_word' id='word_1_738' title='bbox 863 4769 1008 4820; x_wconf 74' lang='lat' dir='ltr'>sdtsthutsse.</span> <span class='ocrx_word' id='word_1_739' title='bbox 1017 4772 1077 4819; x_wconf 78' lang='lat' dir='ltr'><strong><em>ttcm</em></strong></span> <span class='ocrx_word' id='word_1_740' title='bbox 1087 4772 1180 4819; x_wconf 82' lang='lat' dir='ltr'><strong><em>constet</em></strong></span> <span class='ocrx_word' id='word_1_741' title='bbox 1189 4770 1288 4818; x_wconf 83' lang='lat' dir='ltr'><strong>Dionem</strong></span> <span class='ocrx_word' id='word_1_742' title='bbox 1296 4771 1321 4817; x_wconf 87' lang='lat' dir='ltr'>ct</span> <span class='ocrx_word' id='word_1_743' title='bbox 1334 4767 1488 4816; x_wconf 77' lang='lat' dir='ltr'>Plutarchum</span> <span class='ocrx_word' id='word_1_744' title='bbox 1499 4764 1677 4828; x_wconf 81' lang='lat' dir='ltr'>qusnrpturhus</span> <span class='ocrx_word' id='word_1_745' title='bbox 1687 4775 1720 4810; x_wconf 81' lang='lat' dir='ltr'>ex</span> <span class='ocrx_word' id='word_1_746' title='bbox 1733 4762 1816 4812; x_wconf 80' lang='lat' dir='ltr'><strong>iisdem</strong></span> 
     </span>
     <span class='ocr_line' id='line_1_53' title="bbox 217 4833 1818 4900; baseline -0.001 -20"><span class='ocrx_word' id='word_1_747' title='bbox 217 4834 322 4885; x_wconf 73' lang='lat' dir='ltr'>hausisse</span> <span class='ocrx_word' id='word_1_748' title='bbox 333 4835 450 4894; x_wconf 83' lang='lat' dir='ltr'><strong><em>tontibus,</em></strong></span> <span class='ocrx_word' id='word_1_749' title='bbox 462 4835 523 4885; x_wconf 77' lang='lat' dir='ltr'><strong>adeo</strong></span> <span class='ocrx_word' id='word_1_750' title='bbox 534 4840 562 4885; x_wconf 92' lang='lat' dir='ltr'>ut</span> <span class='ocrx_word' id='word_1_751' title='bbox 577 4838 721 4886; x_wconf 83' lang='lat' dir='ltr'>verbotenus</span> <span class='ocrx_word' id='word_1_752' title='bbox 736 4839 855 4888; x_wconf 82' lang='lat' dir='ltr'>interdum</span> <span class='ocrx_word' id='word_1_753' title='bbox 868 4837 1024 4888; x_wconf 78' lang='lat' dir='ltr'><strong><em>censentiret.</em></strong></span> <span class='ocrx_word' id='word_1_754' title='bbox 1035 4867 1067 4878; x_wconf 90' lang='lat'><em>-</em></span> <span class='ocrx_word' id='word_1_755' title='bbox 1078 4840 1112 4888; x_wconf 81' lang='grc' dir='ltr'>τὰ</span> <span class='ocrx_word' id='word_1_756' title='bbox 1125 4837 1177 4900; x_wconf 85' lang='grc' dir='ltr'>μὲν</span> <span class='ocrx_word' id='word_1_757' title='bbox 1192 4839 1273 4900; x_wconf 81' lang='grc' dir='ltr'>γὰρ...</span> <span class='ocrx_word' id='word_1_758' title='bbox 1289 4839 1340 4894; x_wconf 79' lang='grc' dir='ltr'>τὴν</span> <span class='ocrx_word' id='word_1_759' title='bbox 1354 4837 1440 4895; x_wconf 82' lang='grc' dir='ltr'>ἀλλην</span> <span class='ocrx_word' id='word_1_760' title='bbox 1450 4833 1593 4896; x_wconf 81' lang='grc' dir='ltr'>Ἰταλίαν]</span> <span class='ocrx_word' id='word_1_761' title='bbox 1613 4835 1672 4882; x_wconf 82' lang='lat' dir='ltr'><strong><em>thee</em></strong></span> <span class='ocrx_word' id='word_1_762' title='bbox 1691 4846 1741 4880; x_wconf 87' lang='lat' dir='ltr'>om.</span> <span class='ocrx_word' id='word_1_763' title='bbox 1760 4835 1818 4880; x_wconf 79' lang='lat' dir='ltr'><strong>Exc.</strong></span> 
     </span>
    </p>
   </div>
   <div class='ocr_carea' id='block_1_6' title="bbox 216 4873 1930 4971">
    <p class='ocr_par' dir='ltr' id='par_1_8' title="bbox 216 4873 1930 4971">
     <span class='ocr_line' id='line_1_54' title="bbox 216 4873 1930 4971; baseline -0.002 -18"><span class='ocrx_word' id='word_1_764' title='bbox 216 4905 326 4954; x_wconf 69' lang='lat' dir='ltr'>vatican.</span> <span class='ocrx_word' id='word_1_765' title='bbox 338 4931 369 4940; x_wconf 89' lang='lat'>—</span> <span class='ocrx_word' id='word_1_766' title='bbox 378 4906 459 4968; x_wconf 82' lang='grc' dir='ltr'>δεέφθ</span> <span class='ocrx_word' id='word_1_767' title='bbox 467 4906 547 4970; x_wconf 88' lang='grc' dir='ltr'>ιιρε]</span> <span class='ocrx_word' id='word_1_768' title='bbox 559 4908 693 4970; x_wconf 86' lang='grc' dir='ltr'>ἐτιμωρεῖτο</span> <span class='ocrx_word' id='word_1_769' title='bbox 711 4910 778 4958; x_wconf 81' lang='lat' dir='ltr'>Dion.</span> <span class='ocrx_word' id='word_1_770' title='bbox 795 4913 853 4958; x_wconf 76' lang='lat' dir='ltr'><strong>Eue.</strong></span> <span class='ocrx_word' id='word_1_771' title='bbox 867 4912 919 4956; x_wconf 75' lang='lat' dir='ltr'><strong><em>vat.</em></strong></span> <span class='ocrx_word' id='word_1_772' title='bbox 929 4933 960 4944; x_wconf 92' lang='lat'>-</span> <span class='ocrx_word' id='word_1_773' title='bbox 975 4908 1080 4971; x_wconf 85' lang='grc' dir='ltr'>μερίδος]</span> <span class='ocrx_word' id='word_1_774' title='bbox 1092 4909 1195 4964; x_wconf 87' lang='grc' dir='ltr'>στάσεως</span> <span class='ocrx_word' id='word_1_775' title='bbox 1206 4912 1265 4956; x_wconf 74' lang='lat' dir='ltr'><strong>Ehe.</strong></span> <span class='ocrx_word' id='word_1_776' title='bbox 1277 4909 1333 4956; x_wconf 78' lang='lat' dir='ltr'><strong><em>vat.</em></strong></span> <span class='ocrx_word' id='word_1_777' title='bbox 1344 4937 1374 4947; x_wconf 89' lang='lat'>-</span> <span class='ocrx_word' id='word_1_778' title='bbox 1384 4909 1418 4956; x_wconf 85' lang='grc' dir='ltr'>τὸ</span> <span class='ocrx_word' id='word_1_779' title='bbox 1434 4909 1462 4955; x_wconf 87' lang='grc' dir='ltr'>ἐν</span> <span class='ocrx_word' id='word_1_780' title='bbox 1471 4907 1537 4956; x_wconf 76' lang='lat' dir='ltr'><strong><em>htt.</em></strong></span> <span class='ocrx_word' id='word_1_781' title='bbox 1548 4901 1677 4966; x_wconf 86' lang='grc' dir='ltr'>χωρίον]</span> <span class='ocrx_word' id='word_1_782' title='bbox 1690 4905 1820 4962; x_wconf 80' lang='lat' dir='ltr'><strong>Hucusque</strong></span> <span class='ocrx_word' id='word_1_783' title='bbox 1929 4873 1930 4922; x_wconf 67' lang='grc' dir='ltr'>ί</span> 
     </span>
    </p>
   </div>
   <div class='ocr_carea' id='block_1_7' title="bbox 217 4971 1821 5176">
    <p class='ocr_par' dir='ltr' id='par_1_9' title="bbox 217 4971 1821 5176">
     <span class='ocr_line' id='line_1_55' title="bbox 217 4971 1819 5041; baseline -0.001 -19"><span class='ocrx_word' id='word_1_784' title='bbox 217 4974 320 5035; x_wconf 76' lang='lat' dir='ltr'>pertinet</span> <span class='ocrx_word' id='word_1_785' title='bbox 330 4975 433 5036; x_wconf 85' lang='lat' dir='ltr'><strong>primum</strong></span> <span class='ocrx_word' id='word_1_786' title='bbox 450 4977 532 5036; x_wconf 74' lang='lat' dir='ltr'><strong><em>tmgm.</em></strong></span> <span class='ocrx_word' id='word_1_787' title='bbox 547 4979 697 5027; x_wconf 74' lang='lat' dir='ltr'><strong>Vaticanum.</strong></span> <span class='ocrx_word' id='word_1_788' title='bbox 713 4979 821 5028; x_wconf 76' lang='lat' dir='ltr'><strong><em>Alterum</em></strong></span> <span class='ocrx_word' id='word_1_789' title='bbox 833 4979 936 5041; x_wconf 82' lang='lat' dir='ltr'><strong><em>inctptts</em></strong></span> <span class='ocrx_word' id='word_1_790' title='bbox 949 4977 1028 5027; x_wconf 80' lang='lat' dir='ltr'><strong>uerbis</strong></span> <span class='ocrx_word' id='word_1_791' title='bbox 1037 4979 1217 5040; x_wconf 83' lang='grc' dir='ltr'>’λποθειχθέντος</span> <span class='ocrx_word' id='word_1_792' title='bbox 1231 4979 1254 5026; x_wconf 82' lang='grc' dir='ltr'>δὲ</span> <span class='ocrx_word' id='word_1_793' title='bbox 1264 4977 1354 5026; x_wconf 84' lang='grc' dir='ltr'>ὑπάτου</span> <span class='ocrx_word' id='word_1_794' title='bbox 1366 4979 1484 5036; x_wconf 75' lang='grc' dir='ltr'>Λεπίδου,</span> <span class='ocrx_word' id='word_1_795' title='bbox 1498 4975 1648 5038; x_wconf 80' lang='lat' dir='ltr'><strong><em>pertinetque</em></strong></span> <span class='ocrx_word' id='word_1_796' title='bbox 1658 4985 1736 5033; x_wconf 78' lang='lat' dir='ltr'><strong>sesque</strong></span> <span class='ocrx_word' id='word_1_797' title='bbox 1751 4971 1782 5018; x_wconf 81' lang='lat' dir='ltr'><strong><em>ert</em></strong></span> <span class='ocrx_word' id='word_1_798' title='bbox 1796 4985 1819 5020; x_wconf 85' lang='grc' dir='ltr'>ε.</span> 
     </span>
     <span class='ocr_line' id='line_1_56' title="bbox 218 5043 1821 5176; baseline 0 -84"><span class='ocrx_word' id='word_1_799' title='bbox 218 5045 515 5176; x_wconf 52' lang='grc' dir='ltr'>γρῖῐφιριρρχρὸχχλχμχτήιον.</span> <span class='ocrx_word' id='word_1_800' title='bbox 526 5046 673 5096; x_wconf 86' lang='grc' dir='ltr'>-ὑπάτου</span> <span class='ocrx_word' id='word_1_801' title='bbox 687 5047 883 5110; x_wconf 81' lang='grc' dir='ltr'>Λεπίδου]ὑπ.</span> <span class='ocrx_word' id='word_1_802' title='bbox 895 5051 1005 5097; x_wconf 81' lang='grc' dir='ltr'>τοὺἰίεπ.</span> <span class='ocrx_word' id='word_1_803' title='bbox 1018 5049 1061 5098; x_wconf 86' lang='lat' dir='ltr'>Dio</span> <span class='ocrx_word' id='word_1_804' title='bbox 1071 5052 1135 5098; x_wconf 65' lang='grc' dir='ltr'>(ἔτνος.</span> <span class='ocrx_word' id='word_1_805' title='bbox 1147 5077 1176 5088; x_wconf 84' lang='lat'><em>-</em></span> <span class='ocrx_word' id='word_1_806' title='bbox 1186 5050 1335 5108; x_wconf 79' lang='grc' dir='ltr'>Κινήσεως</span> <span class='ocrx_word' id='word_1_807' title='bbox 1351 5063 1383 5095; x_wconf 84' lang='grc' dir='ltr'>τε</span> <span class='ocrx_word' id='word_1_808' title='bbox 1400 5047 1481 5102; x_wconf 82' lang='grc' dir='ltr'>αὖθις</span> <span class='ocrx_word' id='word_1_809' title='bbox 1493 5047 1542 5094; x_wconf 85' lang='grc' dir='ltr'>κτλ.</span> <span class='ocrx_word' id='word_1_810' title='bbox 1553 5043 1562 5106; x_wconf 87' lang='lat'>]</span> <span class='ocrx_word' id='word_1_811' title='bbox 1575 5043 1705 5093; x_wconf 74' lang='lat' dir='ltr'><strong>Uudchoec</strong></span> <span class='ocrx_word' id='word_1_812' title='bbox 1715 5045 1821 5092; x_wconf 67' lang='lat' dir='ltr'><strong>tecum</strong></span> 
     </span>
     <span class='ocr_line' id='line_1_57' title="bbox 350 5150 460 5176; baseline 0 -12"><span class='ocrx_word' id='word_1_813' title='bbox 350 5150 358 5176; x_wconf 91' lang='lat'><em>,</em></span> <span class='ocrx_word' id='word_1_814' title='bbox 454 5151 460 5164; x_wconf 91' lang='lat'><strong>.</strong></span> 
     </span>
    </p>
   </div>
   <div class='ocr_carea' id='block_1_8' title="bbox 0 0 1991 5754">
    <p class='ocr_par' dir='ltr' id='par_1_10' title="bbox 0 0 1991 5754">
     <span class='ocr_line' id='line_1_58' title="bbox 0 0 1991 5754; baseline 0 0"><span class='ocrx_word' id='word_1_815' title='bbox 0 0 1991 5754; x_wconf 95' lang='lat' dir='ltr'> </span> 
     </span>
    </p>
   </div>
  </div>
 </body>
</html>
