3908 5732
833 385 1078 446 εοιαιιωιτι.
1704 397 1760 480 σοι

156 519 227 596 αὐτῷ
242 513 305 595 παρ’
316 513 408 574 ἐλπίδα
419 511 564 589 ἀξιώματι,
576 511 621 570 καί
631 512 746 590 γίνεσθαι
756 516 806 572 τῶν
819 511 933 591 Ῥωμαί·
983 515 1121 593 ὑποδοχῆς,
1132 515 1196 594 πρὸς
1216 513 1242 572 δέ
1258 523 1314 582 ταῖς
1325 516 1376 572 τῶν
1388 515 1520 594 ἀρχόντων
1538 514 1666 595 αἱρέσεσιν
1685 517 1763 596 ἀκρι-

155 609 208 662 κῶν
223 606 301 662 ἐθνῶν
316 601 386 667 ε’ντός
406 602 441 666 εἷς
459 598 579 666 ἐπίδειξιν
594 603 640 670 τῆς
654 598 749 678 τύχης·
766 599 812 658 καλ
824 601 935 671 ἤλαυνεν
982 601 1030 672 6ης
1050 602 1095 660 καὶ
1116 600 1227 681 τιμωρός
1242 605 1293 660 τῶν
1308 600 1481 660 ἀπειθούντων
1502 601 1696 682 ἀπαραίτητος,
1720 603 1764 662 ἐπί

156 691 199 749 ἐπί
213 690 310 766 Συρίαν
327 687 393 762 μετά
408 693 453 746 τοῦ
463 693 575 765 στρατοῦ
589 687 696 753 παντός.
708 689 744 747 Οί
757 687 784 746 δέ
798 687 937 765 ’Ἀντιοχεῖς
983 689 1009 745 δὲ
1023 695 1077 754 τοῖς
1098 689 1220 766 πολέμοις
1240 687 1353 770 ἀριστος.
1375 687 1408 748 ‘0
1431 687 1458 747 δὲ
1477 688 1584 760 Ούοίλης
1605 693 1651 760 τῆς
1666 690 1764 768 Ἀρείου

155 782 205 855 οὖχ
214 777 295 846 ἡδέως
306 774 497 853 διέκειντοπρὸς
506 773 592 846 αύτδν,
603 773 663 832 ἀλλ’
672 773 845 834 ἀπέσκωπτον
858 774 936 832 αύτδν
983 773 1066 845 δόξης·
1079 774 1298 851 μεταποιούμενος
1315 774 1436 852 μέγιστον
1448 775 1526 833 ἐκίνει
1544 774 1613 834 κατά
1628 779 1679 834 τῶν
1694 781 1763 856 Χρι-

156 867 235 944 ιξιδαῖς
251 863 296 922 καλ
308 863 453 941 παρῳδίαις
467 860 576 926 καὶτοῖς
588 860 756 937 καλουμένοις
770 859 936 942 φαμόισσοις,
983 865 1094 920 στιανιῖιν
1106 862 1238 940 διωγμόν,
1253 867 1287 930 ὡς
1302 862 1412 929 πολλοὺς
1424 862 1471 939 μέν
1485 865 1511 920 ἐν
1525 871 1579 929 τοῖς
1589 863 1764 943 δικαστηρίοις

157 953 271 1028 μάλιστα
293 949 340 1025 μέν
362 948 405 1006 διὰ
423 949 471 1018 τὴν
494 953 540 1020 τῆς
562 947 680 1014 Νισίόιος
701 947 859 1028 προδοσίαν,
886 951 935 1028 οὐχ
982 949 1157 1027 ἀναιρεῖσθαι,
1181 949 1292 1016 πολλούς
1307 949 1335 1008 δέ
1355 949 1400 1009 καὶ
1422 949 1531 1029 ἐξορίσις
1553 949 1764 1027 θπούοθλεσθαι,

158 1039 251 1112 ἥκιστα
263 1037 290 1096 δέ
302 1036 346 1095 καλ
360 1036 419 1116 περί
434 1039 505 1116 σφῶν
521 1037 605 1094 αὐτῶν
620 1034 745 1110 δεδιότες,
759 1033 797 1112 μή
814 1059 877 1095 ποτε
892 1037 937 1094 καί
983 1035 1027 1092 καλ
1041 1035 1132 1102 αὐτοὺς
1143 1033 1169 1094 δέ
1180 1035 1239 1102 τούς
1248 1036 1316 1094 κατά
1330 1035 1378 1108 τὴν
1391 1035 1487 1115 ἔρημον
1499 1035 1698 1114 ἐμφωλεύοντας
1711 1041 1764 1094 τιῖιν

157 1124 248 1191 αὐτούς
269 1121 391 1203 πρόοιτο,
416 1122 557 1198 ἀγαπήσας
577 1123 622 1180 καί
647 1125 673 1180 ἐν
697 1120 777 1202 ὀλίγῳ
800 1122 874 1201 μέρει
890 1126 937 1192 τῆς
983 1123 1054 1180 ίδίων
1064 1127 1151 1195 σηκῶν
1161 1123 1361 1184 ἀπελαύνεσθαι.
1385 1126 1452 1184 Καθ’
1466 1122 1495 1182 θν
1508 1121 1600 1202 χρόνον
1613 1127 1660 1195 τῆς
1674 1122 1722 1199 μίν
1737 1127 1764 1182 ἐν

157 1212 313 1289 Ῥωμαϊκῆς
328 1209 479 1284 οἰκουμένης
491 1212 604 1289 κρατεῖν·
619 1207 812 1285 καθαπτόμενοι
826 1209 871 1268 καλ
890 1213 937 1281 τῆς
983 1207 1078 1289 Ῥώμη
1101 1209 1241 1282 ἐκκλησίας
1264 1211 1384 1289 Λιόέριος
1408 1209 1589 1290 προειστήκει,
1617 1215 1663 1281 τῆς
1687 1209 1714 1268 δέ
1738 1213 1765 1268 ἐν

156 1299 275 1378 γυναικός
289 1301 368 1356 αὐτοῦ
381 1297 423 1356 διδ
434 1297 482 1368 τὴν
491 1302 536 1356 τοῦ
545 1299 615 1376 ίεροδ
629 1296 821 1377 καταστροφήν.
835 1297 936 1376 Ἀδρια·
984 1293 1162 1377 Ἀλεξανδρείᾳ
1176 1295 1341 1369 Ἀθανοίσιος,
1352 1295 1398 1355 καί
1410 1301 1455 1367 τῆς
1466 1298 1493 1353 ἐν
1507 1296 1705 1356 Κωνσταντίνου
1716 1297 1763 1355 πό-

157 1389 197 1454 νός
209 1386 257 1462 μὲν
273 1385 323 1464 γάρ
344 1389 358 1444 θ
380 1383 501 1464 βασιλεὺς
515 1386 550 1450 τίς
564 1381 710 1442 ἀποθέωσιν
731 1384 776 1442 καλ
790 1383 870 1460 τιμὴν
891 1390 936 1443 τοῦ
983 1383 1023 1440 λει
1035 1382 1155 1452 Εὐδόξιος
1168 1388 1215 1456 τῆς
1229 1383 1326 1464 Ἀρείου
1339 1383 1478 1463 θρησκείας
1491 1382 1657 1450 διδάσκαλος.

157 1473 254 1550 πατρὸς
272 1475 406 1551 Τραϊανοῦ
422 1471 506 1530 ἔκτισε
522 1469 613 1549 μικρόν
632 1493 689 1528 τινα
705 1470 750 1529 καλ
763 1469 936 1549 χαριέστατον
1338 1513 1391 1569 ¹83

156 1560 233 1632 ναόν,
255 1558 283 1618 δν
306 1559 446 1624 Ἰουλιανὸς
466 1556 650 1636 θπαραόοίτης
672 1557 842 1634 βιδλιοθήκην
860 1581 936 1616 κατε·

157 1646 291 1704 σκεύασεν·
303 1645 330 1703 δν
341 1644 388 1702 σύν
398 1644 450 1710 τοῖς
459 1643 567 1721 βιόλίοις
576 1642 702 1711 Ἰούιανός
711 1642 868 1704 κατίκαυσε.
883 1642 937 1703 Καὶ
1024 1627 1089 1681 Εχρ·
1102 1627 1187 1684 sm·
1197 1646 1228 1701 P·
1240 1626 1297 1700 399
1311 1642 1318 1683 ἶ
1333 1622 1548 1690 οὗαλρνρίνίρθθθ
1558 1628 1571 1682 ρ
1581 1623 1672 1701 ρίΥρί·
1688 1625 1762 1683 θρα·

156 1733 242 1791 πολλά
262 1736 297 1800 εές
312 1732 388 1790 αὐτόν
410 1730 533 1789 εἰπόντων
546 1733 597 1788 τῶν
614 1729 780 1808 Ἀντιοχέων,
797 1730 936 1809 [ἐπράχθη
982 1711 1131 1818 ἓρνῗῑνῑανῷ
1146 1712 1277 1820 πρρρθλθΙθε
1289 1709 1353 1788 γυνθ
1364 1709 1449 1820 ’Κίρρα
1460 1715 1506 1782 τῆς
1518 1710 1606 1776 Οὐσίας
1621 1712 1701 1782 αὐτῆς
1713 1711 1765 1769 {ma

157 1821 188 1878 διν
205 1821 328 1898 ότοπα,]
351 1821 373 1877 εί
388 1819 424 1895 μὴ
447 1817 604 1882 Σαλούστιος
619 1816 825 1896 παραγενόμενος
838 1817 937 1875 ἔπαυσε
994 1798 1111 1858 Ρρδρνθῦ
1124 1821 1297 1876 πρῦῑιποσιτου
1310 1799 1481 1876 ἁρπαγείσης·
1500 1796 1553 1856 θδέ
1567 1797 1691 1878 ἐπέτρεψε
1707 1801 1763 1858 Σθ·

156 1907 204 1978 τφ,
214 1905 304 1965 στρων
316 1905 361 1964 χαγ
372 1905 416 1963 τὸ,
431 1903 557 1963 ’laeuam
571 1903 608 1979 μὴ
623 1903 779 1982 pompm
791 1901 936 1981 παρώρμη.
982 1886 1094 1964 λουστίῳ
1108 1894 1195 1964 κρῖναι
1207 1885 1289 1956 αὐτὴν
1297 1930 1306 1956 ,
1322 1884 1368 1942 κοιλ
1381 1885 1521 1963 κατεκρίθη
1533 1889 1547 1944 θ
1562 1883 1685 1951 Ῥοδανός
1698 1887 1763 1944 ἀπο·

157 2017 201 2054 σεν
214 1996 398 2072 ὁδοιπορῆσαι,
411 1991 456 2056 καλ
469 1996 552 2051 ταῦτα
566 1994 693 2069 χειμῶνος
707 1989 792 2062 ὄντος,
805 1991 849 2048 ἐπὶ
862 1993 936 2050 Κιλι·
982 1973 1070 2081 {own
1085 1971 1117 2030 τί
1130 1971 1291 2078 θρπαθὲπρ·
1305 1971 1351 2039 Ὡς
1364 1971 1386 2076 {⁸
1400 1973 1447 2030 οὒκ
1463 1971 1593 2044 ‘mmm’
1608 1972 1653 2030 καί
1667 1977 1683 2044 θ
1699 1971 1764 2050 γυνθ

156 2082 217 2140 κίαν
230 2081 274 2139 καί
290 2078 435 2141 Γαλατίαν.
451 2078 504 2138 Καί
516 2077 641 2142 Ἰοὸιανὸς
655 2075 703 2153 μὲν
718 2078 745 2134 ἐν
756 2077 937 2144 ’Δαδαστείνοις
982 2061 1079 2138 “Qus
1091 2058 1199 2118 ἔκαυσεν
1213 2061 1290 2118 ρθτω
1306 2061 1332 2117 θ’
1347 2081 1384 2138 '“P
1395 2061 1552 2139 ἱἐίθῑρδρθίρθ)
1565 2063 1579 2118 ρ
1593 2060 1723 2139 ρρρῑθρθί·

159 2169 266 2242 ἀφίκετο
275 2167 322 2238 τὴν
336 2172 381 2226 τού
397 2170 512 2246 Χριστοῦ
527 2165 602 2232 δόξαν
614 2164 809 2243 ἀνακηρύττων.
1340 2190 1405 2257 184Ι

195 2255 260 2314 Ὀτι
284 2253 409 2321 Ἰοόιανὸς
430 2252 498 2312 κατὰ
518 2251 565 2322 τὴν
585 2251 726 2328 ἡγεμονίαν
739 2250 823 2318 κοινός
844 2273 872 2310 τε
892 2249 936 2308 καλ

156 2341 296 2421 ἐλευθέριος
307 2340 389 2409 ἔδοξεν
403 2331 478 2398 εἶναι.

1022 2313 1090 2366 Εεο.
1103 2314 1146 2368 De
1166 2311 1252 2366 insid.
1268 2330 1297 2386 p.
1314 2309 1351 2366 63
1375 2329 1382 2368 :
1406 2308 1472 2369 Ὀτι
1487 2307 1530 2366 ἐπί
1551 2309 1702 2376 Οὐάλεντος
1717 2315 1763 2369 τοῦ

983 2395 1179 2476 ἀρειανόφρονος
1194 2395 1240 2455 καὶ
1254 2399 1415 2475 Γρατιανοδ,
1431 2395 1577 2474 Προκόπιος
1595 2400 1641 2466 τῆς
1665 2399 1764 2475 σχολῆς

254 2497 564 2558 θγἍΕΝῃΝγΑΝΟΣ
585 2497 650 2556 ΚΑΙ
671 2496 836 2556 οΥΑΛΗΣ,
983 2483 1189 2560 ἐπιλαθόμενος,
1212 2483 1384 2555 ἐπανίσταται
1402 2487 1434 2562 τῇ
1455 2482 1653 2543 Κωνσταντίνου
1671 2483 1763 2559 πόλει,

983 2570 1098 2654 ἐθορύόει
1119 2593 1148 2628 τε
1163 2569 1197 2628 τά
1218 2571 1244 2628 ἐν
1261 2572 1329 2650 αὐτῇ
1346 2569 1467 2649 βασίλεια
1489 2571 1601 2642 ίκανῶς,
1617 2571 1720 2630 πολλῶν
1735 2594 1764 2628 τε

515 2644 580 2702 ¹8²·
867 2704 877 2724 .
982 2657 1080 2736 γίνεται
1094 2655 1177 2732 φόνων
1189 2656 1234 2715 καί
1249 2660 1389 2738 συμφορῶν
1402 2657 1491 2724 σίτιος.
1504 2657 1557 2716 Καὶ
1568 2656 1645 2738 μέχρι
1658 2657 1705 2733 μέν
1719 2647 1763 2714 οδν

197 2753 265 2807 Εκο.
285 2752 327 2806 De
339 2750 402 2806 virt.
421 2768 450 2824 p.
467 2749 524 2813 846
542 2770 548 2803 :
564 2746 629 2806 Ὀτι
646 2745 860 2812 Οὐαλεντινιανδς
874 2767 935 2825 χρι-
981 2746 1049 2810 τινὸς
1062 2749 1109 2814 τῆς
1123 2743 1206 2824 τύχης
1224 2743 1353 2824 διαφόροις
1367 2747 1438 2824 αὐτῷ
1452 2767 1481 2802 τε
1495 2743 1540 2803 καί
1554 2745 1683 2804 Οὐάλεντι
1699 2747 1764 2823 βρα-

157 2835 258 2900 στίανδς
271 2833 307 2892 ὢν
322 2833 367 2892 καί
382 2832 413 2890 τὰ
435 2837 479 2891 τοῦ
501 2835 638 2910 θμυουσίου
650 2836 768 2912 φρονῶν,
791 2831 863 2892 οθδέν
876 2833 934 2899 τοθς
983 2831 1123 2904 θευούσης,
1139 2831 1229 2908 ἔμενεν
1247 2835 1261 2889 δ
1282 2830 1404 2909 τύραννος
1421 2830 1537 2902 ἀκλινής·
1551 2833 1641 2902 ίπειδὴ
1664 2829 1691 2890 δέ
1715 2829 1765 2889 ύπδ

156 2923 285 2987 ἐναντίους
298 2921 392 2990 ἠδίκει.
416 2920 537 2996 Ἐγένετο
551 2920 577 2978 δὲ
597 2919 641 2978 καὶ
664 2919 728 2999 πρὸς
740 2919 770 2977 τό
788 2921 935 2996 νομοθετεῖν
982 2924 1033 2978 τῶν
1045 2918 1115 2977 ίδίων
1128 2917 1283 2996 ἐγυμνώθη,
1304 2918 1408 2993 δέσμιος
1425 2921 1451 2976 ἐν
1464 2918 1595 3000 Νσκολείορ
1608 2919 1683 2977 πολει
1694 2919 1764 2978 Ούοί-

157 3009 339 3083 ἐτοιμότατος,
355 3007 495 3086 φροντίζων
510 3008 554 3065 κοιλ
566 3011 612 3078 τῆς
622 3011 672 3064 τῶν
686 3010 823 3085 θησαυρῶν
835 3006 936 3072 δικαίας
982 3008 1050 3064 λεντι
1064 3005 1212 3086 προσήχθη·
1226 3007 1281 3064 ἐκεῖ
1293 3027 1321 3062 τε
1337 3005 1390 3063 δύω
1403 3005 1514 3083 δένδρων
1528 3007 1637 3071 ἐκδεθεὶς
1652 3007 1764 3064 διεσπα-

163 3177 253 3236 guntur
261 3187 301 3236 αφ.
312 3174 420 3233 suidam,
433 3174 475 3235 qni
485 3175 518 3222 ita
527 3175 602 3236 ροτρίί
613 3188 619 3223 :
632 3173 706 3228 Οὗτος
717 3173 775 3235 μετὰ
784 3174 921 3230 Ἰουλιανόν,
931 3177 962 3229 ὡς
971 3173 1069 3236 είρηεαι,
1077 3178 1117 3230 τῆς
1127 3171 1253 3234 Ῥωμαίων
1264 3172 1384 3234 βασιλείας
1400 3172 1512 3234 ἐγκρατὴς
1521 3171 1659 3234 γενόμενος,
1670 3171 1764 3220 πάντων

163 3247 338 3308 καταφρονήσας
347 3245 474 3300 ἐσπούδαζε
482 3249 524 3292 τοῦ
534 3243 663 3304 συμύάντος
672 3243 737 3304 αὐτῷ
747 3243 876 3304 ἀξιώματος
885 3243 1018 3291 ἀπολαῦσαι
1027 3279 1034 3303 ,
1044 3245 1084 3292 καὶ
1093 3244 1182 3306 φεύγων
1189 3245 1217 3292 ἐκ
1227 3244 1338 3304 Περσίδος
1346 3245 1443 3293 ἔσπευδε
1452 3243 1558 3300 γενέσθαι
1567 3247 1614 3290 τῶν
1623 3233 1763 3302 Ῥωμαίκιδν

162 3317 233 3364 ἐθνῶν
246 3316 310 3370 ἐντὸς
325 3316 357 3370 είς
367 3313 472 3370 ἐπίδειξιν
487 3319 527 3372 τῆς
537 3314 608 3374 τύχης
618 3347 626 3371 ,
636 3315 675 3360 καί
687 3314 728 3370 τὴν
738 3315 757 3362 N
761 3313 831 3360 ίσιδιν
840 3313 906 3362 πόλιν
915 3316 963 3368 τοῖς
975 3313 1092 3374 Πέρσαις,
1107 3313 1180 3361 παλαι
1190 3313 1314 3373 Ῥωμαίοις
1325 3311 1397 3361 οὖσαν
1411 3313 1545 3372 κατήκοον,
1556 3312 1686 3360 ἐκδίδωσιν.
1699 3312 1764 3359 Ἀπέ-

159 3403 269 3435 σκωπτον
283 3385 324 3434 οὗν
336 3386 406 3434 αύτδν
424 3387 493 3448 ᾠδαῖς
510 3387 550 3434 καὶ
567 3384 694 3448 παρῳδίαις
709 3387 808 3441 καὶτοῖς
824 3385 973 3446 καλουμένοις
982 3385 1119 3446 φαμώσσοις
1132 3382 1178 3442 (τί.
1192 3383 1260 3432 suia.
1273 3395 1297 3432 v.
1314 3381 1473 3444 Φάμωσσα),
1485 3381 1523 3430 διά
1533 3385 1574 3439 τὴν
1591 3387 1632 3439 τῆς
1649 3381 1765 3436 Νισίδεως

159 3455 294 3518 προδοσίαν.
305 3456 333 3502 ¹0
349 3455 373 3502 δὲ
391 3455 501 3510 Ἰοδιανδς
520 3455 547 3502 ἐκ
562 3461 602 3512 τῆς
618 3455 727 3516 γνναεκὸς
737 3454 964 3511 αι’ποῦκινηθείςτδν
981 3457 1027 3504 ύπδ
1045 3455 1161 3516 Ἀδριανώ
1172 3459 1214 3503 τοῦ
1233 3455 1348 3517 βασιλέως
1364 3453 1486 3504 κτισθέντα
1503 3453 1559 3500 ναόν
1576 3453 1727 3516 χαριέστατον
1743 3455 1766 3510 ίς

158 3526 289 3574 ἀποθέωσιν
298 3528 340 3574 τού
349 3525 434 3586 πατρὸς
448 3528 577 3586 Τραϊανοῦ,
588 3524 651 3587 παρὰ
667 3525 691 3573 a&
706 3529 749 3573 τοῦ
765 3525 893 3573 Ἰουλιανοῦ
912 3525 1087 3574 κατασταθέντα
1104 3525 1252 3586 βιδλιοθήκην
1268 3523 1373 3586 εὐνούχῳ
1382 3527 1427 3572 τινί
1444 3522 1568 3584 θεοφίλιρ,
1585 3524 1706 3582 κατέφλεξε
1723 3525 1766 3571 σύν

159 3599 231 3644 πᾶσιν
241 3595 275 3650 οῑς
284 3595 334 3657 εἶχε
344 3595 454 3658 βιδλίοες,
465 3595 541 3643 αὐτῶν
552 3601 598 3643 τῶν
608 3595 757 3643 παλλακίδων
767 3596 925 3657 ύφαπτουσῶν
935 3593 993 3656 μετὰ
1002 3594 1104 3655 γέλωτος
1112 3593 1154 3650 τὴν
1162 3593 1244 3653 πυροίν.
1262 3595 1291 3641 Οί
1301 3593 1326 3641 δὲ
1342 3593 1463 3655 Ἀντιοχεῖς
1472 3591 1641 3652 ἠγανάκτησαν
1650 3593 1712 3638 κατὰ
1723 3595 1766 3638 τοῦ

160 3667 287 3726 βασιλέως,
298 3667 336 3712 καί
346 3665 376 3714 τὰ
386 3665 427 3726 μὲν
436 3665 573 3726 ἀπέρριπτον
583 3663 621 3712 διὰ
632 3665 728 3727 βιδλίων
743 3663 767 3720 ἐς
783 3665 810 3712 τό
827 3663 925 3726 ίδαρος,
942 3665 1004 3712 ὥστε
1019 3663 1153 3727 ἀναίρεσθαι
1162 3663 1202 3713 τὸν
1219 3663 1360 3726 βουλόμενον
1377 3665 1417 3711 καί
1435 3662 1618 3724 ἀναγινώσκειν·
1638 3662 1668 3710 τὰ
1680 3661 1705 3710 δέ
1716 3665 1763 3716 τοῖς

158 3737 246 3800 τοίχοις
254 3736 452 3799 προσεκόλλησαν.
463 3735 508 3786 Ἦν
518 3736 542 3785 δὲ
551 3740 648 3784 τοιαῦτα
657 3749 663 3762 ·

282 3825 378 3882 Ἤλυθες
388 3826 415 3874 ἐκ
424 3825 540 3886 πολέμου,
551 3827 582 3880 ὡς
592 3825 676 3886 ὤφελες
685 3823 763 3874 αὐτόθ’
773 3823 876 3874 θλίσθαι’

160 3906 200 3953 καὶ

208 3938 216 3963 ⁹
285 3991 407 4054 Δύσπαρι,
420 3991 480 4046 είδος
489 3991 585 4054 ἀριστε,

160 4077 200 4126 καί
213 4077 244 4126 τά
259 4077 324 4136 ἐξῆς·
340 4079 396 4138 καί,

286 4165 313 4214 ΕΙ
329 4165 362 4226 μὴ
379 4164 426 4225 ἐγώ
442 4179 470 4212 σε
486 4163 564 4212 λαθὼν
574 4163 627 4213 ἀπὸ
643 4162 685 4225 μίν
702 4161 757 4224 φίλα
772 4163 858 4226 είματα
874 4162 956 4223 δύτω,

285 4234 381 4297 χλαῖνάν
392 4233 415 4283 τ’
428 4233 470 4290 ἡδί
483 4233 629 4296 χιτῶνα,τά
643 4233 665 4282 τ’
680 4234 740 4282 αίδῶ
757 4233 943 4295 ἀμφικαλύπτει·

285 4305 355 4354 αὐτὸν
366 4305 391 4353 δί
404 4303 515 4352 κλαίοντα
529 4305 588 4360 θοῶς
601 4303 639 4352 ἐπὶ
656 4304 746 4366 Πέρσας
762 4303 855 4365 ἀφήσω.

163 4395 235 4453 Γραῦς
248 4391 273 4440 δέ
283 4407 317 4447 τις
327 4393 399 4454 μέγαν
410 4393 451 4439 καί
461 4391 534 4440 καλὸν
548 4391 617 4438 αύτδν
629 4391 775 4452 θεασαμένη,
790 4390 897 4451 μαθοῦσά
912 4406 938 4438 τε
950 4388 1047 4443 ἀνόητον
1059 4385 1133 4444 εἶναι,
1149 4384 1285 4446 ἐφθέγξατο·
1296 4403 1308 4427 ι
1319 4385 1394 4434 ὀσον
1406 4389 1478 4445 μῆκος
1490 4383 1530 4431 καί
1546 4382 1640 4446 βάθοςὴ
1651 4379 1736 4442 μωρία.
1753 4399 1765 4420 ν

164 4463 211 4510 Καί
223 4461 292 4518 ἀλλος
307 4463 331 4510 δί
345 4461 438 4517 ἰδιώτης
451 4461 616 4523 ἀποτολμήσας
632 4461 719 4524 μεγάλη
738 4466 766 4522 τῇ
780 4465 844 4522 φωνῇ
860 4461 945 4523 βούραι
964 4461 988 4509 ίν
1006 4463 1041 4520 τῷ
1054 4454 1219 4517 ίπποδρομίιρ,
1237 4455 1328 4515 γελωτα
1343 4455 1447 4516 παρέσχε
1458 4459 1547 4512 πᾶσιν,
1567 4453 1640 4500 είιιὼν
1654 4449 1710 4498 αενά
1726 4451 1766 4497 καί

163 4533 242 4596 ψυχρὰ
254 4538 283 4595 τῇ
293 4531 372 4595 ἡλικία
381 4531 461 4580 αὐτοῦ.
471 4533 516 4580 Καί
528 4531 631 4594 ἐπράχθη
641 4533 670 4580 ἀν
680 4533 756 4580 ἀτοπα
766 4567 773 4592 ,
784 4533 804 4580 εῐ
817 4533 849 4594 μὴ
862 4529 1000 4585 Σαλούστιός
1009 4545 1043 4583 τις
1053 4527 1141 4576 ἔπαυσε
1150 4526 1191 4582 τλν
1201 4525 1294 4575 στθσιν.
1304 4525 1334 4575 ‘0
1341 4527 1366 4574 ὅθ
1375 4525 1486 4580 Ἰθὸιανὸε
1500 4526 1615 4586 χειμῶνος
1624 4519 1689 4574 ὄντος
1698 4521 1766 4568 ὡδοι-

162 4603 228 4665 πόρει
239 4603 277 4650 ἐπὶ
289 4601 393 4651 Κιλικίαν
402 4603 442 4649 καί
453 4601 578 4660 Γαλατίαν,
588 4603 628 4649 καὶ
639 4602 663 4649 ἐν
673 4601 830 4657 Δαδαστοίνοις
844 4601 958 4660 ἀπέθανε,
971 4599 1063 4662 μύκητα
1074 4597 1267 4658 πεφαρμαγμένον
1281 4596 1369 4658 φαγών.
1383 4595 1450 4644 Κατὰ
1459 4595 1484 4642 δέ
1498 4595 1540 4650 τὴν
1551 4589 1677 4652 ἡγεμονίαν
1691 4590 1767 4643 κοινὸς

163 4674 203 4720 καὶ
215 4672 339 4732 ἐλευθέριος
349 4671 423 4726 ίδοξεν
437 4671 506 4720 εἶναι.
521 4674 582 4719 cum
593 4669 719 4730 postremis
728 4670 759 4718 τί.
770 4673 870 4732 Ειιιτορ,
879 4671 896 4720 1,
909 4672 941 4719 λι
954 4674 988 4719 κε
998 4667 1155 4726 homanum
1162 4667 1318 4727 ρτίποίγιειιιι,
1333 4667 1379 4728 ρειί
1389 4667 1412 4712 εί
1421 4663 1608 4720 successerunt,
1620 4657 1768 4706 interdiana

164 4743 267 4791 relatus
279 4745 326 4791 εει.
338 4745 406 4791 Nam
417 4743 442 4790 εί
453 4740 581 4790 civilitate
591 4742 705 4801 ρεορίοτ,
721 4743 856 4789 τισαίατο
869 4739 1010 4789 admodum
1020 4734 1210 4795 liberallsfutt.
1225 4737 1338 4784 ceterum
1351 4747 1374 4783 v.
1384 4734 1519 4783 ΤίΙΙιτιιιοιιι
1533 4733 1574 4791 w,
1587 4743 1610 4791 p.
1624 4730 1667 4776 σαί
1678 4729 1702 4775 εί
1711 4731 1766 4777 7⁰².

197 4818 236 4862 Fr.
257 4817 308 4862 18².
325 4813 412 4862 Eadem
422 4811 540 4861 διαλύειν.
551 4809 747 4863 Οὐαλεντινιανός.
758 4835 790 4845 -
801 4811 847 4858 ἐπὶ
859 4810 888 4858 δὲ
899 4807 976 4870 τοῖς]
987 4806 1024 4856 ἐπί
1037 4823 1062 4854 τε
1073 4809 1121 4859 τοῖς
1132 4805 1211 4853 θαλίαι
1221 4805 1275 4852 cod.
1287 4808 1315 4853 Α.
1325 4831 1356 4840 -
1367 4801 1620 4866 μεταποιούμενος
1633 4797 1711 4860 κτλ]
1729 4813 1767 4858 με

163 4883 331 4963 ταποιούμενος
340 4883 438 4938 πολλοὺς
446 4881 541 4944 έξορίαις
550 4881 661 4930 ύπέδαλα.
672 4879 730 4928 Καθ’
742 4881 768 4928 θν
777 4879 860 4943 χρόνον
871 4881 922 4928 κτλ.
934 4878 1027 4928 ὃυίθοε.
1037 4905 1067 4914 -
1076 4873 1186 4937 ἐκίνει]
1197 4874 1266 4923 ἐνίκει
1278 4875 1334 4924 cod.
1343 4900 1374 4911 -
1382 4879 1431 4932 τῆς
1445 4876 1475 4923 Κ.
1486 4868 1616 4932 πόλεως]
1630 4868 1653 4916 ἐν
1662 4869 1692 4916 Κ.
1702 4868 1768 4917 πόλει
1827 4901 1832 4910 ·

164 4953 302 5069 sufdffiss.
318 5018 424 5068 Eandem
436 5031 487 5070 rem
498 5021 579 5068 οετειί
588 5019 673 5068 suidas
683 5031 705 5068 v.
719 5018 857 5077 Σαλούστιος
870 5019 942 5082 (vide
955 5018 1058 5081 Εοιιεγιίί
1069 5019 1095 5067 [ι.
1107 5017 1168 5079 σο),
1180 5017 1270 5066 chron.
1285 5015 1370 5065 ΡεεοΙι.
1388 5027 1412 5077 ρ.
1431 5018 1490 5072 558,
1502 5009 1626 5112 οεδεριιυε
1636 5011 1662 5069 1,
1678 5019 1703 5070 ρ.
1722 5009 1767 5058 οίί

165 5091 221 5140 edd.
234 5091 308 5138 Βοιιιι.
326 5091 351 5138 εί
364 5094 466 5150 Symeon
477 5089 596 5149 logotheta
607 5089 632 5138 in
646 5089 735 5139 chron.
751 5101 797 5138 ωε.

198 5162 236 5208 Fr.
252 5162 302 5208 1³⁴.
317 5157 691 5222 Νακολεία1ίίακωλείφεοά.
