3868 5728
798 363 1048 424 FRAGMENTA.
1667 373 1717 428 iar

129 493 210 554 λαθὼν
224 494 316 574 καιρδν
329 499 375 554 νῦν
386 496 456 576 αὐτῷ
465 492 626 574 παρεστάναι
636 518 668 573 τη
682 495 757 554 πόλει
769 495 900 556 ἐπιθέσθαι
947 492 994 566 τήν
1006 491 1091 552 πύλιν.
1107 492 1160 553 Καὶ
1176 498 1189 552 θ
1211 492 1257 571 μὲν
1276 492 1433 572 Θευδέριχος
1452 492 1531 562 οὕτως
1554 495 1721 576 ἀπεχώρησε.

129 584 215 662 καὶτῷ
229 584 337 662 βασιλεῖ
350 585 441 662 αὐτῷ,
456 590 510 640 πᾶν
525 581 598 647 εὐθὺς
618 581 767 654 ἀναστήσας
789 582 818 642 τὸ
835 587 902 663 βαρ·
949 580 1016 647 Tol<
1028 579 1054 638 δὲ
1064 579 1123 661 περὶ
1138 579 1284 659 Προκόπιον
1297 580 1341 640 καλ
1356 579 1507 639 Βούσαλθον
1521 583 1645 649 πολλάκις
1657 584 1722 641 ἀπο·

130 667 229 748 θαρικδν
243 661 310 746 ἧκε,
335 670 411 740 δῆθεν
435 667 482 745 μὲν
501 671 537 735 ὡς
561 667 715 746 βουλόμενος
729 671 799 750 αὐτῷ
819 693 847 728 τε
866 673 902 752 τῷ
948 667 1062 726 στέλλων
1073 668 1145 746 παρά
1157 667 1316 747 Θευδερίχου
1327 666 1557 746 ἐξήτει,ἐνδειγμα
1568 674 1616 741 τῆς
1626 669 1724 736 εὐνοίας

131 759 227 837 βασιλεῖ
240 757 287 814 καλ
304 760 338 835 τῇ
358 757 433 814 πόλει
451 759 563 832 ἀμῦναι,
580 755 710 834 πρόδηλος
725 757 751 815 δὲ
766 755 802 816 ὧν
823 767 903 816 πᾶσιν
949 754 995 813 καί
1009 753 1151 822 εὐπειθείας
1164 755 1240 813 αὐτὸν
1253 761 1330 814 τοῦτο
1346 753 1423 822 ἀξιῶν
1441 755 1633 834 παρασχέσθαι.
1649 755 1683 816 ‘0
1698 755 1725 814 δέ

129 844 167 924 ἐρ’
187 843 236 926 inq»
259 843 396 924 ἠπείγετο.
423 842 549 910 Βασιλεὺς
571 843 599 902 δὲ
618 841 731 912 ἀκούσας
753 845 835 904 ἱππέα
850 845 902 913 ἐξέ·
949 841 1035 900 πᾶντα
1060 841 1107 918 μὲν
1132 841 1204 918 ἐλεγε
1228 842 1361 900 πείθεσθαι
1383 845 1420 922 τῷ
1445 845 1562 921 βασιλεῖ,
1585 842 1622 920 μὴ
1638 843 1726 919 μέντοι

129 935 211 1012 raptu
233 931 279 989 καὶ
302 932 423 1012 βασίλεια
448 931 612 1012 γράμματα,
627 937 673 1004 τῆς
695 933 740 1008 μὲν
759 933 903 1014 προθυμίας
950 927 1019 986 θσιον
1035 929 1155 1001 Γύιθοις,
1171 929 1260 1008 ὥσπερ
1275 930 1333 988 οὐδὲ
1350 929 1437 996 ἄλλοις
1457 929 1617 1008 ἀνθρώποις,
1638 930 1727 996 ἱκέτας

130 1021 201 1078 αὑτὸν
214 1022 338 1091 ἐπαινῶν,
358 1019 471 1078 κελεύων
485 1019 511 1077 δὲ
527 1021 656 1092 ἀπελθεῖν,
671 1023 706 1087 ὡς
720 1021 807 1080 ούκέτι
826 1020 904 1096 ούσης
949 1015 994 1072 καλ
1007 1015 1135 1096 σωτηρίας
1150 1015 1284 1093 δεομένους
1299 1017 1446 1096 ἀνθρώπους
1459 1026 1512 1084 τοῖς
1528 1018 1618 1076 λαθεῖν
1634 1020 1726 1096 βουλο-

128 1107 227 1186 χρείας,
242 1105 280 1181 μὴ
296 1107 371 1182 μολις
393 1117 563 1166 καταστᾶσαν
582 1109 612 1165 ἐκ
630 1107 745 1167 τοιούτου
759 1108 841 1168 σοίλου
855 1107 902 1180 τήν
950 1101 1036 1178 μὲνθῑς
1058 1104 1187 1161 ἐκδιδόναι
1209 1103 1363 1184 προχείροις.
1389 1104 1454 1164 'Eds
1469 1097 1513 1163 οθν
1528 1106 1619 1172 αὐτοὺς
1638 1105 1726 1181 ἠξίου,

129 1195 200 1252 πολιν
217 1184 290 1260 αὖθις
304 1197 341 1260 εἰς
355 1194 477 1252 ὑπόνοιαν
492 1193 650 1270 ἐμὸαλόντες
674 1195 764 1275 ἑτέραν
782 1196 812 1254 τδ
826 1201 901 1274 θορυ-
949 1187 1041 1263 μηδενί
1051 1188 1120 1260 rili
1132 1189 1149 1260 ἢ
1159 1188 1208 1247 ὅσα
1221 1193 1267 1262 ζῆν
1279 1189 1405 1269 ὀχληροὺς
1418 1191 1564 1267 ἐσομένους.
1583 1193 1635 1252 Καὶ
1645 1196 1668 1250 οἱ
1679 1191 1726 1268 μὲν

128 1281 226 1340 δεῖσθαι
241 1283 330 1360 ριλοῦν
343 1283 379 1348 sle
390 1281 471 1360 χείρω
485 1281 530 1340 καλ
545 1281 649 1358 μείζονα
663 1282 822 1361 ἕκταροίξωσι
836 1283 902 1342 στοί-
950 1273 1018 1333 olitis
1043 1276 1129 1356 βραχύ
1152 1299 1178 1334 τι
1200 1276 1288 1354 γήδιον
1313 1276 1450 1354 νεμόμενοι
1473 1277 1546 1356 παρθι
1575 1280 1728 1359 Θευδερίχιρ

128 1392 176 1428 σιν.
193 1367 226 1428 Ὁ
242 1369 269 1426 δὲ
282 1368 358 1434 αὐτὸς
373 1368 421 1445 μὲν
437 1368 485 1449 ἐρη
502 1372 539 1448 τῷ
555 1372 657 1449 βασιλεῖ
672 1369 817 1444 πείθεσθαι,
832 1371 861 1430 τδ
875 1371 902 1430 δὲ
950 1365 1048 1441 διῆγον.

128 1460 221 1526 πλῆθος
235 1457 322 1516 οὐκέτι
334 1457 458 1516 δύνασθαι
473 1459 650 1538 ἀναστρέφειν,
664 1458 784 1518 τοσοῦτόν
799 1482 827 1516 τε
842 1461 902 1518 συλ·
989 1455 1158 1530 Fragmenta
1176 1455 1210 1510 18
1232 1467 1260 1510 et
1286 1475 1320 1530 19
1337 1457 1367 1510 in
1388 1459 1456 1516 Exc.
1480 1460 1522 1512 De
1536 1458 1620 1530 legat.
1639 1459 1724 1512 Rom.

127 1546 196 1620 λεγέν
211 1547 256 1604 καί
268 1545 346 1625 μέρος
357 1569 382 1603 τι
397 1547 426 1604 οὗ
440 1545 525 1624 βραχὺ
538 1543 704 1602 διαναπαύων
716 1545 791 1622 (λίαν
801 1547 903 1612 ἀπειθές
946 1544 1040 1617 primo
1051 1554 1079 1598 et
1090 1543 1215 1598 secundo
1226 1545 1290 1598 loco
1305 1543 1482 1617 legebantur,
1496 1563 1584 1616 quum
1594 1545 1659 1599 loco
1671 1563 1728 1618 po-

126 1635 312 1708 cantuum).
321 1631 405 1714 Ὑπέρ
413 1656 440 1690 τε
448 1632 598 1712 γάρτειχῶν
607 1631 697 1690 ούδίνα
708 1632 821 1708 ἐνόμιζεν
830 1636 902 1714 αὐτῷ
947 1642 1051 1685 §tremo
1063 1642 1154 1686 esseni
1168 1629 1353 1690 cOUOCitssdae.
1375 1633 1437 1686 Hoc
1452 1633 1528 1686 enim
1545 1630 1655 1705 flagitat
1668 1644 1728 1686 tum

127 1719 337 1792 ἀναστήσεσθαι,
349 1721 416 1796 μήτε
430 1719 559 1788 ἐπάλξεως
577 1721 707 1798 μηδεμιᾶς
719 1719 786 1796 μήτε
800 1720 900 1801 πύργου
947 1737 1041 1773 rerum
1052 1719 1124 1774 ordo
1136 1719 1365 1792 chronologicus,
1380 1729 1439 1773 turn
1449 1721 1534 1774 series
1544 1720 1727 1787 narrationis,

124 1807 296 1878 ἑστῶτος,κα“ι
308 1807 447 1867 εἰσελθόντι
455 1806 589 1866 ποίντατὸν
597 1809 679 1884 δῆμον
687 1808 859 1886 προσέσεσθαι
867 1813 899 1886 τῇ
948 1806 1060 1877 qualem
1085 1822 1100 1860 e
1124 1806 1236 1860 Malcho
1264 1806 1391 1860 enotavit
1417 1805 1544 1863 Phoiium
1571 1807 1662 1880 Igitur
1691 1807 1727 1860 ab

125 1899 175 1952 τῶν
193 1894 319 1973 Ἰσαύρων
335 1895 474 1974 ἀπεχθείᾳ.
487 1893 519 1954 Ἃ
535 1893 566 1966 δή
581 1895 627 1953 καί
639 1893 797 1974 ροθούμενσς
811 1893 901 1965 Ζήνων
947 1891 1028 1946 initio
1051 1893 1257 1964 Excerptoraun
1277 1891 1314 1945 ad
1336 1889 1422 1946 finem
1439 1891 1498 1946 haec
1520 1894 1725 1947 revocavimus.

125 1981 254 2057 ἐκπέμπει
262 1981 393 2059 Πελοίγιον
401 1981 527 2062 χρήματα
533 1981 627 2061 ἔχοντα
635 1980 768 2054 πολλά,τά
776 1981 902 2064 μδναύτῷ
946 1980 989 2033 De
1000 1979 1084 2034 rebus
1098 1979 1144 2032 fidi
1157 1979 1368 2032 Tillefflfflllium
1380 1979 1436 2045 Vl,
1451 1997 1481 2052 P·
1496 1978 1551 2052 493
1565 1997 1628 2053 sqq.

123 2068 325 2148 Θευδερίχῳ,τά
336 2069 362 2127 δὲ
371 2069 416 2127 καὶ
425 2074 463 2149 τῷ
475 2071 591 2152 Γοτθικῷ
603 2072 641 2148 τῷ
652 2069 730 2127 παντί
741 2068 841 2127 διδόασι
854 2073 861 2146 ί
868 2071 902 2127 δι·

123 2155 194 2213 δόντι
203 2157 299 2231 libb.)
308 2157 366 2227 ,καὶ
378 2155 459 2222 ἀλλος
470 2155 623 2235 ὑποσχέσεις
634 2157 736 2236 δωρεῶν
748 2157 794 2214 οὐκ
801 2155 899 2233 ὀλίγας.

124 2242 224 2302 ’biubi
244 2243 271 2300 δὲ
292 2245 421 2321 Πολύγιος
441 2244 487 2302 καί
509 2243 543 2300 τά
566 2243 614 2320 μὲν
637 2242 797 2314 ἀπειλήσας,
819 2239 852 2300 τθι
876 2241 903 2300 δὲ
987 2249 1088 2304 Suidas
1111 2267 1118 2303 :
1143 2245 1379 2324 Παμπρέπιος.
1395 2240 1478 2312 (lires
1498 2245 1567 2323 μέγα
1588 2245 1658 2326 παρδι
1675 2246 1728 2317 Ζή·
1765 2264 1768 2270 ’

124 2331 318 2409 ὑποσχόμενος,
333 2329 366 2388 ad
392 2329 419 2390 δὲ
442 2331 488 2389 καὶ
509 2331 563 2397 τοῖς
584 2330 719 2410 χρήμασιν
740 2333 787 2389 οὐκ
808 2330 903 2406 ὀλίγοις
948 2354 1009 2388 νιυνι
1024 2330 1153 2403 ἐδυνήθη·
1174 2330 1246 2409 γένος
1266 2331 1313 2408 μὲν
1335 2329 1370 2391 ὢν
1391 2332 1510 2406 Θηθαῖος
1532 2336 1584 2392 τῶν
1598 2332 1667 2392 κατὰ
1682 2334 1728 2404 τήν

122 2407 180 2474 oder
196 2417 227 2474 τὸ
241 2417 318 2496 φύσει
334 2417 491 2498 φιλάργυρον
507 2424 553 2476 τοῦ
571 2417 668 2496 τρόπου
690 2415 830 2493 μετελθὼν,
847 2418 903 2474 δια·
950 2415 1093 2494 Αἴγυπτον,
1109 2416 1185 2498 φύσει
1201 2417 1229 2477 δδ
1244 2419 1308 2499 πρδς
1327 2419 1432 2478 ἅπαντα
1457 2419 1529 2500 δεξιᾷ
1548 2421 1729 2500 χρησάμενος,

122 2503 236 2580 πέμπει.
260 2505 315 2565 Καὶ
334 2503 403 2572 ἐδοξε
426 2504 457 2575 δή
473 2511 548 2564 τοῦτο
562 2511 607 2564 τοῦ
625 2504 704 2584 ρθθου
727 2509 771 2563 τοῦ
787 2504 904 2571 πλείονος
949 2502 1055 2582 ἔρχεται
1073 2507 1108 2572 εἰς
1124 2503 1245 2578 Ἀθήνας,
1265 2507 1310 2566 καί
1324 2506 1397 2586 παρά
1411 2511 1457 2578 τῆς
1480 2507 1580 2573 πόλεως
1602 2529 1730 2588 γραμμα-

124 2591 261 2671 ἀναρέρειν
277 2591 325 2662 τήν
338 2594 424 2654 πύλιν.
445 2593 528 2654 Οὐδὲν
542 2593 593 2672 γάρ
607 2585 639 2665 ήν
658 2593 763 2652 ἐλπίσαι
781 2593 903 2660 εἰσιόντος
949 2591 1019 2658 τικὸς
1033 2591 1154 2670 αἱρεθεὶς,
1168 2593 1253 2671 συχνοί
1261 2617 1289 2652 τε
1299 2595 1450 2654 ἐπαίδευσεν
1460 2593 1506 2666 ἔτη
1515 2639 1522 2667 ,
1532 2595 1579 2654 καί
1590 2595 1729 2666 ἐπαιδεύθη

123 2679 271 2754 ήπολεμόν
292 2703 321 2740 τε
339 2679 411 2739 ἔνδον
426 2681 472 2738 καὶ
492 2686 536 2739 τοῦ
551 2681 646 2747 παντὸς
666 2680 807 2759 ἔμπρησιν.
834 2679 903 2740 Οὐδὲ
950 2682 1014 2754 ὁμοῦ
1029 2678 1077 2738 ὅσα
1090 2672 1120 2751 ήν
1133 2677 1268 2759 σοφώτερα
1283 2681 1332 2738 ὑπὸ
1348 2685 1385 2762 τῷ
1399 2683 1507 2764 μεγάλῳ
1522 2682 1644 2764 Πρόκλῳ.
1665 2689 1729 2744 Δια·

122 2765 174 2844 γάρ
194 2769 218 2824 οἱ
240 2765 358 2846 Ἰσαυροι
379 2766 469 2834 ἀτελῶς
490 2770 661 2848 ἀναχωρῆσαι
682 2767 829 2847 βιαζόμενοι
844 2769 903 2825 ἐπε·
951 2765 1029 2837 toln<
1041 2766 1068 2826 δέ
1080 2770 1151 2846 αὐτῷ
1162 2767 1225 2846 πρὸς
1236 2767 1371 2844 Θεαγένην
1386 2769 1443 2827 τινδι
1455 2775 1507 2829 τῶν
1523 2773 1575 2829 ἐκεῖ
1587 2771 1729 2846 γενομένων

123 2853 207 2923 νόουν,
232 2852 302 2911 ἀλλά
325 2854 430 2920 κοντοὺς
454 2853 567 2934 ὑψηλούς
591 2855 904 2935 προπαρασκευάσαντες,
951 2853 1111 2932 (ἐλλογίμων
1137 2855 1214 2927 conj.
1235 2857 1357 2931 Bernh.)
1377 2855 1525 2928 συστάσης,
1542 2856 1730 2936 θὸρισθιίςύπ’

121 2941 193 2996 λίνον
206 2939 248 2998 ἐπ’
261 2941 349 3020 ἀκροις
362 2942 449 3008 αὐτοῖς
467 2941 659 3022 προσδήσαντες
679 2944 724 3001 καὶ
742 2945 819 3019 θεῖον,
836 2943 904 3000 πολ·
951 2939 1050 2998 ἐκείνου
1070 2939 1115 2998 καί
1140 2940 1255 3016 μείζονος
1279 2939 1297 3011 ἢ
1316 2944 1395 3020 ἐχρῆν
1416 2942 1571 3002 διδάσκαλον
1591 2947 1633 3000 ὑπ’
1652 2946 1730 3002 αὐτοῦ

120 3027 184 3093 iat<
196 3018 268 3106 εἶχον
279 3029 411 3105 ἑτοίμους,
428 3027 524 3088 εἴποτε
538 3035 679 3108 βιασθεῖεν,
691 3029 795 3088 ἅπασαν
806 3028 905 3110 θρέψαι
950 3026 1081 3107 πειραθεὶς
1092 3027 1249 3106 σκευωρίας,
1262 3019 1338 3099 ήλθεν
1351 3031 1386 3096 είς
1396 3028 1544 3102 Βυζάντιον,
1556 3029 1589 3086 τὰ
1603 3028 1648 3105 μὲν
1662 3029 1730 3088 ἄλλα

1314 2137 1362 2174 20.

119 3187 169 3237 iata
178 3224 186 3249 ,
195 3188 241 3237 sibi
252 3188 358 3238 oblatum
365 3190 514 3239 occasionem
524 3191 608 3240 urbem
618 3194 642 3242 et
650 3193 817 3253 imperatorem
828 3191 904 3253 ipsum
949 3191 1082 3251 oportebat.
1091 3193 1213 3240 statutum
1226 3191 1289 3240 enim
1298 3193 1361 3253 apud
1371 3191 1480 3240 animum
1489 3205 1559 3240 suum
1568 3192 1644 3240 Isauri
1656 3193 1731 3242 babe-

118 3264 246 3314 adoriendi
255 3266 410 3328 existimans,
420 3279 530 3328 magnam
537 3268 693 3316 barbarorum
708 3281 806 3316 manum
819 3267 905 3330 coegit,
950 3265 1025 3326 bant,
1039 3266 1059 3314 si
1070 3266 1092 3314 ri
1104 3270 1253 3328 cogerentur,
1276 3267 1340 3316 baud
1359 3268 1451 3331 placide
1460 3267 1520 3316 urbe
1533 3267 1625 3316 cedere.
1647 3271 1731 3331 ltaque

118 3343 239 3392 amoinus
256 3355 283 3392 se
295 3343 504 3406 adimperatoram
517 3348 541 3395 et
555 3345 641 3394 urbem
654 3345 784 3408 epericulo
803 3344 906 3394 liberan-
949 3343 1186 3404 contosprmgrandes
1194 3345 1511 3406 praeparaverant,quorum
1520 3345 1656 3394 inextrema
1664 3349 1731 3406 parte

118 3419 179 3467 dum
191 3419 320 3480 accedere;
329 3421 372 3469 sed
382 3423 534 3471 manifestum
542 3427 593 3472 erat
601 3423 726 3483 omnibus,
738 3437 786 3486 qua
795 3423 825 3472 de
834 3436 906 3472 causa
950 3420 1025 3468 linum
1037 3433 1093 3468 cum
1104 3420 1220 3481 sulphure
1235 3420 1406 3482 alligaverant,
1424 3425 1448 3472 et
1458 3421 1477 3472 si
1489 3421 1533 3471 sibi
1544 3423 1581 3470 ris
1592 3421 1729 3480 inferretur.

119 3499 266 3546 accurreret.
282 3501 367 3560 itaque
376 3501 515 3560 imperator,
522 3500 563 3549 ubi
576 3500 735 3562 iioeaudirit,
745 3500 775 3549 ad
784 3513 840 3550 enm
849 3514 905 3549 cum
950 3498 1080 3546 multorum
1093 3498 1184 3547 auxilio
1194 3511 1269 3559 ‚quos
1278 3498 1323 3547 sibi
1332 3501 1540 3557 consociaverant,
1550 3498 1636 3548 urbem
1647 3500 1730 3549 iucen-

119 3574 206 3623 litteris
225 3573 296 3636 regiis
306 3576 413 3636 equitem
426 3576 515 3633 mittit,
532 3577 639 3626 animum
651 3579 675 3626 ct
687 3579 837 3627 voluntatem
851 3589 906 3638 erga
948 3574 988 3623 dio
1004 3587 1109 3625 cremare
1128 3575 1307 3624 constituerant.
1326 3577 1356 3624 m
1375 3575 1410 3625 ita
1423 3575 1602 3625 Tlieudericbus
1612 3575 1728 3626 discessit.

118 3651 253 3711 relaudat,
267 3651 389 3712 sediubet
402 3665 458 3702 eum
477 3653 601 3715 recedere,
617 3655 674 3716 quia
686 3655 726 3704 iiio
738 3668 786 3704 nou
804 3655 907 3716 amplius
950 3653 1236 3716 Procopium(iiarclaui
1252 3653 1342 3716 nium)
1359 3667 1416 3704 sero
1430 3659 1454 3704 et
1466 3654 1596 3704 ilusalbum
1613 3655 1731 3717 saepiusa

117 3727 165 3776 sibi
177 3741 240 3789 opus
253 3731 330 3786 esset,
342 3741 372 3776 ne
391 3729 513 3779 civitatem
533 3732 574 3780 rix
591 3745 605 3780 a
618 3733 686 3780 tanto
702 3735 763 3780 metu
782 3731 906 3780 liberaum
948 3731 1113 3782 Theodericus
1121 3731 1165 3782 sibi
1179 3731 1242 3780 tradi
1252 3731 1360 3793 petebat,
1373 3735 1401 3780 ut
1410 3732 1434 3780 in
1443 3732 1489 3781 boc
1497 3745 1565 3782 snam
1582 3745 1637 3795 erga
1647 3745 1673 3782 se
1686 3733 1731 3782 be·

117 3807 231 3855 beminen
242 3819 360 3856 acrarum
372 3821 453 3857 rerum
463 3809 543 3870 cupidi
553 3810 577 3858 in
586 3811 657 3859 aliam
670 3811 872 3872 perturbationem
883 3813 906 3860 et
949 3809 1112 3858 nevoieniiam
1126 3811 1151 3858 et
1164 3808 1306 3870 obsequium
1322 3808 1464 3858 declararet.
1480 3808 1526 3858 Sed
1539 3809 1579 3858 iile
1590 3809 1727 3871 respondit,

116 3883 283 3946 umpieionem
292 3887 446 3947 subiicerent,
454 3889 479 3936 et
486 3887 554 3948 longe
562 3888 753 3948 perniciosiorem
760 3890 784 3937 el
791 3887 906 3948 majorem
949 3897 975 3934 se
988 3885 1084 3947 quidem
1094 3886 1118 3934 in
1127 3886 1239 3935 omnibus
1247 3885 1312 3934 dicto
1323 3885 1459 3936 audientem
1476 3885 1527 3936 iore
1538 3886 1686 3948 imperatori,
1696 3889 1731 3936 ta·

114 3961 201 4022 priore
220 3961 513 4012 excitarentseditiouem.
546 3965 589 4012 iiie
605 3963 843 4027 vercrespondit,se
860 3965 906 4014 im·
951 3975 1006 4011 meu
1017 3961 1243 4022 nelasesseGotbis,
1254 3961 1317 4010 sieut
1326 3962 1351 4010 et
1359 3963 1444 4011 ceteris
1453 3963 1603 4023 mortalibus,
1613 3963 1732 4026 supplices
1807 3995 1811 4001 -

114 4039 226 4100 peratori
243 4041 432 4101 obsecuturum,
452 4055 530 4104 neque
547 4045 626 4093 umen
641 4057 709 4106 posse
722 4045 855 4094 exercitum
869 4057 907 4094 re·
950 4041 975 4089 et
985 4053 1035 4100 eos,
1047 4041 1088 4103 qui
1097 4040 1198 4090 salutem
1212 4042 1347 4101 precentur,
1361 4039 1407 4097 itit,
1416 4039 1458 4100 ‘issi
1473 4052 1514 4088 0⁰⁶
1529 4039 1732 4102 wmitiehffldeie

113 4118 210 4166 ἀπειρη
220 4122 316 4168 lantum
326 4124 351 4169 et
367 4120 497 4170 maximam
508 4127 600 4182 partem
610 4122 675 4172 dicio
693 4137 738 4173 suo
757 4136 843 4185 parum
861 4137 906 4172 au·
950 4118 1040 4179 velint,
1051 4119 1159 4180 prodere.
1192 4121 1239 4168 Eos
1251 4118 1323 4180 igitur
1335 4119 1363 4167 iil
1376 4117 1508 4179 omitteret,
1520 4117 1613 4178 ordbiii,
1633 4131 1731 4180 piarent·

113 4197 239 4246 dienteru.
271 4198 387 4258 sperabat
404 4199 483 4260 enim,
505 4202 641 4262 neminem,
660 4203 702 4264 qui
723 4203 842 4252 resisteret
865 4216 907 4265 pro
951 4195 1730 4260 limquumnuilare,nisiquodvirerentsssentmolestiloturi.

113 4275 259 4336 mmaibm,
268 4287 324 4336 que
334 4277 402 4324 nulio
410 4278 589 4338 propugnaculo
598 4281 641 4327 aut
653 4281 719 4328 turre
726 4280 819 4329 mimita
829 4284 906 4341 erant,
952 4277 981 4324 Et
992 4275 1025 4323 iiii
1033 4275 1129 4339 quidem
1137 4275 1200 4336 apud
1208 4272 1481 4334 'theudericbumquod
1489 4273 1669 4335 reliquumritre
1677 4274 1731 4333 luit,

111 4351 162 4400 sibi
184 4365 359 4410 occermurum,
375 4355 400 4400 et
411 4352 475 4402 adse
486 4353 511 4402 in
522 4353 607 4404 urbem
623 4356 794 4418 ingredientem
812 4370 907 4406 omnem
951 4352 1072 4401 inmitium
1084 4364 1167 4412 tilium
1182 4351 1294 4412 θθίθθῑὸν
1305 4351 1476 4410 ¹f⁸¹¹⁸t³ill³f⁸¹¹tr

111 4431 264 4491 popularem
275 4431 371 4480 turbam
380 4431 527 4482 detectorem
540 4438 637 4497 propter
648 4437 729 4484 odium
746 4450 795 4498 quo
815 4440 909 4486 isauros
1316 4432 1363 4483 20·

111 4507 323 4568 mosequebatur.
355 4509 422 4558 idem
433 4513 497 4560 zeno
517 4513 606 4561 veritus
627 4513 701 4562 mittit
714 4514 833 4575 Pelagium
851 4527 908 4563 cum
983 4515 1162 4576 Pamprepius.
1174 4512 1291 4575 iiicapud
1301 4515 1420 4563 zenonem
1433 4513 1537 4562 multum
1545 4511 1733 4574 patritiicnere

111 4583 204 4633 inritis
215 4585 334 4646 ρσουιιίίι,
343 4599 404 4648 quas
412 4589 499 4649 partim
506 4589 685 4650 Theodericum
695 4592 781 4652 partim
791 4591 875 4640 Gothis
884 4592 908 4638 in
953 4591 1074 4640 Thebaeus
1093 4591 1216 4652 AEgyptius
1233 4589 1375 4652 ingenioque
1392 4589 1506 4650 preditus
1524 4587 1554 4636 ad
1572 4588 1652 4636 omnia
1665 4591 1730 4650 apto.

112 4661 265 4710 universum
276 4662 407 4724 divideret,
419 4667 443 4714 et
456 4665 499 4727 qui
508 4667 554 4716 alia
567 4681 615 4715 non
628 4680 701 4730 parra
715 4681 813 4716 munera
832 4679 857 4717 sc
868 4668 910 4716 da·
955 4668 1027 4716 venit
1036 4668 1154 4726 Attienus,
1164 4667 1316 4718 clariritate
1324 4668 1432 4718 deiectus
1443 4665 1628 4729 grammaticus,
1638 4665 1730 4714 multos

111 4739 204 4786 turum
217 4739 355 4800 sponderet
369 4743 453 4803 itaque
463 4745 492 4791 ut
505 4744 612 4806 Pelagius
626 4745 706 4804 scuit,
726 4747 813 4808 parlim
825 4747 909 4808 minis,
954 4747 987 4794 ibi
1001 4745 1168 4795 docuitannos
1178 4765 1184 4795 z
1195 4747 1265 4796 amul
1277 4751 1357 4797 sotem
1368 4747 1414 4796 snb
1429 4757 1514 4806 rengno
1525 4743 1610 4792 Procie
1626 4741 1732 4792 unditus

112 4816 209 4874 perum
222 4817 360 4879 promissis,
369 4818 455 4879 partim
464 4819 597 4881 ingentibus
606 4822 712 4882 pecuniis
721 4823 843 4884 barbaros,
856 4821 910 4873 insi·
954 4826 990 4873 est
999 4826 1023 4872 in
1032 4825 1143 4874 omnibus
1155 4827 1284 4875 recondite
1293 4826 1415 4888 sapientiae
1425 4823 1541 4886 partibus.
1555 4824 1638 4879 Quum
1650 4822 1731 4869 autern

112 4893 173 4939 taur
184 4905 272 4942 eorum
286 4895 413 4944 avaritiam
427 4896 540 4956 adarim,
550 4897 581 4946 ad
597 4899 756 4949 recedendum
769 4901 908 4950 commovit.
955 4900 1191 4951 acalumniatoribur
1200 4903 1262 4964 apud
1276 4903 1425 4964 Tbeagenem
1436 4901 1500 4949 illius
1511 4897 1556 4946 loci
1565 4897 1731 4958 magistratum
1804 4922 1812 4936 ·

114 4971 221 5031 ῑιουο
238 4973 582 5038 erisdmatusestncnparro
598 4981 665 5027 metu
678 4978 799 5028 civitatem
812 4979 910 5030 levasse.
954 4979 1048 5028 delatus
1071 4983 1095 5029 et
1116 4981 1213 5042 gravius
1230 4993 1304 5042 quam
1325 4980 1465 5042 magistrum
1482 4977 1578 5026 deceret
1598 4974 1733 5036 exagitatus

114 5047 184 5094 itam
193 5048 395 5102 Tbeudericboiu
403 5053 525 5102 civitatem
533 5053 679 5117 introducto,
687 5055 827 5118 nibilabud,
839 5070 910 5118 quam
955 5057 1050 5118 inisset,
1066 5058 1206 5118 Byzantium
1218 5057 1292 5106 venit.
1303 5061 1334 5106 Et
1343 5059 1422 5105 cetera
1434 5054 1529 5117 quidem
1542 5053 1632 5100 bonum
1642 5053 1667 5098 et
1680 5063 1732 5112 pro·

115 5119 215 5172 beilum
235 5124 378 5178 intestinum
395 5131 421 5178 et
443 5129 581 5179 uuiversum
600 5131 749 5191 incendium,
772 5136 909 5194 exspectare
955 5134 1012 5181 bum
1023 5134 1253 5196 seprabebat,sed,
1264 5135 1407 5195 utinurbe,
1421 5134 1592 5194 inquaomnes
1603 5127 1732 5180 Christiani

1588 5222 1607 5259 ο.
