3890 5726
809 364 1071 431 rnnouanri.
1201 334 1205 340 ’
1486 369 1494 384 ·
1678 375 1739 425 τοι

137 508 280 588 περιουσῶν
295 507 348 564 τῶν
369 503 551 582 διιεαιολογιῦν
571 502 609 581 τῷ
632 499 741 560 ἕκαστον
763 495 859 557 ἰθίλειν
884 501 918 576 τῇ
967 493 1059 570 α’μέλει
1073 491 1148 552 ὤνιόν
1160 515 1185 551 τι
1195 496 1287 572 χρῆμα
1299 491 1424 574 πρίασθαι
1437 493 1483 563 τήν
1494 492 1607 570 εἰρήνην.
1620 493 1699 554 Οὕτω
1709 493 1741 564 δή

97 639 102 650 .
138 596 197 656 κατ’
215 595 292 652 atris
308 590 447 672 πολιτείσρ,
469 582 511 650 σία
531 589 614 664 εἰειθς,
635 585 806 646 εὐνούστατον
827 585 920 644 ἑαυτὸν
967 581 1018 659 γάρ
1027 583 1050 639 εἰ
1064 579 1157 651 ἔσοιτο,
1174 577 1229 638 οῦτι
1240 569 1305 638 εἶναι
1317 578 1426 656 μόνιμον
1436 578 1493 638 οὐδὲ
1508 579 1626 658 βεθαίαν.
1641 584 1743 660 Χρῆναι

138 685 289 763 ἀποφῆναι,
302 681 378 747 τέλος
395 682 421 746 ἀς
433 676 596 758 δημηγορίαν
608 679 707 754 πρῶτοι
723 674 856 752 Ῥωμαῖοι
871 694 919 732 xa·
967 668 1052 726 τοίνυν
1076 666 1218 743 Ῥωμαίων
1243 667 1332 744 ἔλεγον
1359 670 1383 726 σί
1405 667 1527 744 πρέσθεις
1549 668 1673 747 πρότερον
1697 673 1743 726 τοῦ

136 769 278 840 τέσεησαν.
966 755 1064 814 τοιοῦδε
1082 755 1214 826 ἀπειπεῖν,
1229 751 1296 811 οὕτω
1310 775 1338 811 τε
1358 753 1398 833 ἀφ’
1412 745 1449 818 οἷς
1463 752 1513 811 δέοι
1528 751 1562 810 τά
1576 757 1622 823 τῆς
1642 752 1744 831 εἰρήνης

400 897 449 960 tr·
470 885 552 966 (577-
577 883 662 960 διο)

967 839 1084 918 προϊέναι
1106 838 1305 919 διασκέψασθαι.
1332 841 1386 898 Καὶ
1401 832 1471 906 αὖθις
1490 839 1562 898 ἕκατι
1578 845 1623 898 τοῦ
1646 842 1745 899 τοιοῦδε

967 927 1098 1007 τερθρείας
1112 927 1195 1003 λόγων
1210 925 1406 1006 ἀπερριμμένης
1419 927 1517 996 πολλῆς
1533 926 1558 995 ἐξ
1575 929 1671 1006 ἀμφοῖν
1691 937 1745 986 τοῖν

180 1010 292 1067 Ibidem
310 1029 342 1084 P·
368 1014 521 1074 ἰοῦ-ἰοί
542 1023 549 1065 ²
567 1000 632 1065 ‘01¹
655 1004 679 1061 οἰ
699 1001 820 1082 πρέοὸῑῑς
833 999 923 1070 iffi·
969 1018 1067 1092 μεροῖν,
1088 1013 1133 1072 καί
1153 1015 1202 1091 οὐχ
1217 1012 1408 1092 θποχαλώντων
1428 1016 1454 1071 ἰν
1477 1015 1546 1093 ἀρχῇ
1559 1016 1611 1072 τιῦν
1626 1016 1745 1092 Περσῶν,

139 1095 226 1162 θὸοτος
238 1119 267 1154 tt
281 1097 327 1154 οοί
340 1096 376 1161 Ιίς
390 1093 417 1151 ἓν
428 1093 561 1170 Υῑοόμῑοοῑ
574 1090 641 1151 κατὰ
656 1090 687 1162 δὴ
704 1089 737 1148 τί(
751 1089 810 1170 ὅΡῑοῑ
828 1094 874 1161 τῆς
888 1088 923 1148 ἕο)
970 1102 1027 1160 ἀλλ’
1041 1100 1059 1172 ἢ
1073 1101 1119 1169 τάις
1140 1101 1263 1160 ἀνέκαθεν
1283 1102 1423 1179 τριάκοντα
1444 1102 1565 1180 χιλιάδας
1582 1105 1627 1159 τοῦ
1646 1107 1745 1179 χρυσοῦ

138 1183 166 1250 ἕξ
178 1180 330 1263 ἀμφοτέρας
339 1179 485 1252 mititte,
495 1179 541 1250 ἳθν
552 1178 656 1259 ῑῖίοίνην
668 1175 737 1244 droa<
748 1177 923 1258 βοὸαῑῑοθῆοοῑ
969 1188 1129 1264 νομίσματος
1142 1185 1159 1258 ἢ
1174 1187 1313 1266 προσάπαξ
1334 1192 1368 1255 ὡς
1391 1187 1444 1268 χρὴ
1460 1187 1528 1264 μέγα
1544 1211 1570 1245 τι
1588 1186 1745 1246 καταθέσθαι

139 1273 199 1328 δίον
219 1269 435 1351 δοοοκῑψόμοοοο,
449 1269 569 1348 γίοφοροῖ
587 1290 616 1326 το
634 1266 679 1326 καί
693 1267 800 1326 ποῑκίίο
817 1263 922 1346 θέματα
969 1275 1231 1353 δικαιολογουμένων,
1253 1276 1284 1334 τὸ
1306 1277 1454 1334 τελευταῖον
1476 1273 1560 1342 ἔδοξεν
1580 1277 1594 1332 ὁ
1617 1274 1746 1345 Μεέοθδης

138 1357 247 1416 ἕκαστος
269 1358 475 1436 ἀπορρίψαντες,
489 1355 603 1420 εἰπόντος
625 1377 653 1415 το
675 1354 721 1413 καί
735 1355 876 1424 ἀκηκοότος
889 1351 923 1410 τὰ
969 1359 1142 1420 ἰπιδεικνάναι
1157 1362 1231 1432 δῆθεν
1244 1363 1330 1426 αὐτοῖς
1343 1362 1373 1418 ἐκ
1386 1365 1432 1420 τοῦ
1446 1360 1504 1418 κατ’
1518 1360 1596 1418 αὐτὸν
1619 1359 1746 1438 βασιλέως

137 1443 190 1502 ὅσα
203 1440 301 1522 χρεὼν,
316 1442 395 1522 τυχὸν
410 1443 455 1500 καί
469 1439 503 1499 τί
513 1441 562 1502 ὅσα
574 1441 613 1519 μὴ
622 1439 718 1520 χρεὼν,
727 1439 800 1508 τέλος
813 1439 924 1512 {viimi
968 1448 1082 1528 γράμμα
1105 1449 1165 1529 ἀρτι
1187 1447 1294 1523 σταλίν,
1307 1451 1333 1506 ἰν
1345 1437 1367 1526 ᾧ
1379 1445 1542 1525 περιείχετο,
1556 1450 1591 1514 ὡς
1610 1445 1687 1525 χάριν
1702 1450 1748 1514 τῆς

138 1535 163 1590 αἱ
177 1529 301 1610 apicio<
313 1531 374 1612 περὶ
386 1529 434 1602 μὲν
448 1534 493 1588 τοῦ
505 1529 677 1609 διαρραγῆναι
690 1527 737 1595 εἰς
751 1526 867 1594 σπονδὰς
879 1527 920 1594 τίς
968 1535 1031 1616 πρὸς
1046 1536 1170 1614 Καίσαρα
1184 1535 1271 1615 φιλίας
1285 1533 1402 1602 ἀνάξοιτο
1416 1533 1461 1592 καὶ
1475 1533 1620 1613 χρημάτων
1632 1532 1705 1599 ἐκτὸς
1719 1531 1746 1599 ἐξ

138 1618 223 1685 οἶτῑος
243 1618 288 1677 κοί
312 1615 360 1689 οὖν
385 1616 415 1676 τὸ
435 1615 531 1676 ῒοῑόνδῑ
547 1620 701 1694 οῑΐθθῆἰαῑι
720 1617 881 1696 δῑῑρῐοοῆοοῑ
896 1613 922 1672 δέ
969 1622 1096 1696 ἰσοτιμίας
1122 1623 1273 1700 ἀναρρῶσαι
1293 1620 1341 1692 τήν
1366 1619 1482 1698 εἰρήνην.
1508 1622 1593 1680 Τοῦτο
1616 1619 1672 1678 ἰπιέ
1688 1621 1745 1696 (οἱ)

137 1705 245 1784 τρόπον,
267 1703 320 1785 ὅτε)
340 1703 555 1781 έμπῑδοίθθσῑῑαῑ
575 1703 609 1763 τὰ
633 1705 751 1782 εἰρηναῖα
772 1707 817 1762 τοῦ
832 1704 922 1762 λοιποῦ
968 1707 1036 1767 sord
1061 1708 1109 1781 τήν
1128 1709 1249 1787 βασιλίδα
1270 1707 1440 1786 διεθρυλλήθη
1454 1707 1542 1784 πάλιν,
1560 1706 1673 1774 ἀπαντες
1687 1709 1747 1764 ἀνε-

137 1792 186 1850 ιιαὶ
209 1796 237 1852 αἰ
262 1789 423 1871 ἀμφήριστοι
447 1792 577 1850 πολιτεῖαι
605 1791 759 1850 κατάθοιντσ
781 1789 815 1848 τδι
840 1787 920 1848 ὅπλα.
968 1792 1138 1874 πτερώθησάν
1151 1817 1196 1867 τε,
1210 1792 1256 1852 καί
1279 1793 1382 1852 ἐδόκουν
1397 1795 1422 1852 σί
1439 1816 1468 1852 τε
1490 1795 1516 1852 έν
1537 1792 1606 1850 τέλει
1627 1791 1672 1850 καί
1689 1789 1748 1856 ἀσος

140 1879 224 1946 eon<
234 1873 278 1937 σῦν
289 1879 420 1940 irrideor
430 1878 501 1937 sord
512 1878 559 1945 τάς
569 1877 660 1957 πρώην
674 1877 812 1950 ξυνθήκας,
824 1876 852 1936 αί
865 1877 921 1946 ξυν·
967 1881 1052 1960 ἕτερος
1075 1879 1164 1958 δμιλος
1181 1880 1233 1952 ήδη
1248 1879 1372 1960 ἀργήσειν
1386 1879 1420 1938 τίι
1435 1879 1493 1961 ξίφη
1512 1879 1558 1938 καί
1573 1877 1747 1954 ἰμπεδώτατα

138 1968 257 2037 ἔστησαν
284 1965 328 2025 titt
360 1970 406 2024 τοῦ
438 1964 624 2045 αὐτοκράτορος
648 1965 849 2036 ’ἰοοοοῑοῑοοοῧ,
877 1962 923 2030 τὰς
967 1966 1083 2034 καθέξειν
1096 1967 1144 2038 τήν
1159 1967 1275 2046 εἰρήνην,
1290 1968 1373 2026 arna
1388 1968 1492 2045 Καῖσαρ
1508 1966 1706 2045 Περσαρμενίας
1719 1989 1748 2024 τε

138 2052 283 2133 τριάκοντα
296 2052 419 2131 χιλιάδας
433 2055 484 2110 τῶν
496 2051 665 2128 νομισμάτων
683 2051 812 2131 φήσαντος
826 2055 922 2130 χρῆναι
968 2056 1013 2114 καί
1026 2055 1057 2128 δὴ
1071 2053 1189 2134 ’ἰὸηρίσς
1209 2057 1288 2128 αὐτῆς
1308 2055 1465 2132 ίτοιμιίτατα
1480 2045 1535 2132 εἶχε
1550 2058 1747 2133 παραχωρῆσαι

138 2142 201 2208 τοὺς
218 2141 369 2220 Ῥωμαίους
382 2145 415 2219 τῇ
430 2141 548 2220 πολιτείᾳ
564 2144 675 2220 Περσῶν
694 2139 861 2200 κατατιθέναι
880 2141 921 2196 ἀν’
969 2141 1103 2220 Πέρσαις,
1116 2142 1270 2220 σαφέστατα
1281 2141 1480 2219 ἀξεπισεάμενος
1493 2143 1529 2206 ὥς
1541 2143 1569 2199 οὐ
1583 2141 1689 2198 πώποτε
1704 2142 1748 2198 έν-

139 2229 214 2299 ἔτος,
236 2227 275 2286 ίτι
293 2249 323 2306 γε
339 2227 391 2304 μὴν
413 2228 586 2304 ἀποχωρῆσαι
610 2226 810 2306 Περσαρμενίας
828 2249 856 2285 τε
877 2226 923 2286 καί
968 2229 1074 2288 δώσοιεν
1084 2230 1213 2300 τοσαύτης
1226 2227 1393 2309 ἰστερημένοι
1404 2227 1575 2308 χώρας,οὖδέ
1584 2251 1614 2304 γε
1624 2229 1647 2284 εἰ
1655 2227 1749 2292 τελέως

139 2315 273 2396 ’lippias
282 2315 348 2395 πρὸς
362 2313 390 2373 δέ
401 2337 431 2392 γε
442 2315 488 2372 καὶ
501 2312 594 2380 αὐτοὺς
605 2311 663 2380 τοὺς
675 2312 730 2372 ὅσα
741 2337 772 2393 γε
788 2313 866 2372 αἴτιοι
877 2319 923 2386 τῆς
967 2317 1150 2388 κατολισθήοοι
1161 2316 1206 2376 καὶ
1218 2315 1322 2388 ἐξίτηλα
1335 2316 1420 2375 ἔσοιτο
1430 2313 1462 2374 τὰ
1472 2315 1616 2394 πράγματα
1629 2317 1747 2393 Περσῶν.

140 2401 306 2470 ἀποστασίας
327 2403 490 2471 ἀποδοθῆναι
511 2403 614 2479 βασιλεῖ
635 2404 687 2460 τῶν
701 2403 811 2481 Περσῶν
824 2423 923 2481 χρησσ·
969 2404 1039 2470 Τοὺς
1053 2403 1142 2480 μέντοι
1159 2404 1301 2484 γενεάρχας
1315 2404 1532 2482 Περσαρμενίων,
1550 2403 1619 2461 ἀλλὰ
1640 2401 1749 2481 γὰρκαὶ

139 2489 213 2568 μένῳ
221 2488 296 2568 σφίσι
303 2491 361 2555 ταῖς
371 2486 565 2564 προσηκοάσαις
574 2489 670 2568 φωναῖς
681 2488 799 2568 [ποιναῖς
808 2491 894 2546 Beki.
903 2493 922 2566 i.
967 2490 1026 2558 τοὺς
1034 2495 1071 2571 τῷ
1083 2491 1151 2570 γένει
1162 2497 1234 2572 σφῶν
1241 2491 1397 2566 ἡνωμένους,
1405 2489 1450 2548 καί
1461 2491 1549 2556 ἀπλῶς
1560 2489 1603 2548 τθν
1615 2493 1749 2550 ὁντιναοῦν

139 2579 267 2638 Τοσαῦτα
288 2581 333 2634 τοῦ
355 2575 484 2636 Μεέώδου
507 2574 720 2648 κατατείναντος,
740 2578 763 2634 σί
778 2579 828 2635 τῦιν
851 2576 923 2636 Ῥω·
968 2577 995 2638 σί
1008 2603 1038 2656 γε
1052 2579 1278 2655 αὐτομολήσαντες
1296 2571 1362 2649 ήσαν
1381 2581 1417 2643 ὡς
1434 2577 1601 2655 Ῥωμαίους,
1623 2576 1682 2636 οὔτε
1701 2579 1748 2635 ἀκ-

140 2668 228 2744 μαίων
246 2663 385 2744 πρίσὸεις,
398 2663 428 2724 τθ
448 2664 546 2724 τοιόνδε
559 2665 590 2722 ix
611 2669 656 2722 τοῦ
673 2663 807 2742 Καίσαρος
820 2686 924 2742 παρεγ-
970 2669 1070 2726 δώσειν·
1084 2667 1142 2724 ἀλλ’
1155 2666 1213 2724 οὐδέ
1228 2664 1493 2744 ίτέρωςέμιτεδώσειν
1507 2665 1605 2745 έφαοιιε
1618 2663 1748 2742 τήνείρή-

139 2753 235 2833 γυηθέν
249 2754 354 2830 αὐτοῖς,
370 2753 466 2812 αὐτίκα
480 2750 508 2812 σί
521 2775 551 2828 γε
563 2756 640 2812 τοῦτο
659 2751 723 2811 αῦτθ
738 2753 796 2810 οὐδὲ
809 2751 923 2830 τοῦνομα
969 2777 1031 2826 νην,
1041 2753 1064 2812 εἰ
1077 2777 1107 2831 γε
1125 2753 1163 2831 μή
1180 2753 1254 2812 άδειοι
1268 2753 1353 2812 ἔσοιτο
1366 2761 1419 2820 τοῖς
1440 2753 1603 2832 βουλομένοις
1625 2755 1750 2831 Περσαρ·

139 2841 296 2920 προσίεσθαι
317 2839 417 2920 ἰφασαν
436 2843 483 2912 τῆς
505 2839 624 2918 εἰρήνης,
639 2835 711 2917 εἰπερ
727 2838 771 2898 ἰπί
790 2840 924 2920 συντελείᾳ
970 2841 1065 2918 μενέων
1087 2865 1116 2900 τε
1139 2841 1184 2900 καί
1205 2840 1329 2920 ’ἰῦήριυη
1354 2839 1403 2911 τήν
1430 2841 1557 2921 σφετέραν
1582 2838 1749 2915 ἐκλιπόντας,

140 2928 191 2985 τινὶ
213 2926 259 2986 ιιαί
283 2923 330 2984 άτε
352 2928 378 2992 ές
400 2925 480 3006 φόρου
505 2924 648 3002 ἀπαγωγὴν
674 2925 777 3006 Πέρσαι
797 2928 923 2996 ἐλπίζοιεν
971 2930 1202 2990 ἀνασκευάσασθαι
1223 2931 1249 2994 ἐς
1271 2928 1319 2999 τήν
1346 2927 1498 3004 Ῥωμαίων.
1523 2927 1607 3005 Αέγον
1627 2927 1678 3005 γάρ
1701 2927 1750 3004 οὐχ

139 3015 292 3086 Ῥωμαίους
315 3013 380 3081 ἀίειν
395 3019 441 3074 τοῦ
463 3016 570 3073 λοιποῦ·
584 3013 651 3090 μηδέ
665 3011 716 3091 γὰρ
731 3012 864 3082 ἀνέξεσθαι
878 3019 923 3072 τοῦ
969 3016 1067 3086 ἥκιστα
1088 3017 1200 3075 ἰποιεῖτο
1220 3015 1301 3074 πολὺν
1320 3017 1454 3094 θίίαῖοαρ
1478 3017 1530 3073 τῶν
1553 3013 1749 3090 ὀμωμοσμένων

139 3100 296 3162 τοιοῦδιτὸν
310 3099 436 3180 Καίσαρά
447 3125 473 3159 τι
484 3100 759 3181 παρασχέσθαι,μήτε
771 3102 824 3177 μὴν
833 3100 922 3181 ὥσπερ
968 3101 1020 3161 iri
1034 3101 1218 3163 ’ἰουστινιανοῦ
1239 3103 1276 3183 (ἰ.
1297 3102 1456 3180 ’ἰυυστίνου)
1476 3107 1521 3160 τοῦ
1547 3102 1676 3180 βασιλέως
1698 3102 1751 3167 τοῖς

139 3269 229 3319 ιίεσιειιι
240 3268 513 3319 intutisaetautbettum
529 3269 608 3318 tacere
625 3275 824 3331 praeooeupasset.
837 3253 922 3332 itaque
971 3269 1084 3319 sitationo
1099 3273 1177 3320 Persre
1195 3271 1319 3333 sperarent
1329 3269 1354 3318 in
1372 3271 1494 3331 postermn
1511 3271 1633 3318 Romanos
1645 3267 1689 3316 sibi
1705 3267 1750 3315 oir-
1846 3295 1852 3308 ·

140 3361 220 3410 quum
232 3349 329 3410 utriqare
340 3348 422 3410 piures
430 3361 553 3398 sermones
568 3359 640 3410 urper
651 3348 696 3397 nae
708 3360 734 3396 re
745 3347 888 3409 iactassent,
899 3352 925 3398 et
968 3347 1054 3396 noxios
1060 3348 1215 3397 eonstituere.
1228 3350 1277 3397 Nee
1286 3346 1350 3396 enirn
1362 3348 1483 3396 cesarem
1493 3346 1625 3407 quiequam
1637 3343 1749 3405 pendere,

141 3425 305 3487 unuquisque
311 3425 422 3484 abunde,
432 3437 482 3488 quo
491 3437 575 3475 εσευεο
583 3425 681 3486 patriar,
690 3423 833 3485 utdeoebat,
842 3438 924 3476 aman-
969 3439 1047 3487 nsque
1057 3439 1155 3488 paoem,
1164 3430 1280 3488 tanquam
1293 3439 1343 3474 rem
1360 3424 1485 3486 venalem,
1502 3437 1582 3474 emere
1596 3424 1670 3483 reite,
1680 3435 1749 3485 quae,

140 3505 192 3551 tun
203 3503 228 3551 et
246 3501 379 3551 studiosum
391 3501 544 3563 ostenderet,
553 3502 633 3563 justas
644 3501 762 3562 rationes,
774 3502 861 3564 quibus
870 3515 923 3552 earn
969 3507 989 3553 si
1000 3505 1033 3554 ita
1042 3505 1202 3567 oonttngeret,
1216 3503 1316 3554 nundin
1329 3505 1488 3566 permaneret,
1501 3517 1579 3565 neque
1596 3502 1665 3551 firma
1677 3502 1747 3550 toret.

140 3581 254 3628 tueretur
272 3582 296 3628 ot
306 3577 460 3638 detenderet,
477 3578 605 3639 attulisset,
625 3577 723 3628 tandem
740 3579 811 3641 primi
824 3580 924 3630 Romani
970 3583 1087 3644 oportere
1098 3582 1170 3643 igitur
1180 3581 1287 3643 inprimis
1299 3583 1378 3630 totum
1393 3581 1458 3630 iruna
1471 3593 1605 3630 sermonem
1625 3579 1749 3636 omittere,

140 3656 282 3706 σοασίοιιαει
290 3655 353 3720 apud
363 3659 511 3706 conventum
520 3655 663 3708 habuerunt.
969 3663 1022 3710 tum
1033 3659 1145 3721 demum,
1162 3661 1250 3722 quibus
1267 3659 1444 3708 conditionibus
1453 3671 1500 3721 pax
1516 3657 1642 3708 vincienda
1652 3657 1692 3716 sit,
1704 3655 1748 3705 ad·

512 3741 557 3792 47.
969 3739 1071 3788 vertere.
1082 3739 1173 3786 itursrss
1185 3749 1256 3798 super
1270 3737 1307 3786 iris
1315 3749 1392 3799 quum
1409 3737 1520 3798 utreque
1531 3737 1610 3797 partos
1620 3736 1644 3783 in
1661 3733 1750 3783 muttas

174 3813 432 3876 imiimnrenientes
442 3819 467 3864 et
481 3816 590 3864 inunum
602 3815 720 3877 εοιιςτωεί
732 3814 763 3864 ad
773 3815 831 3865 ines
838 3816 923 3866 Orien·
968 3813 1135 3863 altereationes
1150 3813 1296 3875 erupissent,
1311 3815 1336 3862 et
1355 3815 1434 3863 Persae
1449 3813 1547 3860 minime
1565 3811 1691 3872 oederent,
1707 3807 1749 3858 sed

141 3893 174 3940 tis
197 3891 229 3940 ab
242 3893 347 3954 unoque
361 3905 449 3953 regno,
471 3896 500 3941 ut
517 3892 676 3954 disputarent,
697 3893 818 3954 quomodo
841 3895 924 3955 padam
969 3892 1056 3942 obnixe
1064 3891 1251 3953 contenderent,
1265 3891 1359 3954 justum
1377 3888 1749 3952 esse,itouranoaautnonstitu·

141 3971 237 4016 tirmam
247 3968 368 4028 iacerem,
382 3969 476 4018 iubries
487 3971 512 4018 et
522 3969 635 4034 ambigna
646 3969 719 4019 rerba
733 3969 855 4032 utrimque
863 3971 924 4020 emi·
969 3973 1021 4020 tum
1031 3971 1126 4033 triginta
1134 3972 1370 4021 mittiumaureorum
1375 3969 1626 4040 tributumquotannis
1635 3967 1749 4029 pendere,

139 4047 239 4105 mna,
251 4046 276 4094 εἰ
288 4057 344 4107 quae
363 4045 411 4094 dini
426 4047 548 4108 oportuit,
567 4047 682 4096 dixerunt
701 4050 726 4096 et
739 4047 880 4108 audierunt,
900 4050 925 4098 et
969 4049 1094 4098 autsernei
1104 4062 1214 4111 magnam
1223 4049 1329 4111 aliquam
1338 4047 1446 4110 poeuniae
1456 4045 1749 4107 summam,tandenrnte·

141 4125 269 4184 tuteque
277 4122 377 4172 ιυίαἰιειε
387 4123 435 4172 diei
445 4121 589 4173 debuerunt.
604 4123 711 4172 Tandem
720 4123 780 4172 iilud
792 4123 925 4186 disquirere
969 4125 1024 4174 bodi
1036 4127 1149 4176 Romanis
1162 4127 1243 4176 literne
1257 4129 1384 4176 Persarum
1403 4123 1464 4185 regis
1478 4136 1555 4185 nuper
1569 4122 1599 4171 ad
1612 4135 1637 4171 se
1649 4122 1750 4182 scriptas

140 4197 344 4260 εαρεεεεάεειιιιῑ,
369 4200 417 4248 utri
434 4200 523 4262 populo
543 4199 640 4248 induis
661 4199 761 4250 violatio
773 4199 925 4250 attribuenda
968 4203 1094 4252 ostendere
1109 4203 1214 4265 piaouit,
1234 4202 1322 4264 quibus
1342 4213 1369 4250 se
1388 4201 1485 4264 propter
1500 4201 1602 4248 cesaris
1619 4199 1749 4248 amicitiani

140 4279 220 4334 enat,
239 4278 266 4324 et
284 4276 404 4326 rationem
421 4276 563 4338 investigare
583 4275 662 4326 eonati
680 4279 746 4338 sunt,
759 4277 880 4339 quomodo
900 4278 924 4326 in
968 4278 1040 4328 ouem
1052 4279 1118 4328 nulia
1128 4279 1284 4340 pecuniarum
1294 4278 1375 4327 habita
1388 4276 1480 4325 ratione
1489 4277 1565 4338 arquis
1574 4275 1750 4324 conditionibus

141 4351 265 4414 pastuum
273 4365 319 4414 pax
332 4353 406 4402 tirmis
414 4353 615 4403 conventionibus
622 4353 777 4413 stabiliretur,
787 4357 812 4403 et
821 4353 923 4403 iniuriose
968 4371 1051 4420 pnoenr
1066 4357 1185 4406 iacturum
1197 4369 1249 4406 esse
1261 4356 1382 4406 indicavit.
1393 4355 1469 4417 iinjus
1485 4355 1519 4404 rei
1531 4356 1594 4404 tame
1604 4355 1751 4416 simulatque

141 4432 224 4490 gentes
240 4427 272 4478 air
293 4429 369 4478 armis
385 4429 544 4480 discederent.
560 4430 646 4479 statim
667 4429 782 4479 iiebodea
798 4431 923 4492 suggessit,
968 4435 998 4484 ad
1010 4435 1101 4497 regiam
1114 4435 1198 4484 urbem
1208 4435 1300 4496 perlata
1309 4436 1358 4494 est,
1373 4447 1457 4483 omnes
1468 4433 1542 4482 tutati
1552 4435 1608 4482 sunt
1622 4436 1646 4482 et
1656 4435 1752 4482 senatus

141 4519 238 4568 aequum
267 4519 336 4566 ‘⁵⁸⁶2
364 4509 487 4556 Romanos
508 4507 612 4569 madere
639 4509 764 4556 Persarum
787 4508 924 4570 reipnbiion
968 4514 1085 4576 etptehs,
1104 4513 1298 4576 eamqueaninro
1312 4512 1449 4574 opinionem
1467 4513 1751 4573 pmcrperunr,tempus

141 4584 271 4644 quotannis
288 4583 388 4646 triginta
407 4583 481 4632 mittis
499 4596 636 4634 aureorum.
652 4584 692 4632 Sio
708 4584 772 4632 eninr
783 4585 923 4634 annuentiu-
969 4591 1105 4652 advenisse,
1130 4603 1179 4652 quo
1200 4589 1297 4638 ensibus
1316 4589 1422 4650 quietem
1445 4588 1591 4649 indicerent,
1613 4591 1637 4636 et
1651 4587 1751 4636 tirmiter

142 4663 211 4712 nibus
230 4666 330 4713 osntum
343 4675 411 4723 esse,
430 4675 487 4724 quae
506 4667 613 4724 tempure
628 4661 757 4712 iustiniani
775 4662 924 4724 imperatoris
969 4665 1380 4730 pecemooierent:masinrequuna
1390 4664 1750 4714 cnaarPersarmeniamettbe·

142 4741 210 4792 mre
227 4747 303 4792 erant.
325 4743 447 4792 Preietos
457 4742 622 4790 Peraannenia
632 4743 656 4791 et
667 4741 744 4792 iberia
762 4742 883 4804 oederent,
897 4745 922 4792 et
970 4745 1029 4793 riam
1040 4745 1117 4794 Persis
1126 4743 1211 4792 cedere
1227 4745 1325 4804 paratus
1334 4745 1403 4792 esset.
1416 4741 1456 4792 sie
1471 4742 1534 4790 enim
1544 4740 1676 4798 statuebat,
1693 4741 1749 4788 Per·

141 4831 222 4870 omnes
233 4818 378 4870 deiectionis
390 4818 560 4880 auoiomregi
579 4821 705 4868 Persarum
714 4818 853 4879 redderent,
862 4811 924 4881 quos
968 4820 1256 4881 aas,ettarnsieorurnres
1265 4819 1448 4882 perditeiorent
1457 4819 1626 4868 etadnttiitum
1634 4817 1749 4876 redaotre,

142 4897 223 4946 nana
240 4900 322 4946 morte
337 4895 457 4946 αῐῦσετεί,
477 4897 538 4944 iieo
559 4897 584 4944 et
602 4895 650 4943 atia
667 4895 805 4956 troiusmodi
823 4895 924 4946 tiebode
968 4895 1230 4958 nunquamquieturos,
1239 4895 1355 4956 quamdiu
1364 4895 1401 4944 his
1408 4893 1480 4942 tantis
1489 4893 1622 4954 regionibus
1630 4891 1750 4952 privaren-

141 4971 695 5038 normaeffiomanorumtegrureeunoum
703 4973 804 5024 cesarii
812 4974 925 5024 mandata
969 4979 1017 5022 tur.
1032 4972 1153 5035 Principes
1167 4973 1249 5022 tamen
1263 4972 1496 5030 Perearmeniorum,
1509 4969 1589 5031 etqui
1606 4967 1749 5028 ittisgenero
1837 4975 1841 4984 ’

140 5057 217 5102 eontra
231 5053 420 5109 meunt,
430 5053 457 5098 ei
465 5049 590 5098 modestior
603 5049 790 5113 responderunt,
800 5063 826 5100 se
836 5051 884 5101 troo
895 5063 925 5101 ne
969 5049 1089 5112 coniuncti
1099 5051 1181 5111 erant,
1191 5051 1217 5098 et
1229 5049 1362 5110 omnesqui
1375 5061 1390 5096 a
1403 5048 1478 5098 Persis
1489 5046 1520 5094 sd
1538 5049 1656 5096 itomanos
1666 5042 1749 5093 oontu·

138 5142 177 5192 nro
194 5131 292 5182 nomine
305 5130 411 5195 quidem
423 5125 491 5190 panis
505 5125 643 5190 admittere,
654 5128 673 5177 si
690 5141 747 5178 cunr
765 5127 847 5178 tributi
864 5141 922 5191 pon·
969 5128 1065 5192 gisseni,
1085 5127 1151 5178 nuito
1167 5126 1240 5176 modo
1250 5125 1378 5176 tradendos
1392 5137 1447 5174 esse
1458 5123 1543 5173 statuit
1562 5141 1567 5171 ι
1584 5121 1691 5170 iuronon
1702 5119 1749 5169 atie
