3792 5728
772 361 1019 422 rosemanus.
1639 368 1691 417 ns
1726 333 1729 342 '

920 499 960 571 εἴη
978 499 1098 563 σπονδαῖς
1112 499 1146 562 όις
1162 500 1187 555 ἐν
1209 505 1297 562 κακοῖς
1319 496 1433 576 μετρίαις
1451 500 1496 567 τῆς
1515 499 1566 554 τῶν
1590 497 1689 554 πολεων

922 592 1016 666 φθορᾶς
1032 589 1149 662 ἐπισχεῖν
1163 583 1206 641 τδν
1223 584 1364 664 βάρόαρον,
1389 584 1572 662 Ἀρτεμίδωρον
1593 585 1691 660 πέμπει

155 675 423 746 menelegtlom.
435 663 877 745 Ρ.78-86ῑ”οτιὸΒαλαμῆρου
920 672 964 730 καί
984 674 1083 730 (liuram
1104 669 1146 728 τόν
1167 669 1208 732 ὅτε
1223 664 1254 741 ἧν
1277 671 1419 749 στρατηγὸς
1441 670 1598 748 γραμματέα
1620 674 1692 750 αὐτῷ

119 758 357 833 θπδτῶνῬωμσίων
372 759 523 836 στρατηγῶν
539 751 649 820 πολλοὺς
660 757 711 811 τῶν
725 752 796 810 ἶδῖων
810 755 874 809 ἄπο·
920 764 965 828 τῆς
978 759 1059 836 ἀρχῆς
1077 757 1147 814 όντα.
1164 756 1199 816 Οἳ
1215 758 1328 822 ἐλθόντες
1344 759 1440 833 ἐλεγον,
1454 755 1493 812 ὅτι
1510 783 1522 808 ι
1536 756 1571 816 Σὲ
1585 761 1598 814 θ
1615 761 1692 833 βασι-

118 845 206 919 estur,
216 846 243 904 ού
252 843 347 922 μικρὸν
357 845 424 920 ἐχων
434 841 512 920 ὀργὴν
521 844 558 920 τῷ
568 841 623 919 [ἐπὶ
636 844 673 919 τῷ
685 841 782 917 Nieb]
797 839 873 897 πάθει
920 844 976 910 λεθς
990 845 1062 922 φίλον
1075 843 1229 915 ἐποιήσατο,
1244 843 1289 902 καί
1301 843 1394 914 ἀξίαις,
1408 841 1438 900 αί
1448 844 1497 901 εἰσι
1508 844 1691 920 λαμπρόταται

116 931 262 1008 ἀπέδραμεν,
280 930 391 1008 ἀφειδῶς
404 927 420 986 ἀ
432 951 457 986 τι
479 931 505 984 έν
520 927 594 986 ποσὶν
610 926 678 1006 εὕροι
695 927 775 984 καίων
789 949 817 984 τε
831 925 876 982 καί
920 928 1076 1005 Ῥωμαίοις,
1090 933 1190 1003 σεμνῶς
1210 930 1389 1004 ἐπεκόσμησε,
1407 929 1452 986 καί
1469 928 1557 1006 ἄρχειν
1571 933 1622 986 τῶν
1644 952 1690 1004 με,

117 1019 228 1094 φονεύων,
243 1015 291 1073 καί
302 1015 350 1086 τὴν
361 1012 466 1095 πρώτην
480 1018 525 1084 τῆς
540 1015 702 1077 Μακεδονίας
713 1013 799 1086 πόλιν,
816 1011 875 1078 τοὺς
920 1019 1014 1094 γίστων
1030 1016 1171 1092 ταγμάτων
1186 1015 1314 1087 ἐποίησεν,
1329 1015 1401 1074 οὐδέν
1416 1007 1506 1091 οἷάπερ
1532 1014 1603 1093 ἀνδρί
1626 1018 1692 1072 ἀπι-

115 1104 230 1174 Στόόευς,
242 1100 438 1180 ἐπόρθησε,καλ
449 1103 500 1157 τῶν
516 1123 544 1176 γε
558 1103 722 1178 στρατιωτῶν
732 1104 781 1158 τῶν
792 1097 875 1175 ταύτῃ
921 1105 1018 1174 στήσας
1043 1101 1178 1181 βαρύάριμ.
1194 1102 1233 1161 Σὺ
1257 1101 1299 1172 δὲ,
1319 1104 1365 1160 οὐκ
1379 1100 1455 1177 ἐσμεν
1469 1100 1552 1172 ὅπως,
1567 1110 1622 1166 ταῖς
1639 1105 1691 1160 τῶν

114 1190 315 1268 ε’μφρουρούντων
326 1186 383 1254 τοὺς
395 1186 564 1253 ἀντιστάντας
573 1185 732 1245 ἀπέκτεινεν.
745 1185 793 1250 Ὧς
805 1185 875 1263 δέτῇ
921 1193 1010 1247 κοινῶν
1028 1191 1159 1264 δυσμενῶν
1182 1189 1294 1254 ἀπάταις
1308 1189 1432 1267 ὑπαχθείς
1452 1188 1485 1247 τά
1499 1211 1527 1245 τε
1542 1189 1692 1268 ὑπάρχοντά

113 1279 284 1356 θεσσαλονίκῃ
303 1278 406 1355 ἐγγύθεν
427 1276 566 1356 ἐφεδρεύων
578 1275 717 1354 η’γγέλθηδ
733 1275 876 1353 βάρύαρος,
925 1299 964 1333 σοι
986 1275 1070 1351 ἀγαθά
1092 1275 1246 1354 διέφθειρας,
1268 1275 1312 1332 καί
1332 1279 1378 1344 τῆς
1398 1276 1559 1350 εὐδαιμονίας
1580 1281 1628 1346 τῆς
1646 1281 1692 1347 σῆς

114 1365 194 1422 αὐτίκα
206 1369 228 1423 ol
242 1365 351 1423 πολῖται
365 1363 514 1438 νομίσαντες
531 1366 560 1421 ἐκ
579 1363 654 1419 δολου
674 1361 706 1418 τά
722 1363 749 1418 ἐν
763 1365 796 1440 τῇ
810 1384 877 1438 προ·
922 1364 998 1420 ἄλλον
1022 1360 1160 1432 ἐποίησας,
1184 1365 1218 1428 ὡς
1241 1363 1287 1418 οὐκ
1307 1361 1358 1418 έδει
1381 1383 1408 1420 σε
1431 1363 1487 1438 (εἰσ
1509 1365 1612 1434 belm
1633 1362 1693 1430 ίδεις

114 1452 191 1530 τεραίφ
205 1454 367 1528 ἀνεγνῶσθαι
376 1450 520 1528 γράμματα
532 1447 578 1506 κοιλ
587 1448 635 1519 τὴν
649 1449 723 1505 πολιν
740 1447 877 1527 βούλεσθαι
920 1448 999 1524 ugo),
1010 1447 1108 1525 κύριον.
1119 1450 1176 1507 Οὔκ
1188 1446 1219 1505 διν
1232 1447 1328 1513 δίκαιος
1343 1447 1394 1519 εἴης
1405 1451 1441 1526 τῷ
1452 1449 1552 1524 βασιλεῖ
1563 1450 1692 1526 ἐγκαλῶν,

114 1536 207 1604 Ζήνωνά
216 1559 243 1594 τε
254 1539 302 1594 καὶ
316 1535 393 1592 αὐτὸν
403 1535 490 1610 ἐκείνῳ
503 1537 678 1612 παραδοῦναι,
690 1535 877 1614 συστραφέντες
921 1527 957 1592 ὧν
972 1537 1006 1600 εἰς
1021 1534 1111 1592 ἑαυτὸν
1127 1533 1183 1608 ἅμα
1198 1533 1242 1591 καί
1254 1537 1288 1600 εἰς
1300 1535 1394 1592 ἐκεῖνον
1409 1533 1558 1613 ἐξήμαρτες.
1581 1541 1636 1593 Νῦν
1649 1527 1692 1595 σύν

113 1625 136 1679 ἐν
146 1624 224 1701 σφίσιν
235 1625 327 1687 αὐτοῖς
338 1623 383 1687 τάς
394 1627 439 1680 τοῦ
449 1621 566 1692 Ζήνωνος
576 1619 877 1690 στήλαςκαταόάλλουσι
922 1620 1010 1691 ἐπειδὴ
1036 1620 1131 1678 σαυτδν
1154 1623 1190 1686 εἰς
1208 1627 1283 1679 τοῦτο
1303 1621 1479 1693 κατέστησας,
1494 1621 1632 1679 ὑπόλοιπόν
1653 1623 1694 1680 σοί

114 1709 199 1779 πάσας,
213 1709 258 1766 καί
284 1709 362 1766 αὐτὸν
378 1708 537 1787 ὁρμήσαντες
550 1708 594 1764 rbi
610 1705 723 1785 ἔπαρχον
740 1707 875 1785 (θπαρχον
922 1711 991 1766 ἐστιν
1006 1711 1034 1765 εἰι
1048 1713 1094 1778 τῆς
1113 1707 1247 1784 παρούσης
1269 1706 1349 1784 τύχης
1363 1712 1409 1776 τῆς
1422 1731 1449 1766 τε
1463 1707 1531 1764 κατδι
1544 1711 1594 1765 τῶν
1616 1711 1693 1766 ἐθνῶν

114 1797 200 1869 niel.)
227 1795 331 1869 ἕτοιμοι
353 1795 497 1852 διασπάσαι
513 1787 589 1866 ἦσαν.
612 1797 646 1854 Οἱ
667 1794 694 1852 δέ
708 1794 877 1868 κομισάμενοι
922 1793 966 1852 καί
986 1798 1037 1852 τῶν
1052 1794 1150 1852 πόλεων
1169 1791 1268 1868 βλάύης
1285 1795 1401 1871 ἐπισχεῖν
1416 1793 1473 1870 [ὡς]
1488 1783 1540 1850 οἶόν
1562 1816 1606 1863 τε,
1624 1793 1694 1868 πέμ-

116 1887 158 1956 rip
177 1881 218 1938 ἐπί
242 1881 275 1938 τὸ
295 1883 397 1960 ἀρχεῖον
412 1880 573 1960 ἐμπιπράναι
593 1877 711 1956 ἔμελλον,
725 1881 747 1937 εἰ
762 1880 798 1956 μθ,
814 1884 877 1938 ὑπο·
924 1902 1007 1937 ποντα
1023 1879 1049 1938 δέ
1064 1879 1203 1958 πρεσόείαν
1225 1877 1362 1955 πειρᾶσθαί
1381 1901 1406 1936 τι
1430 1879 1532 1957 μέτριον
1554 1879 1625 1958 παρδι
1649 1885 1694 1939 τοῦ

370 535 414 594 ιθ.
439 533 500 606 (an.
516 530 600 604 479.)

116 1968 244 2044 φθάσαντες
258 1967 296 2024 τά
310 1990 338 2024 τε
353 1967 410 2046 ἱερὰ
431 1967 491 2043 γένη
506 1966 551 2024 καί
562 1969 586 2024 οἱ
598 1969 624 2024 ἐν
638 1975 694 2032 ταῖς
710 1965 792 2034 ἀξίαις
804 1966 877 2044 ἐξήρ-
925 1965 1050 2043 βασιλέως
1064 1969 1160 2040 ἀγαθοῦ
1175 1964 1245 2028 ὄντος
1266 1964 1439 2042 εὑρίσκεσθαι.
1464 1991 1475 2015 ν
1490 1964 1523 2024 Ὁ
1536 1964 1563 2024 δέ
1584 1965 1695 2032 πεισθείς

114 2053 188 2110 τααάν
209 2077 235 2110 τε
261 2053 343 2110 αὐτὸν
363 2058 411 2120 τῆς
434 2056 511 2132 ἀργῆς
530 2058 576 2122 τῆς
594 2059 640 2110 τοῦ
664 2052 763 2126 δήμου,
785 2053 828 2110 καί
848 2051 878 2110 rb
923 2053 1015 2130 ἄνδρας
1034 2051 1081 2126 μέν
1097 2051 1140 2110 ἐπὶ
1154 2050 1184 2108 τδ
1205 2050 1344 2118 Βυζάντιον
1358 2051 1403 2107 σθν
1419 2051 1504 2116 αὐτοῖς
1520 2051 1691 2126 ἀποπέμπει,

115 2143 226 2197 ἀτακτοῧν
249 2139 341 2214 λόγοις
361 2139 456 2217 πραέσι
476 2140 653 2206 κατέστειλαν,
668 2140 797 2214 λέγοντες,
820 2143 877 2196 οὔτε
923 2137 1000 2204 αὐτὸς
1021 2136 1047 2194 δέ
1071 2143 1115 2195 τοῦ
1137 2136 1183 2206 μὲν
1203 2137 1314 2207 καίεινῆ
1334 2134 1446 2216 φονεύειν
1467 2137 1524 2203 τοὺς
1548 2139 1695 2215 ἀνθρώπους

115 2223 180 2281 ababa
193 2226 275 2282 αίτιον
293 2216 360 2282 εἶναι
378 2224 485 2296 τούτου,
501 2224 559 2283 υύτε
574 2224 616 2282 τὀν
633 2223 743 2302 βασιλέα
757 2229 789 2302 τῇ
804 2227 878 2283 πόλει
923 2225 1024 2300 ἀνεῖργε
1036 2223 1065 2279 τδ
1075 2222 1240 2301 στράτευμά,
1253 2225 1280 2279 ού
1291 2222 1378 2298 μέντοι
1389 2220 1495 2281 ἐδύνατο
1507 2222 1611 2280 πάντων
1621 2222 1695 2289 όντας

116 2333 137 2366 τι
154 2311 272 2390 δυσχερές
298 2309 316 2381 ἢ
341 2311 421 2368 κακδν
447 2310 646 2388 βεόουλεῦσθαι,
661 2316 706 2381 τῆς
728 2334 757 2369 τε
780 2311 878 2377 πολεως
925 2309 1036 2385 ἀπόρους
1049 2308 1081 2366 τδι
1092 2314 1152 2385 γοῦν
1167 2308 1301 2378 ἐπιτήδεια
1315 2307 1449 2387 ἐκπορίσαι
1460 2309 1578 2367 κωλύειν.
1597 2310 1650 2368 Καὶ
1663 2307 1694 2380 δὴ

118 2401 197 2473 χρῆναι
216 2396 383 2468 ποιήσασθαι
397 2397 523 2476 φυλακὴν,
543 2395 595 2475 θτιρ
614 2397 645 2455 διν
659 2397 766 2456 ἐθέλωσι
784 2396 829 2454 καί
850 2398 877 2455 ὃν
926 2393 1023 2475 προῖὼν
1038 2387 1114 2466 ἦλθεν
1131 2396 1174 2453 ἐπὶ
1188 2395 1234 2464 τὴν
1249 2395 1407 2473 Ἡράκλειαν
1427 2395 1474 2466 τὴν
1489 2398 1514 2452 ἐν
1530 2393 1695 2473 Μακεδονία,

119 2485 221 2552 ἡγοῦνται
234 2483 332 2540 πιστὸν
347 2481 525 2559 ἐπιτρέποντες
536 2481 645 2552 ταύτην.
661 2485 695 2541 Οἱ
712 2481 796 2548 δὲτὰς
811 2485 879 2549 κλεῖς
927 2480 971 2538 καί
986 2487 1029 2539 τοῦ
1046 2481 1184 2561 ἀρχιερέως
1199 2487 1244 2539 τοῦ
1259 2485 1285 2540 ἐν
1300 2482 1381 2561 ταύταΙ
1395 2483 1450 2559 [τῇ]
1463 2483 1538 2540 πόλει
1551 2482 1636 2540 πολλδι
1651 2481 1696 2540 καί

118 2570 159 2622 τῶν
171 2571 257 2626 πυλῶν
271 2570 303 2626 ἀοι
317 2573 363 2625 τοῦ
378 2566 497 2645 ὑπάρχου
507 2567 629 2633 λαθόντες
645 2571 682 2647 τῷ
697 2570 812 2649 ἀρχιερεῖ
823 2569 880 2626 ἐδο-
925 2569 1079 2625 παντοδαπά
1089 2574 1121 2647 τῇ
1136 2577 1245 2649 στρατιᾷ
1259 2569 1304 2626 καὶ
1315 2572 1385 2648 αὐτῷ
1401 2569 1598 2636 ἀποστείλαντος
1608 2571 1694 2648 δῶρα,

118 2675 166 2729 ταν,
186 2655 231 2712 καὶ
257 2653 312 2711 ἀπδ
338 2657 389 2711 τῶν
412 2653 518 2710 ἐνόντων
540 2651 651 2732 φρουράν
673 2656 824 2726 ἐπενόησαν,
845 2658 879 2721 ὡς
926 2655 973 2725 τήν
987 2679 1014 2712 τε
1026 2655 1115 2734 χώραν
1131 2658 1218 2727 ἀπαθῆ
1234 2665 1320 2714 πᾶσαν
1335 2653 1483 2736 διεφύλαξε,
1497 2655 1542 2713 καί
1554 2655 1625 2714 οὐδέν
1639 2655 1696 2720 τοὺς

119 2739 251 2816 ἠδύναντο,
265 2739 402 2814 πλείστην,
418 2737 517 2796 καίτδν
531 2737 815 2818 στρατηγδνέστεργον.
832 2739 879 2810 Ἐν
927 2744 1057 2809 οἰκοῦντας
1079 2745 1187 2800 ἐνταῦθα
1202 2745 1363 2822 παραλυπῶν
1388 2746 1417 2800 ἐκ
1442 2747 1492 2800 τῶν
1513 2740 1593 2818 ταύτῃ
1611 2741 1696 2821 μόρων

118 2823 138 2880 δέ
150 2824 228 2906 τούτιμ
244 2825 361 2896 όΖήνων
384 2823 526 2898 πυθόμενος
539 2827 581 2882 τὸν
597 2823 741 2903 κατέχοντα
755 2826 880 2897 κίνδυνον,
927 2831 1031 2905 (μερῶν
1055 2831 1181 2900 lloesch.,
1197 2829 1281 2910 φόρων
1301 2831 1403 2902 Nieb.)
1420 2827 1449 2886 τό
1467 2831 1563 2898 πλῆθος
1580 2831 1697 2894 ἐπιεικῶς

117 2911 153 2966 καί
168 2911 239 2986 libs,
255 2916 303 2984 ὡς,
324 2911 426 2979 οὐδενὸς
444 2911 600 2989 βουλομένου
615 2911 762 2988 μάχεσθαι,
777 2911 879 2990 ἄριστον
928 2916 1049 2994 ἐπειρᾶτο
1072 2916 1177 2991 διάγειν.
1202 2919 1247 2980 Εἷς
1269 2914 1295 2973 δέ
1316 2914 1345 2972 ri
1368 2914 1506 2982 Βυζάντιον
1521 2919 1556 2980 ὡς
1574 2907 1651 2987 ἦλθον
1675 2918 1698 2972 οἱ

122 3017 1697 3038 mm

471 3083 514 3131 18.
925 3077 1021 3127 excidiis
1030 3081 1152 3140 saedere,
1163 3080 1338 3130 Artemidorum
1350 3081 1424 3129 mittit
1435 3083 1460 3129 et
1472 3080 1588 3138 Plrocam,
1600 3080 1641 3141 qui
1654 3083 1698 3128 Ze-

142 3157 333 3220 deodericum,
342 3160 538 3221 velaminum,
548 3160 758 3210 multismoruma
767 3159 880 3208 Romanis
924 3155 1001 3215 nonis,
1013 3168 1088 3216 quum
1096 3155 1145 3204 dux
1155 3159 1220 3216 erat,
1236 3157 1313 3206 scriba
1326 3157 1411 3204 luerat.
1426 3157 1455 3205 lli
1465 3157 1578 3217 progressi
1590 3156 1631 3204 tali
1643 3159 1699 3204 sunt

117 3237 204 3286 illelom
216 3237 298 3296 cesis,
309 3249 359 3284 non
369 3249 454 3298 parum
467 3238 596 3286 iracundias
607 3239 639 3286 οι)
650 3241 773 3300 acceptam
788 3238 879 3287 clade.
925 3230 1032 3278 oratione
1041 3234 1076 3278 usl
1088 3249 1094 3278 :
1106 3249 1117 3272 ι
1132 3235 1165 3280 Tc
1181 3233 1309 3293 imperator
1322 3232 1426 3280 ornicum
1438 3232 1579 3290 conciliavit,
1587 3235 1611 3280 et
1620 3231 1699 3291 digni·

119 3315 187 3362 auirno
200 3313 332 3372 enudata,
352 3315 378 3361 et
395 3313 485 3374 lugiem
501 3313 617 3376 quicquid
629 3318 684 3363 ante
696 3315 766 3376 pedes
777 3328 833 3364 suus
844 3315 879 3363 ol·
925 3309 1028 3370 tatibus,
1050 3324 1104 3370 quse
1116 3315 1173 3359 sunt
1186 3311 1250 3373 aprud
1270 3314 1389 3360 Romanos
1406 3311 1556 3370 clarissimae,
1576 3311 1699 3372 magnifice

118 3391 196 3448 tendit,
215 3390 274 3438 ussit
290 3391 314 3438 et
325 3389 434 3448 necarit,
450 3390 475 3438 el
490 3389 607 3451 primaru,
621 3389 719 3451 quaeilli
730 3390 802 3440 obuia
821 3391 879 3450 luit,
927 3388 1036 3446 ornarit,
1048 3388 1120 3436 etiam
1131 3389 1247 3449 imperare
1266 3389 1375 3436 maximia
1389 3389 1531 3438 exercitibus
1543 3388 1623 3447 dedit,
1639 3389 1695 3449 tibi,

120 3466 251 3516 llacedonire
263 3467 364 3526 urbem,
376 3467 584 3528 Stobos‚erertit,
598 3470 623 3517 et
638 3467 757 3529 militum,
774 3471 815 3529 qut
832 3467 881 3516 illic
927 3464 1016 3513 bomini
1035 3464 1090 3514 lieet
1107 3465 1221 3526 barbaro,
1240 3465 1338 3512 minime
1357 3464 1475 3513 diflidens.
1507 3466 1544 3512 Τιι
1563 3477 1633 3522 vero,
1655 3475 1698 3512 ne-

121 3538 257 3601 iapraesidiis
276 3549 358 3604 erant,
370 3555 466 3604 omnes,
481 3544 521 3604 qni
538 3545 646 3593 resistere
656 3544 789 3610 audebant,
808 3545 880 3593 inter·
926 3543 1012 3592 scimus
1027 3544 1158 3604 quomodo,
1172 3544 1335 3592 routmunium
1347 3543 1497 3591 inimicorum
1510 3542 1591 3590 lraude
1602 3544 1627 3590 et
1644 3541 1699 3589 dolo

121 3615 173 3664 latit
183 3621 215 3666 ut
227 3632 283 3667 τετυ
296 3621 435 3668 nuntiatum
444 3616 495 3678 est,
504 3620 634 3669 barbarum
646 3621 827 3670 Thessalonicen
839 3633 881 3682 pe·
926 3620 1049 3682 inductus,
1061 3622 1085 3670 in
1094 3622 1221 3670 discrimen
1230 3623 1254 3670 te
1266 3621 1419 3682 fortunasque
1431 3623 1485 3670 tuas
1495 3619 1615 3679 conjecisti
1627 3620 1651 3667 et
1660 3633 1699 3668 eea

121 3693 174 3752 tere,
193 3696 274 3742 statim
286 3696 352 3743 urbis
362 3696 446 3744 incolae
463 3695 494 3744 ad
514 3696 620 3746 fraudem
641 3697 771 3746 taciendam
791 3696 882 3746 litteras
926 3696 956 3744 ad
967 3697 1055 3756 alium,
1070 3698 1100 3745 ad
1115 3711 1187 3759 quem
1200 3710 1248 3746 non
1257 3696 1372 3756 debebas,
1385 3697 1498 3746 detulisti.
1513 3698 1543 3744 at
1554 3709 1611 3744 uero
1625 3696 1699 3744 baud-

120 3767 185 3826 pridie
195 3771 303 3820 redtatas
314 3771 498 3832 esaesuspicati,
512 3775 537 3821 et
548 3776 666 3822 Zenonem
683 3774 809 3834 ipsumque
821 3785 881 3834 prse-
926 3786 1046 3835 quaquam
1057 3773 1111 3833 jure
1126 3775 1261 3836 imperatori
1279 3775 1381 3834 imputes
1397 3786 1425 3822 ea
1438 3786 1494 3834 quaa
1504 3773 1531 3823 in
1547 3775 1572 3821 te
1585 3773 1662 3834 ipsum
1674 3773 1699 3820 et

121 3843 198 3894 lectum
206 3846 425 3906 babereinanimo,
438 3847 522 3896 urbem
536 3848 637 3898 barbam
649 3849 882 3908 tradere,seditlona
927 3851 950 3900 in
959 3852 1027 3900 illum
1038 3853 1165 3914 deliquisti.
1199 3855 1268 3902 Nunc
1284 3853 1363 3914 igilur,
1374 3851 1488 3912 quoniam
1497 3865 1526 3899 eo
1542 3854 1566 3900 te
1576 3851 1699 3912 redegisti,

122 3919 183 3982 ceu,
205 3923 256 3984 ejus
273 3927 366 3972 statuas
376 3923 504 3984 dejiciunt,
523 3927 548 3972 et
564 3927 704 3986 praetectum
721 3925 829 3986 aggressi,
852 3924 882 3973 ad
927 3929 1146 3992 lroctibiquantum
1155 3930 1185 3979 od
1196 3933 1335 3991 praesentem
1347 3931 1468 3978 fortunam
1478 3929 1563 3990 reliqui
1575 3931 1619 3988 est,
1629 3931 1655 3976 ut
1668 3929 1700 3976 ab

121 3995 188 4055 llfflffl
198 3999 349 4048 mulcendum
358 4000 435 4062 parati
447 4002 529 4061 erant,
538 4005 563 4050 et
578 4002 728 4062 pretorium,
738 4001 791 4062 igne
802 4002 881 4061 illato,
927 4007 1012 4068 injuria
1020 4009 1044 4056 et
1052 4007 1145 4056 damnis
1157 4007 1257 4056 urbibus
1268 4015 1291 4055 et
1303 4006 1412 4067 gentibus
1428 4005 1569 4063 inferendis,
1581 3995 1699 4066 quantum

122 4071 275 4138 iutemlisaeut,
296 4079 342 4126 nial
351 4077 412 4126 ordo
422 4091 489 4126 ειιοιει
504 4081 683 4140 procurantium
697 4083 721 4128 et
732 4078 883 4139 magistratus
927 4084 949 4132 ln
961 4087 985 4133 te
997 4083 1053 4143 crit,
1066 4085 1196 4144 temperes,
1205 4086 1230 4131 et
1240 4083 1380 4144 legationem
1392 4081 1486 4141 mittas,
1497 4093 1546 4142 qua
1554 4080 1616 4141 apud
1629 4081 1701 4142 impo-

122 4155 292 4215 praercnientes,
301 4156 384 4217 populi
398 4156 440 4204 irae
449 4157 589 4218 praelectum
600 4157 768 4206 subduxissent
779 4159 803 4205 et
815 4157 881 4206 luro-
927 4161 1029 4208 retorem
1037 4195 1043 4220 ,
1052 4159 1093 4220 qui
1103 4159 1227 4217 bonusest,
1234 4158 1383 4207 moderatum
1393 4158 1451 4219 quid
1458 4160 1483 4205 et
1490 4169 1586 4217 mquam
1593 4153 1703 4204 obtinere’

123 4237 168 4274 rem
178 4229 244 4288 plebis
256 4231 350 4280 blandis
360 4232 440 4281 verbis
451 4234 658 4294 comparuissent.
676 4233 789 4282 Dicebant
808 4233 882 4292 enirn,
927 4238 1026 4286 coneris.
1039 4257 1051 4280 ι
1064 4238 1105 4286 llle
1114 4251 1172 4286 vero
1182 4249 1321 4298 persuasus,
1332 4234 1571 4296 virosquosdamuna
1581 4247 1636 4281 cum
1646 4234 1702 4294 ipsis

123 4315 171 4351 rum
182 4317 222 4356 aon
230 4321 280 4356 asse
289 4309 375 4356 borum
387 4309 505 4356 malorum
512 4321 621 4368 oaumm,
630 4323 707 4371 neque
715 4309 883 4370 imperatorem
928 4314 1067 4375 Byzantium
1077 4314 1158 4363 mittit.
1174 4316 1203 4362 et
1211 4314 1260 4374 ipre
1269 4312 1364 4372 nitidem
1377 4311 1507 4360 exercitum
1517 4323 1588 4359 suurn
1599 4323 1669 4358 urere
1677 4311 1701 4357 et

124 4382 179 4429 “²¹0
197 4385 329 4434 tumultum
348 4385 439 4433 civitati
456 4385 532 4444 velle,
552 4388 595 4434 aul
613 4385 647 4433 ἰΙΙί
668 4385 768 4434 adversa
787 4399 882 4447 cuperc-
927 4388 1367 4449 occiderehominearetult,etsisuoa,
1378 4386 1701 4448 quumomniumrerumes·

125 4459 225 4516 oportere
230 4474 286 4508 sane
294 4463 430 4522 diligentem
439 4462 572 4512 anatoliam
581 4462 683 4512 civitatis
694 4475 772 4524 agere,
783 4476 884 4524 eamque
927 4467 1066 4527 serrtegeni,
1078 4465 1205 4528 quominus
1216 4479 1252 4514 rea
1261 4463 1404 4513 neccesarius
1412 4462 1456 4511 silri
1467 4466 1640 4524 compararent,
1650 4475 1701 4522 pro-

126 4539 260 4588 commitiere
274 4540 313 4588 cai
324 4540 572 4603 voluerintquemque
585 4541 630 4590 sibi
643 4541 717 4590 lidum
730 4554 781 4590 esse
798 4553 882 4602 cognu-
929 4543 1009 4592 hibere
1021 4556 1069 4590 non
1083 4541 1169 4603 potuit.
1181 4543 1348 4590 llinonrouens
1358 4539 1389 4588 ad
1405 4541 1543 4589 lleracleem
1554 4543 1561 4597 (
1570 4538 1700 4598 Sinticam)

129 4611 201 4661 reiut
230 4615 403 4676 ltaqueclasea
419 4616 545 4666 ciritattaa
560 4619 671 4679 praelectc
689 4618 844 4678 acceperunt,
860 4619 884 4666 et
930 4617 1199 4680 llaeedoniaepervenit.
1230 4617 1306 4676 llrrjus
1324 4616 1389 4665 urbis
1408 4616 1608 4677 archiepiscopus,
1624 4627 1701 4675 quum

130 4688 287 4752 mbirplsrmpo
303 4691 468 4754 tradiderunt,
484 4695 537 4742 tum
554 4707 584 4742 ex
599 4693 628 4742 iis
645 4693 755 4755 quitum
772 4697 884 4758 temporis
928 4709 1001 4758 quarn
1014 4695 1115 4757 plurima
1125 4698 1149 4743 et
1160 4694 1245 4743 diversi
1257 4695 1347 4754 generis
1365 4707 1463 4742 munera
1480 4693 1510 4742 od
1532 4705 1587 4741 eum
1605 4694 1630 4739 et
1650 4690 1702 4750 ejus

131 4763 300 4829 numerant,
311 4783 385 4830 quarn
401 4769 601 4832 diligentissimam
612 4774 741 4833 potuerunt
752 4774 884 4823 custodiam
929 4774 1061 4823 exercitum
1074 4773 1184 4831 misisset,
1194 4785 1288 4820 omnem
1298 4771 1417 4832 regionem
1430 4783 1444 4819 e
1455 4769 1586 4831 direptione
1601 4768 1700 4816 illaesam

133 4837 283 4905 instituebant,
299 4849 326 4894 et
344 4845 401 4894 duel
420 4859 465 4896 auo
482 4847 683 4908 obtemperabant.
715 4853 807 4900 interea
822 4855 885 4900 zeno
929 4849 1091 4909 conservarit,
1101 4862 1179 4911 neque
1190 4850 1318 4910 qrriequam
1334 4848 1448 4895 molestiae
1464 4846 1578 4895 exhibens
1594 4844 1702 4894 locorum

133 4927 197 4972 ‘luam
207 4923 294 4972 audiret
308 4921 436 4970 imminens
446 4923 591 4984 periculum,
605 4926 629 4972 et
648 4925 752 4986 rideret,
769 4927 885 4986 optimum
930 4927 1024 4988 incolis,
1039 4926 1181 4987 copiassuas
1197 4940 1227 4974 ex
1238 4925 1314 4974 reditu
1334 4925 1405 4985 lrrrjua
1422 4923 1521 4984 regionis
1530 4923 1593 4971 alere
1603 4935 1700 4982 operam

134 4998 381 5074 thmndcquidern
395 5011 464 5048 uerno
483 5013 585 5060 pugnare
594 5000 700 5060 volebat,
711 5003 887 5052 conditionibus
930 5003 1002 5052 dedit.
1036 5003 1116 5062 Legati
1125 5005 1204 5052 autem
1214 5001 1353 5051 abeomiasi
1362 5001 1503 5061 simulatque
1511 4996 1651 5059 Byzantium
1663 5010 1702 5044 ae-

138 5067 160 5114 rt
169 5071 265 5122 udubitr
276 5075 346 5126 τοίνυν
354 5076 625 5138 aequissimisbarbarum
635 5078 665 5128 ab
678 5078 773 5129 urbium
783 5080 887 5131 ruiniset
930 5083 1059 5142 cesserunt,
1076 5081 1243 5144 imperatorem
1254 5081 1398 5130 monuerunt
1410 5079 1532 5141 oportere,
1543 5087 1616 5138 quum
1627 5074 1701 5124 celer·
