3766 5726
793 345 1043 407 FRAGMENTA.
1664 351 1719 400 283

122 477 263 552 posthunc
287 475 508 550 Sardanapallus
518 477 576 532 sive
590 478 717 536 Saracus.
735 478 892 552 Sammugis
938 491 1099 551 supererant
1120 497 1203 552 usqne
1226 480 1265 532 ail
1285 483 1429 552 imperium
1457 479 1644 533 Macedonum
1665 497 1720 533 non

122 567 182 621 nulla
193 565 275 640 apud
289 567 423 620 Nostrum
433 563 466 618 fit
475 566 598 634 mentio;
613 565 675 636 ejus
687 566 752 621 loco
764 566 835 640 poni
848 567 891 620 vi·
937 572 998 620 sine
1007 568 1098 621 valvis
1110 584 1168 620 cere
1179 566 1318 636 conflatis.
1333 567 1434 620 Omnia
1449 563 1597 636 Abydenus
1607 568 1722 620 Danieli

121 652 431 726 deturSardanapallm‚
439 653 489 724 qui
499 651 573 706 idem
582 669 640 706 esse
648 651 732 706 debet
740 670 805 707 cum
813 653 891 708 Sara·
940 673 1058 708 consona
1086 666 1196 718 narrat,
1224 655 1304 726 apud
1330 671 1410 726 quem
1437 652 1722 708 Nabrrclroelonosorus·

120 738 893 812 eo.Annotaveratquidam,utput0,Saracumeunrlem
941 743 1069 813 superbia
1083 741 1205 796 tumidus
1223 745 1262 794 ita
1279 741 1418 794 inducitur
1435 744 1547 813 loquens
1565 759 1571 792 :
1592 765 1602 788 a
1622 741 1722 795 Nonne

119 845 167 883 esse
178 829 229 900 qui
245 827 334 901 vulgo
349 825 701 900 diciturSardanapaIBn.
719 827 830 882 Deinde
839 846 893 882 no·
941 827 1004 882 brec
1013 841 1055 883 est
1063 829 1191 900 Babylon
1203 845 1316 899 magna,
1335 847 1418 901 quarn
1429 845 1481 900 ego
1494 827 1633 898 fetificant
1647 838 1676 881 ut
1685 833 1723 888 sit

116 935 172 970 men
185 915 386 988 Sardanapalli
400 915 493 969 alieno
505 915 570 970 loco
583 915 614 968 iu
626 925 732 970 textum
746 925 894 988 receptum
940 921 1021 986 regni
1034 919 1123 982 sedes,
1144 921 1247 970 uirtute
1254 912 1433 984 fortitudinis·
1445 933 1528 980 meas,
1546 927 1574 968 et
1589 920 1618 968 in
1632 914 1721 969 liono-

116 1017 166 1070 sst,
188 1005 226 1059 ita
247 1015 280 1058 ut
299 1003 474 1076 Sammugis,
496 1019 554 1057 uon
573 1019 643 1056 vero
665 1003 762 1057 Saraci
783 1004 893 1056 nomini
940 1021 997 1056 rem
1011 1005 1114 1074 gloria
1130 1021 1201 1058 mea·
1216 1003 1257 1076 (c.
1274 1008 1303 1070 l,
1319 1001 1420 1078 27)!s

114 1091 337 1147 substituerem.
346 1090 589 1144 -Busalussorus
595 1089 892 1164 estNabopalassarus.
978 1093 1045 1145 lam
1060 1093 1135 1163 quod
1141 1096 1252 1164 imperii
1259 1097 1319 1161 ejas
1322 1089 1492 1160 felicitatem
1503 1102 1614 1144 testetur
1620 1091 1721 1142 Daniel

114 1174 387 1251 -eritam]·ln
396 1176 654 1231 Armeniacotextu
665 1184 894 1230 estauouauua
939 1177 985 1231 lris
999 1180 1103 1244 uerbis,
1126 1179 1224 1250 quibus
1242 1179 1278 1232 de
1297 1177 1563 1233 Nabuchodonosoro
1585 1178 1721 1249 oquitur,-

114 1281 270 1320 mcuusss
288 1279 426 1319 cronos.
437 1263 501 1317 lam
513 1279 582 1316 vero
598 1280 677 1317 suos
687 1280 744 1316 vox
759 1262 894 1317 hactenus
940 1267 1008 1320 ancli
1021 1278 1049 1320 et
1060 1267 1226 1337 Abydenum
1238 1285 1247 1318 :
1261 1267 1392 1332 Hercule,
1415 1270 1508 1338 inquit,
1522 1262 1628 1334 sortior
1644 1275 1721 1330 erar,·

112 1351 193 1404 uobis
216 1349 365 1418 inaudita,
393 1347 474 1418 eujus
498 1349 701 1422 etymologiam
723 1351 894 1424 investigan-
943 1353 1026 1426 idme
1037 1357 1153 1426 exponit
1162 1351 1217 1406 lrac
1226 1356 1333 1406 ratione
1345 1359 1489 1407 sermonis.
1503 1353 1718 1415 Potentissimus,

113 1437 186 1491 tibus
197 1436 370 1494 occurrebat
382 1453 458 1502 uus,
476 1440 560 1508 ignis.
574 1433 735 1494 Dicendum
747 1447 789 1492 est
802 1450 871 1510 ergo
886 1456 891 1490 :
940 1446 993 1506 ait,
1020 1441 1288 1506 Nabucodrossorns,
1310 1445 1357 1512 qui
1376 1451 1404 1494 et
1415 1445 1469 1512 ipsi
1484 1440 1595 1494 Herculi
1602 1436 1723 1508 sortitu-

112 1525 240 1578 incendio
268 1523 399 1578 audebat
419 1523 527 1596 regiam
554 1524 695 1578 Euoritam
716 1541 738 1581 s.
763 1524 891 1580 Enoritoe.
939 1527 1007 1581 dine
1020 1533 1162 1600 praestitit,
1189 1533 1217 1580 in
1237 1527 1354 1599 libyam
1374 1539 1456 1599 atque
1477 1529 1601 1582 Iberiam
1616 1531 1725 1598 magnis·

112 1613 182 1666 Tum
207 1610 244 1666 de
267 1620 414 1685 postremo
438 1611 494 1665 hoc
519 1611 661 1665 vocabulo
686 1612 799 1666 Enorita
826 1611 894 1666 dum
940 1614 1724 1688 copiisexpeditionemsuscepit.·quibusregionibuscle·

112 1697 324 1772 cogitabamus,
343 1696 476 1752 veniebat
493 1696 577 1752 nobis
594 1697 624 1750 iu
641 1707 766 1754 mentem
780 1701 894 1752 Aroiten
921 1702 1061 1770 bellatis,
1074 1703 1227 1756 incolarum
1236 1713 1346 1773 partem
1359 1705 1388 1754 in
1403 1702 1484 1756 Ponti
1491 1702 1636 1754 dexteram
1645 1718 1723 1754 oram

112 1803 216 1840 nomen
228 1803 284 1858 pro
298 1783 431 1850 Amulio,
449 1783 529 1856 quod
538 1783 660 1840 vidimus
670 1785 700 1838 in
713 1795 792 1840 textu
801 1801 893 1857 greco
941 1791 1092 1843 transtulit.
1114 1789 1224 1842 Deinde
1237 1787 1369 1843 Cbaldoei
1388 1789 1510 1854 tradunt,
1532 1800 1649 1842 mentem
1665 1793 1725 1856 ejus

114 1873 174 1946 (ap.
182 1873 306 1944 Syncell.
316 1891 347 1946 p.
356 1889 427 1940 aso,
435 1871 538 1930 uvid.
550 1882 610 1930 not.
619 1870 656 1926 ad
662 1873 758 1929 Beros.
769 1870 802 1929 lr.
815 1870 871 1947 ιο).
881 1897 893 1920 ν
941 1878 1097 1948 adregiam
1105 1876 1328 1932 reducisdeorum
1336 1877 1516 1948 quorumdam
1525 1871 1725 1945 afslatnsnissc

113 1959 181 2012 llus.
204 1961 295 2034 Igitur
314 1959 371 2014 hoc
394 1977 511 2032 quoque
535 1960 600 2013 loco
624 1959 716 2033 glossa
737 1969 843 2014 temere
865 1960 894 2012 iu
940 1976 1116 2036 occupatam,
1134 1970 1174 2019 ita
1188 1975 1220 2017 ut
1240 1968 1270 2019 in
1284 1963 1347 2018 baec
1361 1964 1450 2018 uerba
1471 1976 1625 2036 erumperet
1639 1963 1725 2032 :Ego

115 2045 243 2102 omum
256 2047 413 2102 verborum
427 2047 543 2121 recepta
556 2056 608 2103 est.
944 2051 1210 2118 Nnbucodrossorus,
1240 2055 1372 2104 ostrenui
1390 2051 1551 2121 Babylonii,
1579 2068 1724 2122 supemcn·

490 2167 507 2222 3
943 2149 1021 2192 turas
1033 2139 1114 2192 vobis
1130 2155 1273 2192 oerumnas
1283 2138 1450 2210 prccdicmn.
1469 2137 1536 2190 Tum
1550 2137 1612 2189 alia
1625 2137 1658 2188 id
1675 2153 1725 2208 ge-

513 2209 518 2220 ’
942 2243 993 2278 nus
1003 2237 1132 2280 accurate
1141 2236 1248 2280 narrat.
1259 2225 1492 2296 Rursusqueidern
1502 2224 1719 2295 scriptoradclit:

153 2309 291 2368 Eusebius
312 2311 394 2366 sun.
414 2329 444 2384 p.
470 2311 507 2366 26
531 2311 578 2368 ed.
601 2313 686 2370 Mai:
708 2316 840 2376 Aurum
859 2331 897 2368 os
942 2330 1012 2380 eum,
1031 2317 1079 2386 qni
1091 2309 1355 2380 tantoelaaissastu
1370 2308 1532 2384 imperabat,
1551 2321 1725 2382 econspectn

117 2399 418 2458 ssscmonosososo.
436 2399 693 2454 Nabucodrossorus
703 2411 827 2472 suscepto
842 2404 896 2454 im·
943 2412 1055 2472 repente
1072 2411 1194 2472 ereptum
1207 2403 1358 2454 evanuisse.
1380 2401 1453 2452 Hinc
1461 2398 1542 2472 fllius
1553 2403 1613 2467 ejus
1627 2395 1723 2452 Amil-

111 2491 190 2556 perio
207 2487 382 2556 Babylonem
399 2491 474 2542 intra
489 2487 644 2561 quindecim
650 2485 748 2558 ferme
761 2488 822 2542 dies
836 2493 895 2542 cin·
944 2486 1129 2541 nramdaclins
1142 2491 1274 2558 regnavit,
1298 2504 1378 2559 quem
1391 2487 1463 2540 brevi
1473 2487 1503 2539 N
1502 2484 1628 2554 iglisares
1637 2499 1727 2554 gener

111 2571 200 2642 gebat
209 2575 347 2629 moenibus
357 2585 387 2628 et
397 2576 502 2649 triplici
513 2592 618 2649 aggere
633 2593 643 2629 .·
652 2575 826 2650 fluviumque
838 2578 895 2629 Ar-
942 2574 1050 2627 occidit.
1069 2574 1206 2628 Successit
1222 2585 1327 2640 auam,
1346 2577 1395 2645 qui
1409 2591 1479 2626 unus
1491 2582 1652 2644 supererat,
1668 2571 1724 2623 La·

114 2662 251 2716 maculem
274 2662 312 2716 ab
338 2665 470 2716 Aranane
492 2663 667 2735 promebat:
692 2675 805 2736 puteum
830 2668 895 2718 item
942 2661 1186 2732 bossoracusfilius
1204 2661 1409 2732 :quiuiolento
1426 2663 1491 2714 item
1499 2654 1569 2726 sato
1588 2675 1669 2730 qaum
1689 2656 1726 2710 ab

113 2749 225 2802 excelso
241 2750 303 2803 loco
319 2749 399 2821 apud
417 2749 520 2822 Sipara
543 2751 637 2804 urbem
652 2747 798 2821 fodiebat,
822 2769 895 2823 qua·
942 2749 1037 2802 eodem
1054 2749 1179 2802 sublatus
1190 2745 1307 2816 suisset,
1331 2746 1553 2802 Nabonedoclsus
1569 2746 1646 2798 nullo
1659 2751 1727 2814 jure

56 2853 65 2876 ·
112 2835 247 2910 draginta
256 2853 440 2908 parasangas
459 2838 565 2906 larunt,
584 2850 612 2892 et
622 2840 704 2892 ubios
714 2843 820 2910 uiginti
829 2857 897 2911 pro-
941 2833 1031 2900 fretus
1039 2837 1080 2890 ad
1088 2837 1268 2908 regniseclem
1279 2835 1410 2890 accedere
1413 2841 1506 2905 jussus
1516 2838 1720 2904 estmsnempc,

47 4976 70 5133 l

114 2919 240 2982 sunm.
253 2924 326 2978 Huic
338 2935 430 2980 autem
446 2927 571 2980 claustra
588 2927 759 2999 apponenda
772 2931 894 2994 curavit,
942 2929 988 2978 cui
1002 2924 1101 2996 Cyrus,
1119 2935 1204 2997 capta
1217 2924 1282 2978 dein
1297 2923 1455 2993 Babylone,
1476 2921 1638 2976 Carmaniae
1653 2938 1727 2991 pnu-
1745 2917 1747 2922 '

112 3009 214 3082 quibus
223 3014 341 3067 reclusis
355 3017 482 3068 ursiversa
493 3014 629 3086 planities
641 3019 791 3086 rigaretur.
809 3013 897 3070 Clau·
935 3008 1081 3080 secturam
1101 3015 1233 3066 concessit
1254 3029 1304 3070 :.a
1322 3011 1411 3064 Dario
1430 3021 1523 3064 autem
1540 3026 1607 3079 rege
1627 3007 1725 3062 eadem

113 3107 229 3152 samm
251 3117 354 3153 nomen
381 3096 647 3174 ἑχοτογνώμονος
676 3113 791 3168 uocant,
819 3107 898 3174 quasi
941 3099 1249 3172 provinciapulsusest.

34 3170 37 3233 ¹¹,
115 3203 150 3238 ea
161 3187 308 3242 oahatate
318 3188 443 3260 quadam
453 3192 634 3262 ingenitaque
645 3192 824 3246 inclinatione
842 3195 900 3244 sint

116 3274 245 3342 proedita.
261 3275 340 3327 litus
350 3285 491 3346 praeoerea
504 3277 592 3330 Rubri
605 3281 692 3331 maris
705 3277 834 3332 adversus
845 3282 897 3330 im·

118 3360 348 3430 pemmflucarum
356 3367 547 3416 communivit:
559 3374 616 3418 turn
625 3369 654 3418 in
663 3364 898 3418 limineArabicac
983 3367 1120 3424 Eusebius
1133 3368 1164 3423 P.
1175 3369 1207 3423 tt.
1219 3368 1274 3440 IX,
1286 3373 1335 3436 41,
1351 3385 1381 3440 p.
1399 3363 1455 3431 456
1465 3365 1508 3433 ,D
1523 3362 1558 3438 (t.
1574 3364 1613 3436 11,
1626 3381 1657 3437 p.
1670 3369 1727 3427 lto

121 3452 235 3518 regiam
252 3448 419 3502 Teredonem
432 3446 684 3518 arbemsundauit:
699 3454 777 3523 regia
785 3452 899 3523 palatia
946 3455 995 3512 ed.
1018 3453 1136 3528 Gssd.):
1161 3442 1244 3530 Εἶρον
1269 3449 1297 3508 δὲ
1326 3449 1371 3508 καὶ
1390 3453 1416 3509 lu
1439 3452 1472 3527 τῇ
1494 3447 1635 3518 Ἀὅνδηνοῦ
1661 3445 1728 3526 Περὶ

121 3535 271 3590 mentibus
283 3535 416 3590 arbonem
433 3539 551 3590 sarculis
568 3542 723 3602 exornavit,
750 3555 901 3610 nomenque
947 3539 1087 3617 Ἀσσυρίων
1097 3543 1185 3619 γραφῇ
1196 3537 1255 3618 περὶ
1270 3542 1315 3596 τοῦ
1327 3534 1561 3615 Νσὸουχοδονόσορ
1570 3539 1666 3592 τοῦτο·

120 3619 164 3674 bis
174 3620 249 3692 fecit
269 3623 412 3676 viridario
423 3626 552 3696 pensilia.
573 3625 644 3678 Mon
663 3636 793 3679 accurate
814 3631 900 3680 etiam
986 3654 998 3680 ι
1022 3626 1190 3703 Μεγασθένης
1205 3626 1233 3684 st
1247 3648 1311 3706 φησι
1323 3623 1571 3702 Ναὸουκοδρόσορον
1584 3620 1728 3700 Ἡρακλέος

117 3710 246 3764 edisserit
265 3728 398 3782 quaenam
420 3712 497 3764 dicta
519 3714 574 3764 sint
596 3712 740 3766 viridaria
759 3715 895 3785 pensilia,
947 3713 1125 3794 ἀλκιμώτερον
1150 3714 1274 3790 γεγονότα
1303 3711 1345 3770 ἐπ(
1365 3735 1393 3770 τι
1418 3709 1519 3782 Λιὸύην
1544 3709 1588 3767 καὶ
1610 3708 1728 3788 Ἰὸηρίην

117 3797 271 3869 castaeque
283 3801 327 3850 ⁰1⁹!
335 3815 355 3850 a
367 3797 472 3851 Groeclt
482 3815 588 3870 quoque
599 3803 629 3852 in
641 3811 746 3871 septem
757 3805 901 3872 speciosis·
947 3805 1117 3881 στρατεῦσαι·
1131 3798 1228 3866 τούτοις
1248 3799 1274 3857 δὲ
1289 3799 1493 3879 χειρωσάμενον,
1511 3796 1663 3872 labbeanas
1679 3798 1728 3852 αὒ-

113 3889 195 3937 st'mls
209 3885 357 3937 mlracttlt't
368 3889 522 3942 numerari.
947 3889 1012 3946 τέων
1025 3889 1060 3955 εἰς
1076 3886 1109 3945 τὰ
1130 3886 1199 3957 δεξιὰ
1218 3893 1263 3945 τοῦ
1281 3887 1381 3947 Πόντου
1402 3887 1568 3954 κατοικῆσαι.
1587 3880 1664 3940 Μετὰ
1682 3883 1727 3957 δὲ,

155 3973 261 4026 lleusus
271 3972 480 4026 aliolocoidem
490 3971 620 4028 bomosic
635 3975 768 4046 loquitur:
783 3975 897 4042 Cuncta,
947 3975 1050 4053 λέγεται
1065 3996 1128 4119 appe
1143 3973 1333 4048 Xalbaluss
1320 3998 1354 4040 ως
1375 3970 1473 4038 ἀναὸὰς
1492 3970 1535 4029 ἐπὶ
1553 3967 1586 4026 sl«
1603 3926 1727 4047 Busslbssl

110 4063 220 4132 inquit,
239 4060 306 4112 olim
316 4063 396 4132 aquis
406 4057 584 4128 tenebantur,·
601 4061 682 4134 idque
701 4079 778 4116 mare
791 4062 901 4116 diceba·
947 4063 1122 4142 κατασχεθείη
1138 4057 1269 4142 θοῶὸτεῳ
1283 4021 1331 4134 bb,
1345 4047 1656 4136 φθεγξάμενοςεδὲεῖπεν,
1669 4049 1727 4116 Ob-

109 4161 160 4202 rur
174 4167 186 4200 .·
202 4146 280 4220 quod
292 4148 401 4217 quidem
418 4149 503 4204 Belus
515 4153 690 4222 compescuit,
712 4161 742 4204 et
752 4167 829 4204 suum
843 4155 903 4204 cul·
946 4172 988 4215 τος
1003 4153 1054 4225 ἐγω
1038 4146 1286 4227 Nabounobpa'sop
1287 4171 1327 4220 ος,
1340 4171 1361 4206 ω
1343 4137 1546 4216 ’Βοίυλώνιοο
1559 4141 1606 4213 τὴν
1618 4143 1728 4218 μίλλου·

107 4253 170 4308 que
183 4238 232 4287 rei
250 4235 337 4288 lacurn
356 4235 460 4292 tribuit.
483 4238 564 4290 Idem
578 4237 752 4308 Babylonem
771 4238 905 4292 manibus
948 4260 996 4296 σαν
1009 4237 1069 4314 ὑμῖν
1090 4237 1261 4316 προσγγέλλω
1279 4257 1382 4314 συμρορ
1368 4233 1424 4314 ρὴν,
1437 4232 1484 4304 τὴν
1504 4229 1561 4290 ὅτι
1573 4233 1657 4302 Βῆλος
1668 4230 1729 4307 lit-0<

107 4319 251 4377 ambiens
270 4328 457 4392 communivit,
481 4343 547 4397 qnae
570 4326 751 4380 diuturnitate
774 4331 904 4400 temporis
946 4324 1071 4403 πρόγονος
1094 4323 1111 4394 ἥ
1133 4347 1163 4381 ss
1186 4323 1306 4402 βασίλειοι
1327 4324 1423 4393 Βῆλτις
1443 4317 1606 4399 ἀποστρέψαι
1629 4318 1729 4397 Μοίρας

113 4411 217 4462 diruta
240 4408 492 4464 Nabucodrossorus
513 4412 624 4466 demum
647 4417 763 4467 restituit
786 4431 796 4465 .·
817 4431 904 4486 eaque
947 4413 1207 4484 retruderentur.
1220 4408 1299 4477 Ἥξει
1314 4409 1420 4488 Πέρσης
1433 4407 1554 4484 ἡμίονος,
1569 4409 1650 4464 τοῗῦῑν
1665 4407 1730 4480 ὑμί-

501 4573 529 4622 9
950 4571 1181 4634 repentesiltalum,
1197 4569 1263 4632 quod
1281 4569 1391 4631 sequitur
1404 4566 1530 4616 oracutum
1544 4563 1674 4615 attulisse:
1688 4563 1730 4611 tlte

146 4646 178 4692 ΙΙ
198 4651 233 4689 ⁶⁸
243 4653 315 4703 (Μ
326 4643 454 4706 Abydenus
468 4645 499 4695 de
510 4648 661 4708 assyriorum
678 4647 747 4698 rebus
758 4646 851 4710 usipus
866 4646 903 4696 hl·
949 4663 993 4712 ego
1013 4649 1238 4710 Nabucodrosorus,
1250 4645 1414 4710 ottabytouit,
1431 4643 1596 4694 imminentem
1607 4641 1675 4690 robis
1691 4653 1729 4689 ca·

119 4723 194 4772 ¹⁹¹¹
201 4717 657 4788 “mmmmmfetffl'
950 4730 1082 4780 laenitatem
1094 4741 1247 4791 ptoenuncto
1261 4741 1335 4790 quam
1352 4723 1673 4786 annuntiaverimus
1685 4731 1730 4770 uec

147 4797 370 4859 dmm·
396 4801 488 4863 tuqus,
510 4806 595 4852 suetis
619 4803 656 4852 est
679 4802 904 4852 Nabucodrosorum
952 4807 1022 4857 Belus
1037 4805 1129 4868 generis
1146 4806 1219 4855 nostri
1243 4808 1327 4853 assetur
1345 4802 1482 4864 uecregius
1497 4800 1571 4851 Bellis
1588 4797 1730 4862 persumere

120 4875 225 4929 scats
236 4875 280 4938 ipsi
299 4877 436 4928 tortitudine
451 4882 525 4942 atque
538 4881 623 4930 salmis
635 4881 786 4943 prostitisse,
798 4870 905 4944 atquetu
950 4895 1058 4946 uuquam
1078 4884 1199 4944 poterunt.
1215 4881 1322 4932 Peninus
1333 4882 1415 4929 veniet
1430 4878 1525 4936 mulus,
1540 4877 1582 4938 qui
1591 4875 1730 4924 wmouum

121 4957 265 5018 {firmet
280 4955 382 5006 thesium
398 4957 489 5019 impetu
510 4958 587 5020 ianm,
606 4960 729 5022 utriusqus
745 4960 795 5020 iaso
809 4960 906 5010 domitat
951 4963 1085 5010 vestrorum
1097 4959 1200 5020 auxilio,
1213 4958 1300 5008 durum
1312 4956 1447 5008 cervicibus
1461 4957 1545 5004 restris
1554 4953 1639 5014 Jugum
1652 4952 1730 5011 impu·

113 5033 235 5090 colui!
247 5033 270 5081 lfl
282 5033 394 5082 dextram
408 5035 474 5084 Ponti
484 5035 578 5098 plagam
588 5037 731 5098 οσροήοσοο.
743 5037 836 5094 Quibus
852 5051 904 5100 per·
951 5041 999 5087 net.
1012 5040 1091 5099 Atque
1104 5035 1175 5098 hujus
1193 5035 1267 5084 cladis
1282 5036 1366 5084 auctor
1378 5033 1450 5083 etlam
1467 5031 1548 5080 states
1562 5028 1659 5091 quidam
1670 5027 1730 5086 erit,

115 5113 196 5170 uss,
217 5110 324 5160 esaum
346 5113 438 5172 eruut,
457 5127 513 5162 eum
534 5127 663 5163 σοσσσοιονο
681 5114 770 5176 palatio
791 5114 906 5164 diuinitus
951 5129 999 5178 qrro
1013 5119 1068 5164 aute
1084 5114 1326 5176 Assyriimaguopere
1339 5109 1543 5172 putabamus-,o
1562 5105 1654 5156 utinam
1667 5105 1730 5168 trae,
