3930 5754
821 387 1072 448 FRAGMENTA.

191 608 436 683 menippeum,
463 628 514 664 roa
541 607 646 668 ιΟθτω
668 609 807 690 περίθυμος
828 611 928 688 ἐγένετο

150 697 165 752 θ
178 692 253 768 Ζεύς,
266 693 333 754 ὥστε
356 697 485 774 ἐνσκῆψαι
498 693 572 773 βέλος
594 696 712 772 διαμπάξ
730 698 763 755 δι’
775 699 928 779 ἀμφοτέρων

150 783 202 839 τῶν
213 785 320 857 μαστῶν
334 781 411 852 ἢτῶν
421 779 573 861 πλευρῶν,ἣ
583 785 617 841 δι’
628 785 706 842 αὐτοῦ
720 791 803 843 τετοῦ
817 785 927 859 Ἀσκλη-

151 873 212 928 πεοῦ
230 869 275 928 καλ
295 875 339 928 τοῦ
359 869 550 949 ἰατρευθέντος,
563 869 631 930 ὥστε
645 872 690 930 καὶ
710 871 754 930 τόν
771 873 929 944 Ἀσκληπιὸν

151 957 312 1033 ἀναιρεῖσθαι
326 955 427 1013 καὶτὸν
442 955 652 1016 ἀναύεόιωκότα·
664 955 712 1016 όδέ
728 957 873 1038 Σωκράτης
886 959 928 1018 τὸν

149 1040 306 1112 Ἀσκληπιόν
326 1064 390 1121 φησι
413 1041 458 1098 καὶ
482 1040 525 1098 τὸν
540 1043 678 1111 διδάξαντα
698 1043 775 1102 αύτθν
797 1045 926 1125 Χείρωνα.

149 1128 243 1194 Οὐδείς
255 1129 282 1188 δέ
296 1130 379 1209 τούτῳ
394 1138 585 1208 συμμαρτυρεῖ.

189 1215 352 1296 Σωκράτης]
374 1219 467 1293 Vulgo
486 1217 601 1296 Κράτης.
620 1221 749 1277 Correxit
759 1222 925 1278 Valckenar.

149 1303 185 1360 ad
198 1305 287 1359 schol.
303 1307 372 1360 Eur.
387 1305 487 1363 Phoen.
503 1303 553 1370 45.

508 1405 523 1462 3
546 1427 571 1466 a.

188 1496 284 1558 Schol.
295 1502 422 1556 vatican.
438 1503 538 1576 Eurip.
554 1503 640 1558 Rhes.
658 1503 695 1558 αθ
714 1525 721 1558 :
742 1500 776 1562 ‘0
791 1501 818 1560 δέ
831 1501 928 1564 Ἡσίο-

148 1583 193 1649 δος
206 1585 338 1664 Εύρόιπης
362 1585 410 1662 μέν
425 1609 502 1668 φησιν
521 1587 598 1646 αὐτὸν
614 1587 672 1667 (τόν
695 1588 881 1668 Σαρπηδόνα),
895 1594 929 1656 ὡς

149 1671 317 1741 Ἑλλάνικος·
332 1675 382 1732 εἰσὶ
395 1673 422 1734 δέ
437 1673 462 1733 οἳ
484 1674 637 1736 Δευκάστου
654 1681 758 1752 (scribe
773 1679 926 1756 Λυκάστον)

149 1759 195 1816 καὶ
207 1758 280 1831 Ἴδης
290 1765 335 1831 τῆς
350 1761 516 1842 Κορύύαντος
529 1765 712 1842 γενεαλογοῦσι
726 1765 793 1840 μετδι
810 1766 855 1824 καί
873 1767 928 1826 Μί-

147 1867 213 1914 νωος
223 1846 269 1906 καί
287 1846 501 1926 Ῥαδαμάνθυος,
529 1851 647 1930 καθάπερ
670 1853 814 1932 Σωκράτης
840 1855 866 1911 έν
878 1855 930 1922 τοῖς

148 1931 318 2011 Ἀργολικοῖς.
336 1936 394 1992 Pro
420 1936 573 1996 Δευκάστου
594 1941 779 1998 scribendum
794 1962 852 1998 esse
871 1947 929 2001 Δυ-

149 2019 249 2078 κάστου
266 2025 382 2099 colliges
391 2044 426 2081 ex
435 2026 564 2082 Diodoro
580 2029 634 2097 1v,
649 2029 687 2084 60
697 2070 705 2098 ,
716 2030 929 2106 ubiLycastus,

149 2111 253 2166 Minois
267 2111 298 2182 s.,
317 2115 480 2187 cognomini
501 2115 590 2172 Cretae
612 2117 676 2170 urbi
696 2136 801 2174 nomen
820 2118 930 2174 dedisse

150 2197 266 2253 dicitur.

193 2370 337 2430 Plutarch.
354 2375 397 2428 De
408 2374 476 2428 mul.
492 2285 557 2428 vide..
575 2394 601 2429 c.
627 2381 665 2440 t:
681 2373 792 2440 Οὐδενὸς
812 2366 929 2445 δὲῆττον

149 2448 250 2521 ἔνδοξόν
261 2457 315 2513 ἐστι
329 2459 380 2514 τῶν
393 2462 467 2535 κοινῇ
478 2459 712 2538 διαπεπραγμένων
720 2460 835 2538 γυναιξίν
848 2461 929 2540 ἔργων

152 2541 241 2620 θπρδς
256 2543 392 2617 Κλεομένη
415 2544 476 2624 περί
489 2541 597 2623 Ἄργους
615 2545 697 2623 ἀγὼν,
709 2545 737 2606 θν
751 2547 928 2624 ἠγωνίσαντο,

150 2627 311 2701 Τελεσίλλης
324 2635 370 2700 τῆς
388 2631 524 2711 ποιητρίας
539 2634 763 2714 προτρεψαμένης.
779 2635 887 2706 Ταύτην
902 2635 930 2694 δέ

150 2735 229 2792 φασιν
250 2716 333 2782 οἰκίας
346 2707 426 2775 οὖσαν
441 2717 556 2790 ἐνδόξου,
574 2725 612 2798 τῷ
629 2721 657 2778 δέ
672 2721 775 2797 σώματι
786 2744 929 2797 νοσηματι·

148 2799 209 2874 κὴν,
226 2806 261 2870 εἰς
275 2803 345 2872 θεοὺς
361 2804 466 2886 πέμψαι
478 2805 539 2886 περὶ
553 2806 667 2885 ύγιείας,
680 2808 725 2866 καί
738 2808 851 2887 χρησθέν
864 2810 929 2887 αὐτῇ

148 2887 259 2955 Μούσας
276 2890 437 2969 θεραπεύειν,
454 2892 608 2969 πειθομένην
621 2898 654 2974 τῇ
669 2898 718 2974 θεῷ
724 2939 732 2966 ,
745 2895 790 2952 καὶ
808 2895 928 2971 έπιθεμέ·

149 2995 198 3044 νην
220 2977 277 3054 ᾠδῇ
291 2977 336 3034 καί
357 2978 484 3059 ἁρμονίη,
507 2985 552 3038 τοῦ
576 3002 606 3038 τε
619 2979 716 3050 πάθους
743 2985 929 3060 ἀπαλλαγῆναι

148 3059 233 3138 ταχὺ,
249 3063 293 3122 καί
308 3067 488 3140 θαυμάζεσθαι
507 3067 549 3125 διδ
561 3068 700 3140 ποιητικὴν
715 3068 767 3127 tet
780 3073 832 3127 τῶν
843 3092 930 3146 γυναι-

148 3149 212 3206 κῶν.
226 3149 302 3208 Ἐπεί
316 3151 343 3208 δέ
356 3151 503 3228 Κλεομένης
516 3157 531 3211 θ
548 3152 670 3231 βασιλεὺς
684 3159 735 3213 τῶν
753 3158 928 3234 Σπαρτιατῶν

501 3325 551 3375 'a

181 3397 216 3445 lta
234 3398 309 3448 iratus
328 3405 379 3449 eret
396 3403 516 3464 luppiter,
537 3405 565 3452 ut
585 3405 674 3454 tulmen
694 3406 789 3469 penitus
808 3406 929 3466 trajiceret

149 3485 192 3536 per
201 3473 283 3524 ambas
300 3477 418 3527 mamillas
430 3478 467 3528 rel
478 3481 600 3541 perambo
621 3481 710 3543 latera,
732 3485 775 3531 ant
793 3495 835 3543 per
850 3483 928 3544 ipsum

148 3555 311 3616 AEsculepium
319 3559 392 3617 atque
399 3570 454 3605 eum
462 3571 534 3619 quaem
543 3563 678 3620 sanaverat,
688 3560 748 3610 adeo
756 3564 814 3610 utet
823 3562 928 3610 AEscule·

148 3628 203 3689 pius
211 3630 263 3680 etis
273 3643 345 3692 quem
353 3633 377 3680 ia
388 3634 461 3682 vitam
469 3639 638 3697 revocaverat,
650 3637 788 3686 interlectos
796 3637 835 3686 sit.
846 3639 927 3686 Socra·

148 3708 185 3754 tm
194 3718 252 3755 rero
263 3709 424 3770 AEseolepiom
436 3712 460 3759 at
474 3712 611 3772 magistrum
630 3713 681 3772 eius
692 3714 821 3762 Chironem
835 3713 929 3763 interle-

148 3785 217 3831 ctnm
226 3795 277 3833 esse
286 3783 352 3835 dicit.
367 3787 428 3836 llule
437 3799 494 3836 vero
503 3800 574 3838 nemo
587 3789 652 3839 ullus
662 3789 814 3852 suffragatur.

513 3893 568 3943 aa.

179 3974 300 4026 lieaiodue
312 3981 421 4041 Europae
435 3979 511 4029 lilium
520 3981 738 4044 essesarpedonem
747 3983 818 4044 dicit,
832 3985 860 4032 ut
871 3984 929 4034 ilel-

147 4051 248 4100 lanieus.
260 4056 321 4102 suut
333 4067 389 4102 vero
397 4055 439 4117 qui
450 4069 506 4104 eum
517 4058 612 4118 Lycasti
623 4061 648 4107 et
660 4058 708 4107 lde
721 4061 855 4122 corybanta
867 4063 929 4110 natm

147 4127 445 4190 esseillium,sicutietiam
454 4133 815 4195 Miuoemetltbadamentbam,
824 4137 927 4187 tradant.

148 4207 215 4256 inter
226 4220 267 4257 eos
277 4211 313 4258 est
320 4211 429 4260 θοοσεῑεε
436 4212 462 4261 in
472 4213 594 4275 argolicis.

525 4313 552 4360 4.

180 4393 246 4440 later
259 4406 296 4443 res
311 4395 477 4444 amolieribns
492 4397 587 4459 publice
603 4398 716 4458 proeclsre
731 4401 823 4460 gestas,
836 4401 929 4448 nullum

147 4469 265 4520 illustrius
274 4475 352 4521 exstat
365 4474 457 4524 lacinus
464 4477 606 4536 certamine,
616 4477 681 4538 quod
694 4479 787 4539 Argivae
800 4493 842 4540 pro
854 4480 929 4541 patria

146 4547 263 4596 adversus
277 4549 445 4610 Cleomenem,
455 4551 571 4601 Telesilla
582 4553 679 4614 poetriae
690 4554 800 4616 hortatu,
812 4555 929 4605 obierunt.

147 4625 217 4672 llam
227 4623 470 4676 ieruntnobiliortam
478 4629 575 4688 tamilla,
583 4642 658 4690 quom
666 4633 727 4679 esset
733 4644 832 4693 corpore
841 4633 930 4681 morbis

146 4699 271 4760 obnoxio,
289 4701 346 4751 deos
362 4703 393 4750 de
411 4704 515 4764 paranda
528 4703 591 4753 bona
607 4706 744 4756 valetudine
763 4709 927 4758 consuluisse:

147 4777 296 4839 oraculoque
304 4781 422 4829 monitam
434 4784 461 4829 nt
470 4784 551 4832 ldosas
558 4782 660 4842 mleret,
674 4785 726 4834 deae
739 4767 928 4848 obtemperasse,

146 4853 305 4916 studiumque
321 4857 345 4904 in
355 4859 460 4906 earmina
470 4862 493 4908 et
503 4859 651 4910 harmoniam
668 4863 795 4912 collocasse
806 4883 812 4912 ι
822 4867 846 4912 et
855 4877 930 4926 quum

147 4930 235 4979 morbo
242 4931 568 4997 breviliberatamease,tom
576 4939 608 4986 ob
615 4941 731 4998 poeticam
741 4940 930 4992 inadmiratlone

148 5005 290 5058 uiuiieribue
299 5009 377 5059 luisse.
387 5013 468 5068 Quum
475 5013 931 5080 Cleomenesspertaerea,multisbrgi·

148 5095 236 5132 rorum
243 5086 327 5135 occisis
338 5085 781 5151 (tabulaestqoodquldamnumerum
786 5106 869 5142 eorum
876 5108 929 5156 per·

148 5161 234 5212 bibent
240 5162 326 5224 septies
333 5163 775 5231 millenos‚septingeoos‚septageoos
782 5172 902 5233 eteeptem
910 5173 929 5234 i,

232 5257 374 5297 ειεοκειιτκ
388 5260 481 5298 ursaon-
499 5263 538 5299 cu.
546 5276 572 5286 -
584 5263 636 5300 ron.
647 5264 679 5301 ιι.

1689 375 1761 476 ωε

973 518 1084 586 πολλοὺς
1108 517 1260 584 ἀποκτείνας
1282 519 1325 596 (ού
1341 519 1405 597 μὴν,
1422 525 1457 590 ὡς
1475 522 1537 582 ένεοι
1552 527 1747 602 μυθολογοῦσιν,

973 605 1039 666 ἑπτὰ
1050 607 1094 664 καί
1104 605 1283 680 έθδομήκοντιι
1297 607 1341 667 καί
1353 610 1522 678 ἑπτακοσίους
1535 611 1600 691 πρδς
1618 615 1747 672 ἑπτακισ-

972 691 1102 770 χιλίους),
1126 693 1228 762 citetis
1248 692 1312 775 πρὸς
1331 695 1379 767 τὴν
1400 697 1487 770 πόλιν,
1503 698 1571 778 ὁρμὴ
1594 697 1640 758 καλ
1662 699 1748 776 τόλμα

974 779 1102 854 δαιμόνιος
1110 803 1146 838 πα
1151 778 1229 859 ρέστη
1235 789 1293 846 ταῖς
1301 782 1476 856 ἀκμαζούσαις
1483 789 1534 842 τῶν
1542 789 1670 862 γυναικῶν
1681 787 1748 862 ἀμύ-

973 871 1061 925 νεσθαι
1076 867 1134 934 τοθς
1150 868 1289 944 πολεμίους
1303 868 1368 948 ὑπέρ
1380 875 1425 939 τῆς
1436 871 1570 950 πατρίδος.
1586 873 1749 951 Ἡγουμένης

973 951 1001 1011 δέ
1014 958 1060 1024 τῆς
1071 955 1245 1030 Τελεσίλλης,
1263 953 1332 1012 όπλα
1346 957 1524 1034 λαμθάνουσι,
1539 959 1584 1018 καὶ
1593 962 1655 1040 παρ’
1665 961 1749 1020 ἔπαλ-

974 1037 1010 1107 ξιν
1026 1040 1166 1116 ἱστάμεναι
1179 1040 1268 1122 κύκλῳ
1283 1041 1316 1100 τά
1327 1042 1401 1120 τείχη
1410 1045 1592 1126 περιέστεψαν,
1603 1045 1672 1106 ὥστε
1684 1056 1747 1108 θαν-

974 1127 1063 1202 μάζειν
1080 1126 1139 1194 τοὺς
1152 1129 1304 1205 πολεμίους.
1319 1130 1372 1189 Τόν
1395 1130 1441 1206 μὲν
1455 1123 1498 1190 σύν
1515 1133 1661 1210 Κλεομένη,
1684 1139 1749 1194 πολ-

973 1215 1025 1272 λῶν
1036 1214 1178 1288 πεσόντων,
1194 1216 1402 1294 ἀπεκρούσαντο·
1422 1218 1466 1276 τὸν
1478 1217 1504 1278 δέ
1522 1219 1608 1300 ἕτερον
1622 1223 1747 1300 βασιλέα,

973 1301 1143 1381 Δημάρατον,
1158 1305 1194 1368 ὣς
1207 1303 1349 1383 Σωκράτης
1364 1303 1453 1382 φησίν,
1470 1305 1540 1372 έντθς
1554 1307 1690 1383 γενόμενον
1703 1312 1747 1367 καί

973 1389 1141 1468 κατασχόντα
1160 1389 1190 1448 τὸ
1212 1391 1415 1469 Παμφυλιακὸν,
1430 1390 1550 1460 ἐξέωσαν.
1568 1392 1648 1454 οθτευ
1662 1393 1690 1454 δέ
1702 1401 1749 1468 τῆς

972 1475 1073 1540 πολεως
1088 1474 1303 1554 περιγενομένης,
1318 1475 1364 1543 τδς
1379 1477 1426 1548 μέν
1440 1479 1570 1547 πεσούσας
1582 1481 1608 1537 έν
1627 1485 1660 1560 τῇ
1674 1481 1747 1562 μάχη

973 1563 1025 1618 τῶν
1039 1565 1169 1637 γυναικῶν
1183 1561 1227 1620 tet
1241 1565 1287 1633 τῆς
1301 1564 1360 1620 ὁδοῦ
1375 1568 1420 1633 τῆς
1431 1564 1549 1644 ’λργείας
1567 1565 1675 1646 ίθαψαν,
1692 1575 1750 1632 ταῖς

974 1647 1002 1706 δέ
1019 1648 1156 1715 σωθείσαις
1166 1648 1309 1726 ὑπόμνημα
1322 1655 1368 1720 τῆς
1380 1651 1511 1729 ἀριστείας
1533 1652 1625 1712 ἔδοσαν
1638 1654 1749 1734 ἱδρύσα·

973 1739 1033 1793 σθαι
1043 1735 1085 1794 τὸν
1101 1735 1248 1798 Ἐνυάλιον.
1267 1737 1324 1806 Τὴν
1336 1737 1363 1796 δί
1379 1739 1468 1818 μάχην
1490 1743 1514 1800 ol
1525 1740 1572 1818 μέν
1584 1739 1682 1819 stiipe,
1699 1741 1749 1800 λε’-

972 1843 1061 1898 γουσιν
1075 1823 1216 1898 ἱσταμένου
1232 1823 1328 1898 μηνὸς,
1346 1827 1370 1882 οἱ
1385 1824 1413 1882 δὲ
1425 1827 1553 1906 νουμηνίᾳ
1572 1825 1691 1903 γενέσθαι
1703 1833 1749 1886 τοῦ

973 1914 1017 1966 νῒιν
1029 1907 1077 1984 μίν
1094 1909 1235 1988 τετάρτου,
1248 1909 1333 1968 πάλαι
1352 1910 1380 1970 δέ
1393 1911 1520 1991 Ἑρμαίου
1539 1913 1602 1992 παρ’
1618 1913 1749 1992 Ἀργείοις,

973 1995 1069 2068 καθ’ἥν
1080 1995 1159 2075 μέχρι
1173 2001 1217 2053 νῦν
1227 1995 1260 2053 τά
1275 1995 1432 2076 Ὑθριστικά
1442 1999 1692 2076 τελοῶσε,γυναῒκας
1701 2000 1748 2076 μέν

974 2083 1098 2160 ἀνδρείοις
1111 2086 1206 2160 χιτῶσι
1225 2083 1271 2141 καί
1283 2084 1428 2162 χλαμύσιν,
1440 2084 1535 2165 ἀνδρας
1546 2086 1573 2144 δέ
1585 2086 1692 2152 πέπλοις
1702 2109 1751 2164 γυ·

973 2175 1070 2229 ναικῶν
1089 2171 1138 2229 παλ
1150 2169 1312 2252 καλύπτραις
1326 2171 1520 2251 ἀμφιεννύντες.
1538 2173 1750 2251 Ἐπανορθούμε·

973 2280 1011 2316 νοι
1030 2257 1057 2314 δέ
1076 2256 1123 2328 τὴν
1140 2258 1319 2338 ὀλιγανδρίαν,
1333 2261 1382 2338 υύχ
1398 2261 1452 2338 (ὥς
1466 2259 1603 2340 Ἡρόδοτος
1619 2263 1738 2340 ἱστορεῖ)

973 2349 1026 2410 τοῖς
1039 2344 1152 2418 δούλοις,
1164 2344 1232 2402 ἀλλά
1247 2349 1298 2404 τῶν
1312 2347 1450 2424 περιοίκων
1462 2347 1633 2424 ποιησάμενοι
1643 2348 1751 2413 πολίτας

973 2431 1031 2498 τοθς
1042 2431 1176 2512 ἀρίστους,
1193 2432 1339 2513 συνῴκισαν
1351 2433 1397 2499 τάς
1404 2437 1539 2511 γυναῖκας·
1552 2432 1656 2492 ἐδόκουν
1665 2433 1694 2492 δὲ
1705 2435 1751 2493 καί

973 2518 1079 2586 τούτους
1101 2519 1237 2597 ἀτιμάζειν
1250 2519 1296 2578 καί
1314 2529 1437 2598 περιορᾶν
1461 2523 1488 2578 έν
1503 2523 1539 2601 τῷ
1560 2520 1751 2597 συγκαθεύδιεν,

973 2611 1008 2674 ὡς
1021 2607 1151 2687 χείρονας.
1174 2605 1255 2667 Ὅθεν
1271 2607 1356 2666 έθεντο
1371 2608 1448 2684 νόμον
1460 2607 1503 2666 τθν
1521 2607 1674 2685 κελεύοντα,
1690 2608 1747 2667 πόν-

973 2717 1044 2774 γωνα
1059 2697 1110 2753 δεῖν
1123 2694 1234 2772 ἐχούσας
1256 2695 1484 2753 συναναπαύεσθαι
1503 2695 1556 2761 τοῖς
1570 2693 1679 2774 ἀνδράσι
1702 2694 1749 2762 τὰς

973 2781 1169 2860 γεγαμημένας.
1185 2784 1227 2841 Cf.
1241 2786 1354 2843 Miiller.
1365 2787 1432 2840 Dor.
1446 2786 1470 2853 1,
1485 2803 1515 2857 p.
1533 2785 1598 2854 173.

1241 2927 1329 2986 ΠΕΡΙ
1351 2927 1479 2986 oziau.

1347 3053 1377 3108 5:

1013 3157 1182 3215 Plutarchus
1197 3161 1240 3214 De
1251 3161 1287 3215 ls.
1300 3170 1328 3214 et
1341 3161 1413 3217 Osir.
1425 3178 1451 3214 c.
1469 3157 1504 3214 35
1525 3179 1532 3213 ι
1547 3155 1579 3216 Ἃ
1594 3155 1616 3214 δ’
1630 3157 1751 3234 ἐμφανῶς

972 3321 1084 3383 adipeam
1090 3320 1287 3380 nrbemdoeeret,
1295 3321 1544 3382 impetusetdivinitus
1550 3319 1660 3382 quadam
1668 3319 1754 3380 iniecta

972 3398 1190 3448 audaciamolieres
1200 3411 1255 3459 quse
1262 3400 1334 3447 aetate
1342 3398 1433 3458 integra
1443 3397 1690 3456 essent,excitaritad
1699 3409 1753 3458 pro·

973 3475 1101 3540 pulsandos
1110 3488 1124 3524 a
1134 3477 1210 3538 patria
1221 3475 1309 3526 bostes.
1322 3476 1424 3526 Proinde
1441 3475 1550 3526 Telesilla
1563 3475 1625 3526 duce
1637 3489 1705 3524 arma
1715 3488 1754 3524 aa·

972 3555 1050 3617 dunt,
1063 3553 1240 3616 propugnacula
1250 3557 1381 3615 occupant,
1394 3565 1475 3603 muros
1484 3566 1573 3602 corona
1582 3553 1694 3616 cingeret,
1704 3566 1753 3602 non

972 3630 1023 3680 sine
1039 3631 1197 3680 admiratione
1209 3630 1321 3680 bostium.
1334 3637 1368 3680 bc
1377 3631 1530 3680 Cleomenem
1547 3630 1644 3692 quidem
1663 3630 1753 3691 repule·

973 3709 1042 3768 runt,
1052 3709 1142 3757 multos
1152 3721 1251 3758 snorum
1260 3707 1433 3758 desiderantem
1445 3727 1452 3757 ε
1464 3707 1567 3758 alterum
1578 3721 1657 3770 regem
1668 3711 1754 3756 Deoia·

973 3787 1063 3846 ratum,
1070 3786 1099 3834 ut
1105 3784 1265 3845 Socratesait,
1273 3785 1315 3846 qui
1321 3785 1345 3834 in
1354 3785 1438 3834 orbem
1446 3787 1596 3846 pervenerat,
1604 3787 1629 3833 et
1636 3784 1753 3846 Pampbp·

973 3861 1060 3910 lisonm
1066 3866 1234 3925 occupaverat,
1245 3863 1269 3912 ri
1276 3863 1443 3912 exturbarunt.
1453 3865 1502 3912 lloc
1507 3857 1579 3911 niodo
1584 3863 1644 3912 urbe
1649 3867 1753 3923 serrata,

973 3940 1150 4002 mulieresque
1161 3941 1185 3989 in
1201 3953 1280 4005 pogna
1295 3941 1447 4000 ceciderant,
1463 3941 1488 3990 io
1499 3941 1539 3989 via
1553 3941 1640 4002 Argiva
1653 3943 1754 4002 sepulte

972 4018 1051 4066 sunta
1061 4019 1155 4068 civibus
1165 4033 1172 4067 ι
1182 4018 1349 4080 superstitibus
1360 4022 1440 4068 autem
1459 4018 1586 4081 premium
1598 4019 1695 4068 vlnutis
1709 4019 1752 4068 de-

972 4093 1060 4145 dicatio
1078 4097 1160 4146 btartis
1180 4110 1292 4146 concessa
1308 4103 1353 4146 est.
1375 4101 1508 4158 Pugnatum
1527 4097 1567 4146 alii
1580 4097 1682 4159 septima
1700 4097 1754 4159 die,

973 4173 1013 4221 alii
1025 4174 1075 4236 ipso
1087 4173 1111 4222 in
1132 4175 1255 4224 noviomo
1266 4174 1366 4223 tradunt
1382 4175 1485 4235 mensis,
1497 4177 1540 4238 qui
1558 4189 1623 4226 nune
1640 4179 1754 4238 quartus,

973 4253 1032 4302 olim
1045 4256 1181 4314 bernaus,
1195 4253 1220 4302 id
1238 4256 1274 4302 est
1286 4253 1447 4313 Mercurialis,
1467 4253 1531 4315 apud
1549 4255 1648 4316 Argivos
1658 4254 1754 4304 dicitur.

975 4333 1008 4378 Ea
1017 4329 1056 4378 ilie
1065 4330 1137 4378 etiam
1149 4329 1220 4378 bodie
1232 4328 1368 4390 llybristice
1379 4329 1418 4389 (id
1428 4331 1465 4378 est
1475 4331 1671 4392 contumeliosa)
1688 4345 1755 4380 saera

974 4410 1059 4468 agunt,
1068 4407 1179 4456 mulieres
1189 4406 1295 4456 visilibus
1304 4407 1391 4456 tunicis
1399 4410 1424 4457 et
1432 4408 1514 4468 lanis,
1525 4408 1589 4458 viros
1599 4409 1756 4459 muliebribus

975 4483 1041 4532 vittis
1052 4497 1080 4533 ac
1091 4483 1150 4532 reiis
1158 4483 1292 4532 vestientes.
1304 4484 1416 4532 Virorum
1427 4484 1552 4546 penuriam
1562 4485 1590 4534 ut
1602 4487 1755 4548 resarcirent,

974 4562 1086 4611 mulieres
1099 4575 1160 4621 non,
1175 4565 1202 4611 ut
1213 4561 1349 4610 Herodotus
1360 4565 1456 4622 aurat,
1467 4564 1558 4622 serris,
1567 4563 1610 4613 sed
1620 4565 1754 4614 vicinorum

974 4641 1072 4702 optimis
1083 4641 1107 4690 lu
1121 4641 1245 4690 civitatem
1259 4641 1360 4702 receptis
1376 4640 1554 4702 conjunxerunt
1565 4657 1572 4689 :
1583 4655 1645 4703 qnos
1662 4642 1709 4690 ille
1722 4643 1756 4691 ri·

974 4717 1756 4778 dabanturcontenmereetigoominiaatlicereinconcubitu‚utae

974 4794 1112 4844 deteriores.
1130 4795 1215 4856 ltaque
1226 4795 1301 4854 legem
1321 4795 1462 4856 posuerunt,
1483 4807 1539 4856 que
1551 4798 1639 4856 nuptas
1657 4794 1756 4842 barbam

972 4869 1072 4931 jubebat
1082 4869 1170 4918 babere
1178 4869 1276 4932 quaudo
1288 4881 1343 4918 oum
1355 4869 1411 4918 viris
1422 4869 1618 4919 mocombereut.

1260 4976 1309 5035 ob
1326 4975 1468 5036 sactus

1005 5177 1066 5233 Quae
1091 5174 1169 5236 palam
1193 5173 1283 5225 iaciunt
1304 5091 1633 5238 ¹saee5rl10temtnmlpitts
1655 5171 1757 5223 cadaver

1650 5263 1678 5306 εε
