3830 5720
217 347 273 398 256
771 327 975 390 uenenum
998 325 1260 390 Paoiscsours

216 467 285 546 με’νιρ
305 465 473 542 παρασκευῆς
494 457 625 538 ἀφορμήν,
648 459 693 517 καί
715 455 760 518 δόο
775 457 895 536 μηνῶνή
917 461 993 538 τριῶν
1042 459 1109 516 oriri
1122 457 1219 530 ἰδόκττ,
1243 455 1292 535 cisi
1311 454 1359 528 τήν
1374 454 1410 515 lor
1428 454 1519 532 ὁμεντ,
1533 454 1561 513 τδ
1574 455 1690 534 πρακτέον
1708 458 1783 530 ἰπιτη·

215 552 395 633 ααραδρομήν.
412 551 466 611 Καί
480 539 525 606 οὖν
538 552 638 627 ἀπῆρεν
651 546 693 605 tei
714 555 766 614 τοῖς
778 548 886 607 τοιοῖσδε
907 549 921 604 ὁ
940 549 996 606 Φε-
1043 549 1107 624 ρῶν·
1122 545 1264 623 προϊόντων
1282 541 1309 603 δί
1322 547 1375 602 τῶν
1389 542 1521 620 πρόσόεων
1538 544 1561 610 ἐς
1574 541 1604 600 τά
1618 543 1664 616 ήθη
1682 547 1781 624 Περσῶν,

216 641 340 720 ρογδάθης
350 640 380 699 ἐκ
389 643 434 698 τοῦ
450 635 599 706 Βυζαντίου.
1043 631 1216 708 ἰπειγομίνων
1228 653 1255 689 τε
1272 629 1413 689 θεάσασθαι
1423 629 1466 687 τὸν
1481 627 1539 708 άρτι
1550 633 1584 709 τῷ
1599 631 1711 709 βασιλείω
1717 633 1783 692 θρόνοι

528 759 577 820 55.
598 739 687 837 (579.)
1043 718 1236 864 ἰπιόεόρκόγα,
1249 717 1416 864 οἰομίνωγτρ
1430 719 1455 783 ἰς
1470 717 1502 776 τά
1517 718 1626 828 μάλισγα
1637 693 1785 830 τεόξέσθαιτί·

200 913 204 922 ’
256 895 367 950 Ibidem
379 913 410 970 p.
427 891 579 964 168-171
595 912 601 948 :
617 887 683 950 Ὅτι
691 886 822 963 Ῥωμαῖοι
832 885 878 946 καί
895 885 997 966 ἰίίρσαι
1043 830 1113 959 igis}
1122 831 1225 970 iiiiii
1242 808 1433 960 ἰίἰςίιτιζζςσίἲί
1447 808 1786 968 ίσοζίιυῖίιζτοίζίδζάίίζίειίίήι

216 978 403 1049 ζυνιστήσαντο
413 977 445 1038 διν
455 977 502 1049 τήν
513 977 629 1055 εἰρήνην,
646 979 668 1035 τί
683 977 720 1054 μὴ
735 974 853 1054 impin<
867 973 954 1054 ᾤχετο
968 975 993 1042 ἐξ
1043 979 1143 1056 πράους
1163 1003 1191 1038 τι
1208 979 1254 1038 καί
1277 978 1364 1050 πάσης
1381 977 1518 1043 αὐθαδείας
1536 978 1734 1056 ἀπηλλαγμένους
1750 983 1786 1036 τοῦ

216 1067 358 1146 άνθριίιπων
374 1065 420 1125 καί
432 1065 578 1144 Ὁρμίσδας
592 1063 751 1144 ὁΧοσρόου,
771 1062 935 1142 ἀνοσιουργὸς
950 1061 993 1120 ὄν·
1044 1065 1185 1142 Ῥωμαίων
1200 1065 1327 1144 βασιλέως
1342 1065 1550 1139 ἐπικομιζόμενοι
1562 1063 1661 1140 λόγους·
1672 1064 1712 1122 καί
1725 1065 1787 1130 risui

216 1177 266 1220 τως
285 1153 360 1232 ἀνήρ,
380 1153 428 1224 τήν
451 1153 552 1232 κίδαριν
576 1150 731 1222 ἀνεδήσατο.
775 1139 862 1223 Οἶμαι
882 1147 929 1224 μίν
951 1139 995 1206 οὖν
1045 1153 1122 1230 μόνον
1148 1152 1210 1233 όχρι
1226 1153 1351 1234 ῥημάτων
1369 1154 1441 1232 cirris
1465 1151 1495 1209 τὸ
1510 1151 1689 1230 φιλάνθρωπον,
1707 1137 1788 1225 μάλλον

217 1239 297 1318 ἔγωγε
321 1244 368 1300 οὒκ
379 1240 478 1312 ἄλλως,
501 1237 570 1310 πλὴν
594 1236 662 1296 iiiii
678 1237 722 1296 καὶ
740 1236 775 1304 ὣς
799 1235 933 1313 ἐθυίώθθ,
950 1234 996 1293 ἅτε
1045 1239 1091 1318 μὲν
1104 1233 1147 1299 οὖν
1162 1240 1244 1320 ἔργοις
1255 1241 1480 1314 ἐπιδεικνυμένου,
1490 1241 1528 1317 τῷ
1545 1235 1790 1318 τοσοότουςδιρυαλόι

219 1326 337 1406 Χοσρόου
363 1325 400 1384 ἔτι
416 1325 563 1404 περιόντος,
595 1321 733 1402 Ζαχαρίαν
752 1321 839 1380 τεκαὶ
861 1322 998 1399 Θεόδωρον
1044 1335 1166 1394 τουςςοῖς
1182 1327 1297 1405 Πέρσαις
1311 1327 1404 1392 αὐτοὺς
1417 1323 1789 1400 ίπαναγαγεῐν),τοότωνέλπι·

217 1417 369 1495 ἐσροιτῆσαι
392 1415 418 1478 ἰς
437 1414 484 1482 τὴν
506 1414 619 1490 Περσῶν
635 1409 885 1488 πρεοόευσομένους.
910 1408 997 1468 Οὔπω
1045 1415 1140 1482 ζόντοιν
1155 1437 1184 1491 γε
1199 1416 1285 1472 αὐτῶν
1299 1418 1412 1492 κυρῆσαι
1429 1411 1624 1492 άναμριόολως,
1638 1409 1791 1476 ἐςτοθναντίον

217 1501 268 1579 γάρ
278 1501 325 1571 τὴν
337 1505 387 1560 τῶν
401 1500 494 1580 Σύρων
509 1497 740 1579 παραμειψάμενοι
761 1489 839 1572 ἦσαν,
861 1495 905 1554 καί
925 1495 998 1552 οὐδὲν
1045 1501 1138 1573 iusim]
1154 1502 1234 1560 ἅπαν,
1283 1505 1392 1582 Πρῶτον
1406 1499 1514 1578 μὲνγὰρ
1529 1499 1595 1557 κατά
1607 1497 1728 1575 μίσοντῆς
1742 1500 1792 1555 ὁδου

218 1587 235 1648 ό
242 1611 267 1646 τε
279 1593 325 1658 τῆς
337 1587 478 1664 Ῥωμαίων
492 1587 622 1661 ἐνηλλάγη
634 1583 784 1664 πρτσόείας.
797 1583 844 1643 Διό
854 1586 898 1643 καί
910 1587 938 1642 ἐκ
951 1589 999 1663 βα·
1044 1591 1137 1670 πυρίας
1157 1593 1207 1648 τῶν
1220 1613 1257 1656 τις
1276 1589 1350 1668 παρὰ
1364 1587 1479 1669 Πέρσαις
1498 1595 1552 1653 τοῖς
1565 1588 1699 1665 βασιλικοῖς
1716 1607 1740 1642 τε
1757 1585 1792 1642 καί

219 1673 310 1741 σιλίως
323 1676 409 1740 αὐτοῖς
420 1673 567 1753 γράμματα
581 1671 678 1742 ἐστάλη
700 1671 807 1750 ἔχεσθαι
825 1675 871 1740 τῆς
896 1672 998 1729 ὁδοιπο-
1046 1677 1180 1754 δημοσίοις
1197 1676 1349 1755 πράγμασιν
1365 1674 1607 1753 ἰξυπηρετουμένων
1620 1671 1686 1750 (οὓς,
1699 1671 1792 1748 sineri]

220 1762 276 1842 ρίαν
290 1761 333 1822 ἐπί
343 1770 396 1828 τοῖς
409 1763 511 1826 αὐτοῖς·
526 1763 623 1836 γνῶναι
635 1758 682 1834 pir
696 1757 747 1837 γάρ
762 1760 788 1816 ἐν
803 1755 877 1835 με’σιμ
890 1755 937 1828 τήν
946 1760 998 1817 Χο-
1046 1765 1167 1825 Λατίνων
1180 1762 1306 1843 χρήσοιτο
1319 1768 1410 1844 ρωνῇ,
1424 1757 1792 1839 σίσηκρῆτιςπροσαγορεόσιιενί

220 1847 443 1928 σρόθυτῑίῑυῖἰιί,
461 1847 568 1922 &parati
583 1846 628 1904 mi
647 1845 712 1924 eph<
733 1844 777 1902 iii
795 1844 894 1903 ίκῑίνῠυ
916 1846 998 1903 παῖδα
1046 1850 1208 1916 ὑπαντιάσας
1233 1851 1311 1930 ἤρετο
1338 1848 1439 1930 ephsi
1461 1873 1488 1907 τι
1505 1847 1637 1928 βούλοιντό
1657 1870 1684 1906 τε
1700 1843 1793 1904 καίὁτι

220 1939 266 1995 itit
281 1937 366 2002 ἄλλως
383 1937 493 2016 φρονεῖν,
509 1934 617 2010 ἑτοίμως
632 1933 659 1992 δί
674 1931 742 2011 ἔχειν
762 1931 805 1990 τὸν
821 1931 936 2007 πόλεμον
956 1933 999 1990 liri
1045 1938 1197 2010 ἥκοιεν,καί
1208 1937 1300 1996 ὁποίαν
1310 1938 1491 2008 άποκομίζοιεν
1504 1931 1717 2012 οἰγγελίαν.Ἄλλθ
1727 1930 1793 2009 τούτῳ

219 2031 272 2090 τοῖς
285 2023 336 2094 ἤδη
352 2021 456 2101 Χοσρόῃ
471 2022 591 2100 γραφεῖσι
605 2021 765 2079 καταλῦσαι·
780 2018 817 2078 ίτι
834 2041 863 2096 γε
883 2017 936 2094 μήν
954 2019 999 2077 καί
1047 2023 1093 2100 μὲν
1108 2025 1162 2101 οίγε
1177 2025 1243 2106 άμρί
1254 2023 1391 2104 Ζαχαρίαν
1399 2047 1427 2082 τι
1442 2023 1487 2081 καί
1502 2023 1638 2100 Θεόδωρον
1649 2011 1695 2078 risis
1706 2019 1795 2098 όπεκρί-

220 2109 278 2175 τοὺς
296 2110 435 2189 ἀφεθέντας
457 2109 640 2186 αἰχμαλώτους
664 2111 698 2173 ὡς
722 2105 754 2165 δν
774 2106 939 2185 ἐγρειρίσωσι
962 2108 999 2186 τῷ
1046 2115 1180 2185 ναντο,όις
1189 2112 1222 2170 τὰ
1231 2113 1317 2170 τοιάδε
1332 2115 1369 2192 τῷ
1380 2113 1453 2190 παρὰ
1466 2111 1582 2190 Πέρσαις
1592 2103 1794 2188 μαγίστριρίκαθὸ

222 2198 332 2274 ἰίερσῶν
347 2197 460 2275 βασιλεῖ.
479 2194 702 2276 Προσημήναντες
720 2193 804 2253 τοίνυν
819 2197 842 2250 οἰ
857 2192 999 2268 Ῥωμαίων
1046 2205 1136 2258 τοῦτον
1159 2201 1270 2257 καλοῦσι
1292 2199 1439 2276 Ῥωμαῖοι)
1468 2197 1571 2278 ῥητέον,
1593 2195 1637 2254 καί
1658 2194 1712 2273 crixi
1728 2195 1795 2270 αὐτῷ.

219 2282 343 2362 πρόσόεις
354 2281 401 2340 σὺν
411 2285 496 2362 πολλῇ
508 2287 612 2360 τετιμῇ
625 2280 669 2338 καί
680 2280 797 2360 εὖρημίμ
810 2279 879 2338 assir
893 2280 940 2350 τήν
955 2279 999 2340 Νί-
1046 2290 1139 2347 Ταῦτα
1152 2285 1267 2352 εἰπόντες
1282 2286 1383 2364 ιίγοντο
1402 2289 1448 2356 τῆς
1466 2286 1539 2346 ὁδοῦ.
1582 2283 1628 2351 Ἓξ
1642 2281 1729 2341 ἐκείνου
1747 2272 1796 2349 isar

220 2368 289 2428 σιόιν
299 2367 430 2447 ἐγίνοντο·
449 2370 476 2427 ἰν
489 2367 605 2444 θαόματί
616 2389 643 2425 τε
652 2367 767 2445 μεγίστῳ
778 2369 911 2425 ἐποιοῦντο
927 2365 997 2445 Ιίόρ·
1046 2373 1131 2453 ἕτερός
1143 2396 1182 2440 τις
1193 2375 1222 2431 ἰκ
1235 2351 1354 2450 Περσιθν,
1369 2372 1397 2438 ός
1412 2372 1499 2452 ἐτριόε
1515 2371 1563 2442 τήν
1577 2367 1716 2447 ὁδοιπορίαν
1727 2363 1797 2428 circis

220 2479 266 2514 σαι
279 2455 327 2527 τήν
340 2454 482 2530 Ῥωμαίων
496 2454 564 2534 ἀμφὶ
585 2453 644 2520 τοὺς
659 2452 833 2536 δορυαλώτους
851 2457 998 2533 ριλανθρω-
1045 2453 1091 2511 καὶ
1103 2454 1251 2528 διαμέλλειν
1261 2452 1355 2523 ἐποίει,
1369 2453 1531 2531 βραδυτῆτος
1540 2449 1671 2529 χρώμενος
1684 2443 1797 2512 ἐπινοίαις,

219 2542 292 2602 πίαν.
308 2543 355 2602 Ἐν
366 2542 451 2622 τοότῳ
460 2541 487 2600 δί
501 2540 546 2600 καί
556 2539 702 2621 Τιόίριοςὸ
717 2541 886 2619 αὐτοκράτωρ
896 2540 998 2598 στόλλει
1046 2538 1113 2599 ἰίναι
1127 2563 1157 2598 τε
1167 2542 1191 2605 i<
1204 2538 1238 2598 τδ
1248 2538 1339 2618 πρόσω
1347 2539 1384 2615 μή
1395 2543 1553 2617 συγχωρῶν.
1596 2539 1718 2606 Σταθμοῖς
1726 2530 1797 2608 τεγίρ

221 2623 308 2701 αὖθις,
320 2634 366 2686 τοῦ
381 2619 441 2705 ἧρος
452 2626 613 2707 εἰρχομόνου,
630 2627 776 2707 Μαυρίκιον
788 2627 857 2686 κατίι
873 2628 921 2699 τήν
936 2628 1000 2706 πρὸς
1046 2625 1239 2706 πλησιαιτίροις
1251 2626 1299 2702 Ικαί
1312 2626 1499 2705 παρασάγγαις
1508 2625 1605 2701 ὀλίγοις
1616 2625 1714 2702 ἐχρῆτο,
1723 2619 1798 2678 ἄλλοτε

224 2717 366 2796 άνίσροντα
381 2715 456 2787 ήλιον
472 2716 739 2794 άποκαραδοκήσοντα
753 2715 782 2774 ri
804 2715 937 2792 ἐσόμενον,
953 2718 999 2794 ἐγ·
1047 2708 1430 2794 άλλουςχώρουςπεριρέρωντε
1441 2712 1716 2786 καίόποπλανιῗινςκόκ
1727 2704 1799 2765 τούτου

221 2803 409 2878 κελευσάμενός
428 2805 466 2874 οἱ,
484 2801 548 2882 πρδς
568 2800 632 2881 ὅπερ
651 2801 715 2860 tvi
739 2805 849 2881 Περσῶν
878 2799 1000 2879 βασιλεὺς
1046 2802 1080 2860 πθ
1097 2801 1211 2860 κάκιστά
1223 2824 1295 2882 σρισι
1315 2801 1534 2880 προεδήλου,καί
1549 2792 1750 2876 ἐδείκνυτῇπερί
1762 2791 1799 2861 rip

220 2895 323 2970 τραπῇ,
334 2890 500 2959 ὑπαντιάζειν
513 2911 540 2948 τε
551 2890 596 2948 καὶ
606 2890 850 2968 παρασκευάζεσθαι
864 2888 928 2968 πρός
936 2893 997 2948 iacr-
1047 2889 1195 2968 ὁδοιπορίαν
1205 2889 1293 2967 πλάνῃ
1306 2887 1378 2948 othir
1389 2911 1415 2946 τι
1426 2887 1617 2968 φιλοφροσύνης
1623 2878 1757 2964 excursui
1765 2882 1800 2948 fii

222 2977 359 3058 τίραντῶν
373 2977 536 3057 πραγμάτων
554 2977 650 3056 ροπήν.
693 2977 747 3037 Καί
760 2979 774 3034 ὁ
789 2975 848 3054 piu,
862 2974 930 3034 καθά
947 2981 1000 3054 βα·
1046 2974 1228 3055 προσηκούσης
1242 2976 1328 3040 αἰδοῦς
1337 2973 1486 3054 πρίσόεσιν.
1521 2965 1589 3034 “Ἦν
1600 2973 1626 3032 δί
1634 2973 1663 3030 τό
1675 2965 1801 3048 πραττόμι·

225 3079 1800 3106 ..—..—.............-.—......-...............-......-..----

221 3146 455 3207 iongioristemporis
462 3148 590 3207 apparatus
600 3143 702 3194 faciendi
712 3145 863 3194 occasionem
873 3147 1002 3206 quaereret.
1050 3145 1117 3205 perat
1123 3178 1130 3203 ,
1143 3143 1167 3192 in
1178 3143 1276 3193 oriente
1292 3143 1411 3203 substitit,
1426 3146 1451 3193 et
1462 3143 1609 3193 observabat
1624 3139 1679 3205 quid
1690 3141 1746 3188 iacto
1754 3145 1803 3196 opus

220 3223 263 3274 iiis
274 3221 307 3272 ita
317 3222 433 3272 coniectis
441 3222 552 3272 discessit
561 3235 576 3272 a
586 3223 701 3284 Byzantio
713 3220 879 3282 Pherogdates.
1046 3221 1116 3268 essm.
1127 3222 1209 3276 Quum
1220 3221 1291 3280 igitur
1303 3220 1372 3280 iegati
1382 3219 1406 3268 in
1421 3219 1545 3270 Persidem
1559 3219 1802 3276 consentianum

372 3307 386 3332 ·
585 3335 629 3386 55·
1047 3309 1143 3421 Legem,
1153 3296 1194 3359 qui
1204 3298 1343 3424 εεοροὴῑργγσ
1355 3298 1446 3424 regium
1459 3289 1803 3425 stiirssreaimaacenriebzassffi:

1073 3387 1268 3436 aguoparecupre
1332 3389 1364 3434 ,e
1392 3388 1459 3436 spem
1491 3387 1505 3423 a
1605 3387 1648 3435 ,τι

250 3451 350 3502 Romani
366 3453 391 3500 et
405 3453 482 3500 Persae
493 3462 550 3500 sans
562 3461 645 3512 pacem
656 3449 778 3510 fecissent,
793 3449 837 3498 nisi
846 3449 964 3500 chosroes
971 3463 1002 3499 er
1048 3452 1152 3500 muitum
1162 3452 1258 3501 hunone
1271 3455 1296 3500 et
1305 3452 1460 3501 humanitatis
1469 3453 1621 3514 impertitum
1633 3449 1673 3507 iri,
1682 3446 1720 3496 seri
1732 3443 1802 3499 mm.

220 3528 345 3577 hominum
358 3541 459 3576 numeru
473 3527 596 3586 sublatus,
613 3529 637 3575 et
655 3527 807 3586 iiorrnisrias,
819 3527 871 3586 ejus
882 3527 957 3588 iiius,
967 3528 1003 3576 ie·
1046 3541 1101 3588 que
1108 3531 1228 3590 peterent,
1238 3541 1289 3578 sese
1298 3528 1474 3590 impetraturus.
1484 3529 1583 3578 Etenim
1592 3529 1645 3590 post
1654 3521 1803 3580 amingum

220 3605 283 3654 roais
298 3604 384 3665 ingenii
405 3604 451 3661 vir,
468 3603 541 3650 cidari
560 3602 685 3652 redimitus
704 3603 795 3651 suisset.
821 3606 937 3658 ceterum
953 3617 1002 3652 noa
1047 3605 1173 3654 victoriam
1184 3617 1305 3655 sermones
1316 3605 1448 3654 atterebant
1459 3605 1490 3653 ab
1504 3606 1653 3667 imperatore
1665 3604 1760 3652 nomm
1771 3607 1804 3643 m·

220 3683 298 3741 aiiter,
308 3693 381 3742 quam
397 3681 425 3728 ut
434 3677 559 3728 duratum
571 3680 638 3738 erat,
649 3682 765 3741 tauquam
777 3679 857 3728 adhuc
875 3681 1003 3742 superstite
1047 3683 1130 3733 mitats
1140 3687 1165 3732 et
1177 3683 1325 3733 humanitate
1334 3684 1416 3746 pienos
1425 3687 1450 3734 et
1458 3684 1490 3733 ah
1498 3685 1568 3734 omni
1579 3683 1701 3733 inscientia
1709 3679 1804 3728 remotas

220 3760 336 3819 chosroe,
347 3757 486 3808 Zacirariam
500 3760 525 3806 et
533 3756 687 3807 Theodorum
701 3759 760 3818 puto
774 3758 878 3808 Persium
891 3761 1002 3820 intrasse,
1046 3762 1128 3822 Neque
1140 3773 1198 3810 raro
1209 3761 1288 3810 scium
1303 3774 1329 3810 se
1338 3761 1417 3809 rerhis
1426 3775 1521 3810 comem
1532 3765 1557 3811 et
1567 3761 1692 3822 benignum
1703 3751 1806 3818 prebebat

220 3835 362 3898 legationem
371 3834 487 3883 obituros.
500 3834 593 3884 Etenim
603 3837 662 3882 tunc
671 3835 785 3896 temporis
791 3834 899 3883 nondum
908 3835 1002 3896 syriam
1046 3835 1183 3898 imperator,
1194 3849 1278 3887 rerum
1291 3838 1364 3887 etiarn
1375 3851 1401 3888 re
1414 3838 1478 3901 ipsa,
1492 3851 1571 3901 quum
1583 3841 1620 3887 tui
1631 3835 1732 3898 captivos
1743 3829 1806 3881 Persii

220 3911 358 3974 transgressi
367 3912 448 3970 erant,
459 3923 537 3972 neque
549 3910 678 3972 quiequam
686 3909 740 3960 ideo
749 3923 779 3960 ex
789 3923 872 3960 eorum
885 3912 1002 3974 legatione
1047 3913 1190 3964 restitueret.
1201 3916 1231 3963 Et
1241 3928 1306 3964 eaeo
1316 3915 1432 3977 putabant
1442 3916 1493 3965 tore
1504 3921 1547 3976 at,
1556 3929 1613 3978 quae
1624 3911 1743 3977 sperabam
1752 3907 1807 3968 ,sine

220 3991 340 4039 mutatum
351 3991 395 4038 est
405 3987 572 4048 itaqueiiteras
582 3989 612 4037 ah
622 3987 817 4049 imperatoreiiiis
828 3988 928 4038 redum
935 3995 1001 4050 sunt,
1046 3993 1206 4042 controversia
1217 3998 1426 4056 consequerentur.
1445 3993 1494 4044 Sed
1512 3995 1627 4042 universa
1639 4005 1675 4040 res
1690 3991 1712 4040 in
1728 3987 1807 4036 contn-

220 4070 247 4116 ut
256 4065 424 4116 continuarent
435 4064 479 4112 iter
495 4065 557 4113 :sihi
567 4065 665 4126 quitiam
679 4064 816 4115 auuhaium
828 4078 894 4126 esse,
904 4066 967 4116 inter
978 4067 1002 4116 id
1046 4068 1109 4117 rium
1121 4069 1201 4118 vertit.
1215 4070 1322 4118 Primum
1336 4069 1399 4119 eninr
1409 4083 1472 4120 unus
1484 4084 1515 4120 ex
1527 4071 1565 4119 his
1578 4070 1620 4132 qui
1637 4059 1807 4130 regiinnmoiiit

220 4141 334 4204 temporis
350 4141 481 4191 cirosroem
495 4143 598 4190 mortem
610 4142 708 4202 oiriisse;
723 4145 901 4202 verumtamen,
915 4157 940 4193 se
951 4158 1002 4195 assa
1046 4146 1070 4194 et
1085 4146 1153 4206 regiis
1171 4149 1196 4196 et
1208 4147 1309 4209 prrhiicis
1327 4147 1485 4196 ministerium
1504 4147 1629 4210 praebent,
1645 4157 1703 4208 quos
1715 4139 1781 4191 sariri
1796 4148 1808 4183 ι

220 4219 303 4268 eodem
316 4220 340 4268 in
355 4219 431 4268 titium
446 4219 540 4281 animo,
551 4222 576 4269 et
596 4223 719 4282 paratum,
732 4221 864 4272 secunrium
880 4235 1002 4284 eaquae
1045 4223 1142 4274 secretis
1151 4229 1253 4285 rocam,
1269 4225 1369 4274 ebrium
1381 4239 1407 4274 se
1418 4225 1497 4274 madia
1510 4227 1551 4274 ria
1570 4224 1655 4286 legatis
1666 4221 1732 4278 tuiit,
1744 4222 1808 4266 acor

220 4297 325 4346 Ghosroe
335 4295 422 4358 scripta
431 4299 514 4357 erant,
526 4308 541 4345 a
554 4297 617 4346 heito
630 4297 766 4358 discedere,
783 4311 861 4360 neque
877 4303 1001 4360 propterea
1045 4303 1081 4350 est
1094 4305 1278 4364 percunctatur,
1291 4303 1348 4364 quiri
1365 4303 1469 4362 retient,
1481 4315 1532 4364 qua
1546 4303 1578 4351 de
1589 4313 1662 4350 musa
1672 4293 1809 4353 rarireut,et

220 4375 359 4425 omitterent
369 4375 689 4437 persumprirouiiherure
698 4375 808 4437 donatos,
816 4377 932 4427 iumauus
941 4381 1002 4439 regis
1045 4384 1102 4443 quiri
1124 4382 1201 4430 nuntii
1222 4383 1343 4430 aiterreut.
1363 4381 1423 4430 iiuic
1442 4382 1571 4430 zacharias
1592 4383 1617 4430 et
1634 4375 1764 4429 Theodorus
1777 4384 1808 4419 re·

221 4455 346 4502 Persarum
356 4453 458 4501 tradere.
471 4456 555 4515 ltaque
566 4457 730 4504 Romanorum
743 4454 821 4516 iegati,
836 4456 926 4505 nuntia
937 4471 999 4518 pran-
1044 4457 1231 4521 sponderurrt,iri
1240 4471 1287 4506 nou
1298 4457 1342 4519 iiii,
1350 4457 1509 4518 serimagistro
1518 4461 1562 4519 (ut
1573 4447 1808 4520 roquuururmuanii

220 4527 311 4590 missis,
329 4542 385 4578 cum
406 4528 498 4578 honore
515 4533 539 4578 et
561 4531 644 4580 trustis
669 4531 880 4582 acclamationibus
901 4535 1000 4584 iiisihim
1043 4535 1179 4585 dicendum.
1192 4535 1297 4584 iimcuhi
1309 4535 1507 4596 dixeraut‚riam
1515 4537 1684 4597 perrexerunt.
1698 4529 1810 4580 Parthum·

220 4608 390 4668 pervenerunt.
402 4606 432 4654 Et
443 4609 519 4655 Perre
529 4605 627 4668 quidem
643 4609 807 4656 homanorum
825 4620 880 4670 erga
894 4612 1001 4672 captivos
1044 4615 1105 4662 alius
1115 4627 1211 4677 quoque
1221 4627 1253 4664 ex
1265 4613 1342 4664 Persia
1354 4613 1432 4674 renit,
1445 4615 1486 4676 qui
1496 4614 1709 4675 peregrinationem
1719 4607 1760 4656 iiiia
1772 4605 1808 4651 irn-

219 4683 395 4734 immanitatem
409 4697 552 4746 magnopere
572 4687 628 4734 sunt
645 4685 764 4735 admirati.
779 4689 872 4738 interea
892 4689 1001 4738 Tiberius
1045 4690 1154 4752 pediehat
1166 4709 1172 4740 τ
1186 4689 1277 4740 tardius
1285 4691 1350 4740 enim
1360 4691 1391 4739 <ie
1400 4690 1521 4739 induaris
1532 4690 1810 4748 iucedehat‚eteoscun·

220 4762 359 4824 inperator,
368 4775 425 4812 vare
435 4762 545 4824 ineunte,
559 4776 642 4814 rursus
651 4765 716 4814 misit
726 4767 868 4816 Mauricium
886 4767 909 4816 in
921 4767 999 4816 orien-
1044 4769 1104 4817 atari
1117 4767 1232 4829 indebat,
1245 4781 1325 4831 neque
1341 4769 1443 4818 citerius
1460 4769 1692 4832 propanismum
1705 4763 1810 4828 μορίοιν·

220 4841 292 4889 teiam
306 4839 512 4902 incompertam,
525 4839 580 4902 qut,
597 4841 662 4903 quod
669 4843 790 4904 eveniret,
800 4847 963 4908 exspectaret,
976 4846 1001 4894 at
1044 4845 1158 4894 stationes
1171 4845 1271 4907 eiigehat
1284 4847 1308 4894 et
1327 4857 1415 4908 paucas
1427 4858 1571 4908 parasangas
1592 4844 1743 4900 conficiebat,
1754 4841 1776 4888 et
1785 4847 1809 4884 er

219 4916 255 4966 iiii
266 4917 405 4978 imperarit,
415 4918 444 4965 ui
454 4917 500 4978 regi
514 4919 654 4978 Persarum,
672 4933 825 4984 quocumque
843 4933 869 4971 se
879 4924 1000 4982 verteret,
1044 4920 1161 4970 aiiisiocis
1172 4921 1196 4970 iu
1207 4921 1253 4971 aiia
1263 4921 1315 4971 ioca
1326 4922 1373 4969 huc
1383 4922 1440 4971 iiiuc
1448 4925 1557 4972 errantes
1566 4925 1593 4972 et
1601 4923 1708 4986 palantes
1716 4915 1810 4969 induce

219 4995 376 5043 moenere:
394 4995 419 5043 et
435 4993 461 5042 in
477 5007 649 5058 quamcunque
661 5000 754 5058 partem
773 5011 810 5048 rea
832 4999 957 5059 aderent,
969 4999 1000 5048 ari
1045 4999 1206 5050 mantinea
1218 5013 1244 5049 se
1256 4996 1810 5062 iritsrrurarupaerarumdrcamr.sunium

220 5081 305 5119 omnes
314 5081 384 5119 casus
393 5082 420 5120 se
430 5073 581 5134 prepararet.
595 5075 626 5124 iit
636 5073 676 5126 iiia
688 5073 800 5139 quidem,
813 5078 842 5126 ut
855 5089 898 5126 rer
909 5089 1000 5140 pracs-
1046 5078 1113 5127 uuiia
1125 5077 1273 5128 humanitate
1284 5077 1393 5141 sciehat,
1402 5081 1427 5128 et
1443 5079 1509 5128 uuita
1525 5079 1611 5129 hahita
1634 5078 1723 5129 ratione
1738 5073 1810 5124 uiso·
