3830 5720
236 353 293 405 aro
789 292 994 399 urbanum
1018 337 1277 398 naoracroars

235 470 440 552 Περσαρμενίοις
449 469 493 528 καί
503 465 783 545 τοῐςμεταχωρήσασιν
793 465 909 545 Ἰόήρων
919 465 1008 541 Ὀμω·
1058 467 1153 536 οἰκεῖα,
1167 463 1224 540 ἀμα
1238 463 1266 522 δέ
1278 463 1323 522 καί
1338 462 1437 539 μηδένα
1449 467 1573 542 σπινθῆρα
1584 469 1624 524 τοῦ
1638 467 1739 542 πολίμου
1751 491 1792 526 m.

234 559 309 635 μόκει
326 557 376 636 γάρ
394 561 408 614 δ
423 554 557 635 βασιλεὺς,
570 558 603 621 όις
618 537 727 612 καθόσον
743 543 824 610 οἷόντέ
839 554 908 611 ἐστιν
923 554 1009 631 αὐτῷ,
1055 555 1173 611 ταλιπεῑν
1188 551 1290 620 ἐθέλειν,
1304 550 1370 627 ίγνω
1384 549 1567 608 ἀνασώσασθαι
1579 549 1607 609 τό
1619 551 1696 630 nipe<
1710 553 1724 623 ἢ
1737 555 1792 632 χρή-

234 645 337 705 ἀπαντα
362 643 526 713 ἀνακινήσειν
548 643 656 721 τρόπον,
684 643 719 706 ὡς
745 640 776 698 ἀν
803 641 848 698 καί
872 639 953 710 αὐτήν
980 663 1010 717 γε
1056 662 1136 714 μασιν
1145 639 1224 714 ήγουν
1235 637 1313 717 ἑτέρῳ
1326 637 1414 717 τρόπῳ
1424 637 1483 697 τινί.
1494 637 1556 717 Περὶ
1566 636 1609 714 μίν
1619 630 1658 698 οὖν
1670 645 1793 718 τοῧχρῆναι

234 733 318 803 δήπου
333 731 380 802 τήν
395 729 559 809 θρεψαμένην
573 737 640 807 onii<
660 727 797 797 ποιήσεται
817 727 972 804 ὑποχείριον·
988 729 1010 784 εἰ
1056 725 1082 793 ἰξ
1094 726 1222 802 ἰσοτιμίας
1235 723 1282 796 τήν
1296 725 1399 802 εἰρήνην
1412 726 1552 802 προελθεῖν,
1565 746 1599 802 πρ
1609 748 1621 780 ν
1632 723 1648 794 ἢ
1660 725 1794 802 διακριθῆναι

234 821 264 878 δέ
278 842 308 898 γε
329 818 391 898 ἄχρι
411 817 499 884 πίλους
512 815 567 874 οὔτι
584 814 669 874 ίσοιτσ
690 813 796 880 δυνατός
816 813 879 892 πρὸς
899 813 942 871 τὸν
963 813 1010 871 πό·
1056 812 1100 870 τὸν
1115 815 1141 870 ἐν
1156 810 1277 891 Ἀρμενία,
1291 813 1406 886 πολεμον
1421 811 1504 870 ἐδόκει
1516 811 1559 870 καί
1574 810 1691 878 ξονίθεντο
1704 812 1793 890 Πέρσαι.

234 910 313 984 λεμον
327 906 446 976 ἀνθέξειν,
458 903 527 962 ἀλλά
538 902 597 970 τοὺς
611 903 707 968 αἰτίους
720 905 767 972 τῆς
782 901 951 967 ἀποστάσεως
967 903 1011 958 καί
1059 898 1215 960 ἰίἰελλόντων
1231 898 1258 956 δέ
1270 897 1329 956 ὅσον
1345 896 1418 955 οὔπω
1431 903 1619 977 παραχωρῆσαι
1630 897 1752 974 Ῥωμαίοις
1761 900 1796 958 καί

235 993 293 1059 τοὺς
306 997 343 1072 τῷ
355 991 449 1068 αἰματί
459 1014 531 1072 σρισι
541 991 735 1070 προσήκοντας,
747 987 882 1056 ξυνελόντα
893 985 920 1044 δὲ
932 989 1012 1046 εἰπεῖν
1058 990 1103 1046 τοῦ
1117 983 1234 1064 Δόραςή
1249 985 1348 1050 οὐδενός
1361 984 1440 1062 ἤγουν
1455 986 1583 1062 δλιγίστης
1595 984 1693 1062 χρυσίου
1704 985 1795 1052 ποσότη·

234 1082 294 1150 τοὺς
313 1081 368 1141 όσοι
384 1080 522 1159 βούλονται
536 1079 689 1154 Ῥωμαῖκῆς
708 1078 848 1156 μετασχεῖν
868 1075 1013 1148 πολιτείας,
1058 1095 1117 1149 τος,
1134 1072 1240 1142 εὔθηλον
1262 1071 1290 1130 δν
1309 1071 1442 1148 (δηλονότι
1457 1072 1558 1146 bell.)
1572 1071 1686 1150 πρότερον
1708 1073 1797 1148 ἀριστα·

234 1171 264 1228 οὗ
272 1169 377 1227 πώποτε
388 1167 542 1238 ποιήσεσθαι
550 1167 680 1232 ἐκδότους.
691 1164 794 1224 Ἐδόκει
803 1163 830 1221 δί
839 1164 884 1222 καί
893 1163 1013 1242 βασιλεὺς
1059 1159 1143 1236 μίνόιν
1156 1159 1297 1234 Ῥωμαίων
1311 1159 1510 1238 Περσαρμενίας
1522 1158 1566 1217 καί
1579 1157 1701 1235 ’ἰόηρίας,
1712 1160 1734 1215 ἰν
1745 1149 1797 1236 efnei

235 1261 250 1315 δ
265 1259 375 1335 Περσῶν
397 1255 506 1327 ἥδεσθαι
532 1254 574 1314 ἰπί
598 1255 698 1325 τοῖσδε,
712 1256 747 1318 όις
768 1251 800 1310 ἀν
821 1251 952 1327 Ῥωμαῖοι
966 1253 1013 1326 μέν
1058 1247 1144 1304 τοιάδε
1158 1249 1182 1306 οἰ
1197 1245 1222 1308 t!
1243 1244 1371 1324 ίκατέρων
1387 1245 1564 1322 διαλεγόμενοι
1582 1245 1743 1321 (διαλέγονται
1755 1265 1797 1300 em.

236 1344 403 1414 ἰκστήσοιντο
412 1347 458 1411 τῆς
468 1341 666 1420 Περσαρμενίας
675 1362 704 1398 τε
714 1338 888 1414 καίἸόηρίας,
897 1339 1013 1406 ἐξουσίαν
1059 1333 1165 1412 bell.)
1178 1331 1310 1412 πρίσόεις,
1328 1333 1416 1408 γέγονε
1432 1331 1465 1389 τδι
1482 1334 1515 1408 (ἡ
1532 1329 1580 1408 Β.)
1595 1329 1658 1389 κατδι
1670 1329 1712 1400 τήν
1726 1331 1799 1408 Ἄρμα·

236 1432 264 1490 δί
283 1430 358 1496 αὐτὸς
379 1429 533 1509 προσνέμοι,
546 1428 605 1487 όποι
622 1427 751 1486 ἐθέλουσιν
769 1428 792 1484 ol
808 1426 869 1504 τῇδε
883 1425 1015 1503 οἰκήτορες
1059 1421 1116 1479 νίαν
1131 1419 1283 1496 ξυμπλσκήν
1300 1417 1453 1495 (ξυμπλοκὴ
1467 1424 1496 1476 Β.
1508 1423 1530 1494 ἰ,
1544 1419 1570 1476 ἰν
1583 1411 1801 1497 ᾔπροσπταίσαντες

236 1519 385 1590 ἰέναι,οὗτι
406 1516 564 1596 ἀπθτρόποο
576 1539 605 1594 γε
617 1506 699 1590 οἶμαι.
711 1513 857 1573 Ἠπίστατο
887 1510 933 1590 ἀρ,
944 1513 1014 1582 πλὴν
1060 1511 1084 1564 ot
1104 1506 1234 1581 Ῥωμαῖοι
1258 1506 1379 1583 μεγάλως
1398 1505 1470 1585 παρδι
1492 1505 1559 1564 πολὺ
1581 1510 1625 1576 τῆς
1644 1505 1733 1570 ἐλπίδος
1748 1503 1801 1568 leri

237 1603 372 1679 ὀλιγίστων
387 1606 439 1660 τῶν
454 1603 480 1659 ἐν
495 1603 577 1672 τέλει,
590 1600 615 1660 οἰ
626 1605 672 1671 τῆς
686 1599 855 1664 ἀποστάσεως
868 1537 964 1677 ήρξαν,
980 1603 1014 1665 ὡς
1060 1587 1137 1666 ἦττον
1149 1594 1309 1664 ὧλίσθησαν.
1324 1592 1371 1652 Διδ
1384 1592 1415 1664 δή
1428 1597 1480 1650 τῶν
1495 1595 1602 1674 ἰίερσῶν
1614 1600 1666 1658 ταῖς
1677 1590 1802 1668 εὐπραγίαις

237 1689 319 1755 οὗδείς
342 1689 547 1767 Περσαρμτνίων
565 1688 610 1746 καί
625 1687 748 1765 ’itione
767 1685 838 1764 πόθῳ
857 1690 903 1756 τῆς
917 1689 1015 1766 θρεψα-
1062 1679 1254 1758 ἰπηρμένων,θ
1275 1683 1346 1760 σρῶν
1367 1679 1489 1760 βασιλεὺς
1511 1679 1618 1760 ἔφασκεν
1638 1678 1698 1744 όλως
1715 1677 1764 1754 περί
1781 1676 1803 1732 τό

238 1773 316 1850 μένης
328 1775 354 1842 θς
368 1775 443 1855 φύσει
455 1779 507 1842 τοῖς
519 1775 663 1854 ἀνθρώποις
675 1773 783 1842 ἐνιζάνει
794 1795 822 1832 τε
836 1773 881 1830 καί
896 1773 1015 1852 προσπέ-
1062 1768 1110 1838 τὴν
1121 1769 1197 1828 πολιν
1207 1769 1237 1827 τδ
1251 1768 1340 1848 depe<
1352 1769 1468 1826 ἰνδοῦναι
1481 1766 1621 1843 Ῥωμαίοις
1635 1765 1669 1842 μή
1682 1765 1803 1831 ἐνδέξασθαι

237 1885 333 1940 πηγεν,
349 1864 555 1922 ἀνασκευάσοιτο
574 1865 598 1928 ἐς
614 1861 661 1933 τὴν
680 1861 791 1920 θθνείαν.
810 1859 910 1926 Ἄλλως
928 1883 956 1918 τε
970 1860 1016 1917 καί
1062 1858 1138 1934 λόγον
1147 1855 1215 1916 τινά.
1229 1856 1313 1922 Αὐτός
1322 1855 1369 1932 μὲν
1378 1853 1428 1933 γδρ
1440 1854 1510 1914 κατὰ
1518 1856 1561 1914 τὸν
1572 1855 1652 1913 κοινόν
1663 1858 1704 1911 τοῦ
1711 1850 1805 1924 πολέμου

238 1948 294 2024 ἅμα
307 1951 416 2022 ἤλπιζε,
427 1955 472 2008 τοῦ
482 1949 598 2028 πολέμου
610 1949 779 2029 λωρήσαντος
795 1950 821 2006 ἰν
834 1947 916 2004 δέοντι
928 1947 1016 2005 θέσθαι
1062 1943 1155 2020 θεσμὸν
1171 1944 1215 2023 βίορ
1229 1943 1274 2001 καί
1289 1943 1397 2020 δυνάμει
1412 1942 1505 2011 ἐξελεῖν
1521 1943 1565 2001 καί
1578 1939 1771 2022 προσκτήσασθαι
1784 1935 1806 1992 τό

237 2035 271 2092 τδ
286 2035 485 2115 Περσαρμενίας
498 2057 525 2093 τε
540 2036 585 2094 καί
601 2035 730 2114 'ld-cpia·
745 2032 802 2092 αἰδε
821 2032 872 2112 γάρ
894 2036 964 2112 αὐτῷ
989 2037 1015 2092 αἰ
1062 2031 1150 2110 Δάρας
1170 2032 1371 2109 ἀπισχυρίζετο·
1385 2030 1444 2096 τοίις
1459 2028 1487 2088 δέ
1501 2052 1532 2106 γε
1546 2027 1688 2104 Ῥωμαίους
1708 2027 1807 2103 ἰίιρσιρ-

238 2125 324 2200 χῶραι
336 2121 472 2202 πάμροροί
484 2145 512 2180 τε
533 2126 663 2201 ὑπῆρχον,
679 2121 724 2180 καί
735 2123 848 2178 πλείστα
869 2120 938 2178 ἰσότι
957 2122 1015 2178 ἰδα·
1064 2119 1154 2196 μενίαν
1167 2141 1195 2178 τε
1210 2118 1255 2176 καί
1268 2117 1385 2195 ’ἰόηρίαν
1398 2121 1548 2188 ἀποστῆσαι
1558 2111 1806 2194 παρασπονδήσαντας,

238 2208 394 2288 σμορόρουν.
416 2211 559 2289 Τοιγαροῦν
583 2209 626 2267 διδι
651 2213 734 2268 ταῦτα
750 2207 875 2288 ἠρέσκετο
896 2206 1017 2284 βασιλεὺς
1062 2207 1127 2284 πρὸς
1149 2205 1178 2264 δι’
1198 2229 1228 2284 γε
1252 2207 1297 2264 καί
1319 2206 1515 2285 ἀρηνιάσαντας
1528 2206 1586 2272 τοθς
1604 2203 1682 2280 ταότη
1702 2201 1809 2260 οἰκοῦντας

239 2298 349 2375 ἰίερσῶν
363 2296 406 2354 iet
420 2298 505 2353 τοῖσδε
514 2296 556 2352 τὸν
567 2297 682 2370 πολεμον
695 2295 865 2355 καταθέσθαι.
880 2297 1016 2373 Προσῆλθε
1063 2291 1116 2350 ἀπὸ
1129 2294 1236 2374 Περσῶν
1248 2291 1430 2360 ὑποδέξασθαι.
1442 2292 1496 2352 Καὶ
1506 2292 1592 2349 τοίνυν
1601 2281 1689 2354 αὖθιςό
1699 2284 1809 2363 Βάρόαρος

238 2381 265 2439 δέ
279 2384 317 2461 τῷ
332 2380 448 2458 Καίσαρι
463 2383 635 2457 διανοεῖσθαι,
647 2385 682 2446 ὡς
699 2380 730 2439 ἀν
748 2381 778 2439 τδ
794 2381 884 2440 λοιπὸν
899 2381 1016 2458 μηδεμία
1063 2379 1159 2458 θρασύς
1175 2403 1200 2438 τε
1214 2379 1259 2438 καί
1273 2378 1396 2458 ὑψαόχην
1407 2371 1456 2452 ήν,
1468 2378 1515 2436 καί
1528 2378 1575 2455 μέν
1587 2370 1629 2438 οἰίν
1644 2375 1685 2434 ἰπί
1700 2377 1746 2438 τοῖς
1754 2369 1810 2437 ξυνε-

239 2468 407 2532 όπολείποιτο
421 2471 466 2528 τοῦ
483 2467 599 2544 πολίμου
614 2466 699 2542 αἰτία,
711 2472 757 2538 τῆς
772 2466 972 2548 Περσαρμινίας
989 2493 1017 2527 τε
1063 2473 1191 2547 νεχθεῖσιν
1212 2465 1363 2546 ἰόρενθόετο
1379 2467 1457 2545 μέγα.
1474 2466 1596 2526 Ἧπείλει
1616 2487 1644 2522 τε
1664 2463 1705 2521 καί
1722 2460 1765 2538 πρὸ
1776 2461 1811 2515 τοῦ

237 2555 283 2613 καί
298 2555 413 2635 ’ἰόηρίας
436 2555 511 2612 ἕκατι
534 2553 582 2626 τήν
606 2554 682 2613 πόλιν
705 2554 735 2613 τὸ
757 2553 845 2634 Δάρας
858 2554 932 2634 παρὰ
946 2558 1017 2636 σρῶν
1063 2553 1174 2632 πέρατος
1188 2557 1239 2612 τῶν
1253 2557 1332 2632 τριῶν
1346 2558 1411 2613 trina
1429 2558 1475 2624 τῆς
1491 2553 1543 2625 ήδη
1564 2549 1716 2621 ξυνεστόισητ
1732 2549 1811 2622 tallii-

238 2642 440 2722 ἀντιλήψεσθαι,
458 2641 556 2712 ἥκιστα
578 2641 625 2718 μίν
648 2647 693 2701 τοῦ
716 2643 856 2716 κερδαλέου
877 2641 964 2720 χάριν·
989 2645 1017 2702 οὐ
1065 2641 1135 2719 ρίας,
1150 2635 1181 2712 ἦς
1198 2629 1269 2708 ἐντὸς
1289 2641 1373 2700 ἐδόκει
1390 2640 1438 2712 τήν
1456 2641 1563 2722 εἰρήνην
1582 2639 1632 2698 ἀνδι
1645 2636 1689 2707 τήν
1702 2635 1732 2692 έω
1749 2633 1812 2710 ἐρρῶ-

237 2728 288 2808 γίιρ
302 2729 333 2800 δή
349 2753 374 2786 τι
396 2728 425 2788 τδ
449 2729 538 2808 Δάρας
553 2735 570 2801 ἡ
585 2728 659 2795 πόλις
682 2731 707 2796 ἰς
726 2727 812 2809 ἕτερόν
827 2751 853 2786 τι
867 2729 1018 2808 δνησιρόρος
1064 2733 1140 2802 σθαι,
1155 2728 1189 2786 τδι
1203 2727 1272 2787 όπλα
1285 2729 1408 2801 κινήσειν,
1420 2729 1466 2786 καί
1481 2729 1543 2788 κατ’
1556 2725 1637 2796 αὐτήν
1652 2747 1680 2802 γε
1693 2721 1764 2792 δήπου
1778 2714 1812 2782 fii

238 2817 255 2886 ἢ
270 2819 308 2896 τῷ
320 2815 506 2896 ἀσφαλέστατα
518 2815 586 2894 ἔχειν
600 2815 645 2874 καί
659 2821 706 2888 τῆς
717 2815 768 2874 θπδ
787 2815 938 2892 Ῥωμαίους
952 2816 1019 2898 ἑῴας
1063 2815 1127 2894 πρὸς
1138 2815 1212 2887 ήλιον
1223 2817 1364 2896 ἀνίσχοντα
1374 2817 1463 2896 χώραν
1470 2814 1654 2896 ξυγκροτήσειν
1665 2811 1706 2870 τδν
1715 2809 1815 2879 πολεμον,

238 2903 328 2985 ὥσπερ
346 2928 371 2961 τι
385 2903 468 2983 ἔρυμα
486 2903 690 2983 προόεόλῆσθαι.
707 2901 779 2978 Ἅμα
793 2895 837 2962 οὖν
849 2903 879 2962 τὸ
894 2902 1018 2982 ἀτύχημα
1066 2903 1191 2982 πρότερον
1204 2905 1405 2980 κατατιθέμενον
1421 2903 1566 2981 Ῥωμαίοις
1579 2903 1609 2960 τὸ
1623 2899 1683 2979 ίιπίρ
1695 2903 1737 2967 τῆς
1747 2891 1815 2951 ‘⁰³²⁶‘

239 2985 383 3048 ἀκέσασθαι
398 2990 553 3068 βουλόμενος
572 2995 610 3067 τῷ
627 2989 803 3069 ἀπειληφέναι
821 2989 971 3066 Ῥωμαίους
984 2989 1017 3049 τδ
1063 3013 1110 3059 της
1133 2993 1272 3070 ἀνακωχῆς
1302 2991 1439 3067 δεδομένον
1465 2991 1588 3070 χρυσίον,
1609 2989 1683 3060 ήνίκα
1709 2983 1817 3062 Ζαχαρίας

394 3088 1815 3114 m

239 3155 376 3206 conditione
387 3169 471 3218 pacem
478 3155 635 3218 sewardum,
645 3155 690 3205 nisi
698 3155 800 3204 liberum
810 3157 841 3205 sit
850 3155 1020 3205 Persarmeniia
1065 3157 1154 3218 colrido
1163 3161 1286 3219 quaestum
1300 3159 1401 3218 laceret;
1411 3171 1468 3208 unm
1480 3159 1543 3208 nibil
1552 3156 1618 3208 aliud
1628 3151 1731 3204 utilitatis
1740 3149 1819 3204 hocop-

127 3275 134 3290 ,
239 3235 265 3283 et
278 3231 368 3294 iberis,
382 3233 424 3296 qui
437 3245 506 3282 ruem
518 3231 620 3295 pubium
640 3233 793 3294 reliquerint,
808 3233 839 3282 ad
854 3235 1019 3282 Romanorum
1065 3233 1148 3296 pidum
1157 3235 1260 3296 prebet,
1273 3247 1347 3297 quarn
1359 3234 1622 3297 quodmunitiaaimum
1634 3218 1821 3292 mtprobssttlfflfl

240 3313 320 3372 parier
330 3311 440 3360 transire.
459 3309 553 3360 Etenim
565 3309 674 3359 Tiberius
684 3313 766 3360 cesar
776 3309 876 3358 merlini
886 3309 972 3360 merito
983 3311 1019 3358 la·
1064 3311 1117 3360 loco
1127 3311 1244 3360 orientali
1256 3312 1356 3361 Romani
1369 3311 1462 3374 imperii
1471 3311 1537 3374 parti
1551 3329 1558 3360 ι
1570 3310 1613 3360 aed
1624 3307 1669 3358 boc
1683 3301 1775 3356 aduersis
1784 3300 1820 3347 lio·

239 3389 317 3439 ciebat
328 3403 356 3439 ea
366 3392 514 3439 sacramenta
530 3403 586 3450 qnare
604 3389 636 3438 ab
647 3389 791 3451 imperatore
806 3393 821 3440 J
823 3391 902 3440 ustino
914 3390 1019 3452 pronun
1065 3401 1193 3436 manorum
1205 3388 1275 3437 rebor
1284 3388 1369 3438 solatio
1379 3403 1429 3438 eoae
1440 3389 1533 3449 voluit,
1545 3387 1612 3451 quod
1619 3397 1663 3435 aua
1671 3375 1821 3441 recoperint,

240 3470 308 3516 erant
318 3467 486 3516 Persarmeniia
498 3469 522 3516 et
535 3466 623 3526 iberis,
640 3467 681 3527 qui
692 3466 724 3515 ad
737 3469 857 3516 Romanoa
875 3467 1018 3517 defecerant.
1064 3465 1136 3514 droul
1148 3467 1173 3514 et
1183 3466 1274 3516 nullam
1286 3465 1342 3515 belli
1351 3467 1479 3516 scintillam
1490 3466 1629 3527 relinquere
1639 3458 1750 3523 cupiemt
1762 3457 1790 3502 Er
1799 3449 1822 3497 di

239 3545 366 3592 duraverat
373 3543 436 3591 enim
444 3542 643 3602 imperotoromni
651 3555 696 3604 ope
705 3555 731 3591 ee
738 3544 888 3602 adnisurum,
896 3545 924 3592 ut
930 3547 1019 3592 terram
1065 3555 1135 3592 causa
1146 3545 1223 3592 Daren
1232 3543 1337 3606 recipere
1345 3544 1388 3591 aut
1399 3543 1506 3604 pecuniis
1517 3541 1617 3591 autulio
1628 3536 1710 3600 quonia
1718 3531 1823 3583 nodeca·

240 3632 295 3682 quae
304 3619 367 3680 ίροοο
374 3618 476 3677 aluerat,
487 3629 538 3666 auee
548 3617 644 3667 ditionis
653 3619 766 3668 efficeret.
780 3619 871 3676 Quodsi
888 3633 939 3668 rem
952 3620 1019 3670 illam
1064 3619 1143 3668 debat.
1154 3622 1238 3668 Pacem
1252 3619 1325 3681 igitur
1339 3620 1415 3668 iecere
1426 3619 1502 3680 aequis
1514 3615 1706 3673 conditionibus,
1716 3613 1824 3667 numquam

240 3696 339 3758 exsequi
346 3699 372 3744 et
379 3696 443 3744 bello
453 3695 524 3744 linem
533 3695 655 3757 imponere
665 3709 712 3744 non
722 3700 800 3758 poaaet
807 3733 814 3758 ,
821 3700 934 3749 auctores
940 3701 1021 3748 tamen
1065 3697 1127 3746 bello
1139 3698 1163 3746 in
1181 3699 1294 3747 Armenia
1305 3697 1479 3757 decertaretur,
1492 3696 1610 3757 lubebat,
1625 3697 1650 3744 et
1661 3685 1824 3742 miramur

240 3772 379 3857 delectionis
394 3784 527 3834 eorumque
545 3772 704 3834 propinquos,
727 3775 752 3822 et
770 3775 912 3834 generaliter
927 3789 968 3824 eoa
979 3775 1020 3836 oui
1065 3777 1153 3824 Persae.
1173 3774 1220 3824 sed
1243 3787 1319 3836 quum
1338 3777 1416 3824 Persae
1433 3774 1483 3835 J'am
1504 3773 1531 3823 in
1550 3787 1581 3822 eo
1595 3770 1715 3821 errentur
1733 3759 1826 3814 nomenis

240 3854 353 3902 Romame
374 3849 511 3912 reipublicae
530 3851 656 3912 participes
670 3864 721 3902 crae
739 3852 837 3911 vellent,
856 3866 882 3902 ae
897 3867 1021 3915 nunquam
1065 3851 1178 3913 oppidum
1203 3854 1278 3901 barae
1297 3851 1424 3910 cederent,
1448 3853 1492 3900 aut
1510 3851 1582 3899 nulla
1599 3849 1644 3898 aut
1665 3841 1825 3908 quantulacum-

241 3928 319 3979 Perais
328 3927 476 3977 dediturum.
487 3929 562 3978 Grata
571 3930 595 3977 et
601 3928 708 3990 jucunda
719 3941 756 3978 rea
767 3931 893 3978 Persarum
905 3931 953 3992 regi
962 3944 1021 3980 con·
1065 3941 1114 3989 que
1122 3931 1219 3990 accepta
1229 3929 1335 3990 pecuniae
1348 3941 1456 3987 summa,
1468 3928 1574 3978 simulac
1592 3923 1712 3975 comtaret
1730 3921 1829 3969 boman&

241 4006 305 4067 tigit,
317 4007 437 4055 Romanoa
449 4005 597 4054 Armeniaci
609 4005 794 4067 lberiacedere,
808 4005 975 4056 modobarum
987 4021 1021 4057 re·
1066 4006 1178 4056 Armenia
1195 4009 1220 4054 et
1242 4006 1320 4056 iberia
1333 4009 1460 4055 exceaabse
1483 4023 1490 4054 ε
1510 4005 1573 4054 dum
1592 4004 1646 4053 baro
1663 3998 1731 4061 legati
1747 3995 1799 4042 inter
1809 3999 1829 4038 se

241 4084 341 4144 globum
353 4081 451 4142 incolis,
463 4094 512 4143 quo
523 4083 613 4131 vellent
623 4082 658 4131 ire
672 4082 820 4142 babiiatum,
832 4086 974 4144 potestatem
987 4086 1022 4133 la·
1066 4083 1211 4146 disceptant,
1222 4087 1354 4146 pugnatum
1369 4086 1406 4132 est
1423 4084 1448 4132 iu
1458 4082 1588 4144 luceria,
1601 4083 1626 4130 iu
1637 4091 1686 4142 qua
1703 4065 1829 4138 pugnamul·

241 4161 314 4209 cerel.
326 4161 375 4209 Nec
386 4157 437 4206 sina
457 4159 565 4218 ratione,
583 4171 638 4208 meo
650 4158 748 4220 quidem
760 4158 859 4220 judicio.
880 4161 943 4210 Salia
958 4162 1022 4211 enim
1066 4165 1119 4210 tum
1138 4173 1181 4210 sua
1198 4174 1240 4222 spe
1254 4162 1390 4211 excidentes
1402 4159 1505 4210 liomani
1521 4159 1557 4208 in¹
1572 4157 1668 4208 cladem
1683 4150 1765 4212 detrusi
1777 4145 1829 4196 suti

241 4238 351 4293 noverat,
362 4234 445 4296 parreia
453 4235 560 4296 exceptis
573 4249 603 4284 ex
615 4236 770 4297 principibus,
779 4236 821 4298 qui
837 4236 977 4286 deiectionis
992 4238 1023 4286 ad
1068 4243 1151 4300 ltaque
1162 4253 1239 4302 quum
1257 4243 1335 4290 Persae
1345 4253 1377 4288 ex
1388 4237 1498 4288 monadia
1509 4239 1563 4288 auia
1589 4237 1664 4286 rebua
1679 4231 1829 4294 spirituaeurn·

179 4375 184 4382 ι
243 4317 361 4363 Romanoa
372 4314 481 4361 auctorea
500 4315 608 4373 luerunt,
620 4313 671 4362 iore
689 4316 717 4363 ut
736 4314 821 4376 reliqui
835 4327 916 4364 amore
928 4317 952 4365 et
963 4315 1024 4365 desi-
1067 4317 1182 4379 occaect,
1199 4329 1242 4366 rer
1258 4329 1342 4366 eorum
1365 4315 1440 4377 dixit,
1459 4329 1485 4366 ae
1506 4326 1639 4377 nunquam
1658 4317 1787 4374 cumulum,
1801 4297 1831 4346 ¹¹¹·

242 4391 309 4440 derio
323 4393 393 4440 terrm
406 4389 569 4453 altrieireapti
581 4391 645 4454 (boc
658 4393 722 4441 euim
736 4395 823 4442 natura
832 4393 943 4444 omnibus
955 4395 1021 4442 inna-
1066 4393 1115 4442 lam
1127 4391 1273 4442 mentionem
1290 4392 1322 4442 de
1339 4391 1427 4455 oppido
1440 4395 1516 4442 barae
1532 4389 1654 4441 Romania
1664 4381 1768 4436 dedendo
1777 4375 1831 4430 bed.

242 4471 296 4518 tum
315 4469 367 4527 σοι)
386 4467 485 4516 minime
500 4467 531 4516 ad
542 4471 637 4518 externe
650 4467 818 4530 demigrarent.
836 4472 864 4518 ln
875 4482 941 4530 spem
951 4472 1023 4519 etiam
1067 4469 1167 4531 quodni
1179 4473 1203 4520 et
1216 4469 1349 4519 virtuteex
1363 4470 1488 4520 communi
1499 4468 1559 4518 belli
1577 4469 1632 4530 lege
1647 4463 1743 4527 renuisset
1754 4451 1833 4507 θίθθθ·

242 4544 417 4605 adducebatur,
427 4542 490 4592 bello
504 4544 813 4606 poeitoincommcdiorem
824 4549 913 4596 etatum
925 4553 1024 4598 receer-
1068 4548 1166 4597 nuinaet.
1183 4551 1304 4597 Romanos
1320 4560 1378 4596 vero
1398 4549 1483 4597 contra
1503 4547 1598 4596 imdera
1621 4537 1799 4593 Peraarmeniam
1815 4530 1834 4576 rt

242 4621 368 4670 carmentae
377 4623 402 4670 et
418 4621 503 4670 iberiae
517 4622 640 4672 redactum
653 4622 691 4672 iri.
704 4624 765 4672 llam
780 4624 818 4672 baa
836 4625 944 4686 regiones
956 4627 1025 4674 erant
1068 4624 1170 4674 iberiam
1182 4626 1213 4673 ad
1230 4625 1388 4674 deiectionem
1399 4625 1532 4685 excitusre,
1542 4625 1570 4673 et
1580 4634 1667 4672 earum
1683 4617 1796 4678 regitanum
1807 4607 1834 4653 ἰο·

244 4698 395 4748 imcundmet
405 4699 526 4759 omnium,
537 4712 593 4762 quea
603 4699 634 4749 ed
643 4701 719 4750 vitam
735 4701 868 4750 necessaria
880 4705 949 4761 aunt,
963 4704 1024 4752 lera-
1068 4702 1148 4762 colae,
1157 4701 1200 4763 qui
1213 4715 1228 4751 a
1241 4701 1318 4752 Peraia
1334 4701 1491 4762 deficiebant,
1501 4699 1567 4750 tueri
1579 4701 1605 4750 et
1624 4696 1751 4758 europae.
1766 4691 1835 4745 ltaque

244 4775 718 4838 cnc,uadeamplatributaetrectigalia
727 4777 804 4839 colligi
813 4781 1025 4840 poterantltaque
1067 4779 1444 4843 barbarumaeconderer‚que
1454 4762 1836 4836 illiereuerant,mperbioro1net

245 4855 370 4902 Persarum
379 4852 429 4914 regi
446 4851 535 4913 placuit
549 4852 586 4902 bis
599 4853 775 4902 conditionibus
786 4867 801 4902 a
811 4855 873 4904 bello
892 4855 1023 4906 diacedere.
1069 4857 1207 4908 ferociorem
1229 4855 1368 4906 reddebant.
1385 4857 1522 4906 Minabatur
1542 4855 1635 4915 etiam,
1657 4853 1780 4910 ocenum
1797 4844 1836 4889 ¹¹⁹⁵

244 4931 282 4982 Ad
291 4931 357 4992 baec,
369 4944 400 4980 ne
411 4943 460 4994 qua
471 4931 496 4980 in
512 4933 633 4992 posterum
650 4934 751 4983 restaret
767 4932 824 4982 belli
833 4945 922 4995 mum,
934 4935 1025 4984 cesari
1068 4935 1124 4983 anni
1135 4933 1295 4995 elaberentur,
1307 4933 1396 4996 quibus
1403 4933 1507 4984 induciae
1518 4934 1582 4982 tunc
1590 4930 1708 4992 temporis
1720 4919 1837 4973 durabant,

245 5010 459 5059 reditiumentem
469 5010 1025 5075 wglrueutprorenarmenraerlneruop·
1069 5011 1133 5061 intra
1145 5023 1207 5073 quoe
1218 5023 1303 5073 paoem
1323 5010 1375 5060 lieri
1396 5023 1438 5073 per
1457 5011 1586 5060 orientem
1606 5005 1744 5070 placuerat,
1758 4999 1802 5046 sm
1816 4993 1837 5039 ¹¹¹

245 5085 328 5148 pidum
339 5087 413 5136 Darna
428 5098 443 5135 a
457 5087 534 5138 Pereia
550 5087 654 5138 vicissim
666 5089 785 5151 acciperet
799 5107 804 5138 :
816 5101 866 5140 non
878 5089 944 5150 quod
955 5089 979 5138 in
998 5103 1026 5140 eo
1069 5101 1136 5138 arnna
1158 5091 1281 5150 mereret,
1294 5088 1344 5138 imo
1367 5089 1392 5138 et
1405 5087 1495 5138 bellum
1516 5087 1541 5136 in
1562 5081 1735 5137 occidentales
1749 5074 1839 5160 menno
