3792 5728
773 391 1019 453 FRAGMENTA.
1643 401 1690 450 tot

149 559 159 576 ν
175 533 218 586 De
232 527 323 584 uubis
339 539 366 584 et
383 527 532 600 Blemmyis
542 527 594 581 sub
604 527 749 580 Marciano
762 526 880 580 devietis
926 519 1005 596 ὁμόσε
1020 517 1088 577 κατὰ
1102 523 1153 576 τῶν
1167 519 1300 598 ἀρχόντων
1314 525 1461 599 χειροῦνται,
1474 524 1519 590 τῆς
1532 543 1559 578 τε
1574 542 1697 599 στρατιω·

114 629 220 672 testatur
230 617 371 670 iordanes
380 617 409 669 in
420 616 485 670 libr.
497 617 539 670 Dc
553 632 673 668 success.
690 632 769 686 regn.
790 615 879 670 :Cum
926 611 998 676 τικῆς
1024 607 1154 680 δυνάμεως
1179 607 1225 676 τὴν
1252 607 1343 664 στάσιν
1365 607 1517 666 διακωλύειν
1542 608 1697 684 βουλομένης

113 696 214 750 tantu
238 707 270 749 et
290 695 430 748 Vandalis
451 697 546 746 oninin
569 690 762 762 infestantibus
777 710 880 764 perenn
926 692 1004 750 λίθων
1018 695 1105 770 βολαῖς
1118 693 1209 758 αὐτοὺς
1218 692 1378 771 χρήσασθαι.
1392 692 1546 772 Τρέψασθαί
1557 717 1584 751 τε
1596 694 1700 760 τούτους

112 787 233 848 instituit,
249 783 348 835 Attilae
358 785 636 852 tninascotnpescnit,
649 780 880 834 It'nbntlesBleni·
926 779 974 836 aiala
993 781 1023 836 ri>
1040 779 1107 857 ίερὸν
1123 780 1152 837 τὸ
1168 782 1251 838 πάλαι
1267 779 1429 859 Σαράπιδος,
1443 780 1488 838 καί
1504 782 1699 858 ἀναδραμόντος

112 889 233 942 ripasque
244 869 392 942 AEtliiopia
398 869 547 941 μιαιὶιιμσικι
548 885 605 940 per
614 867 738 932 Floram,
753 869 877 920 Altanu-
926 869 1142 944 ἐκπολιορκῆσαι,
1162 866 1207 924 καί
1223 866 1286 946 πυρί
1300 871 1396 934 ζῶντας
1410 869 1583 944 παραδοῦναι.
1609 867 1705 948 Ταῦτά1

111 959 189 1009 drinoe
208 956 289 1008 initis
305 966 527 1027 procuratorem,
549 953 658 1006 sedavit
676 971 711 1006 nc
727 955 839 1025 pepulit
862 972 879 1006 n
925 976 954 1010 τε
968 952 1011 1010 τὸν
1028 951 1137 1030 βασιλέα
1151 953 1266 1028 μαθόντα
1282 953 1422 1032 δισχιλίους
1442 952 1587 1019 νεολέκτους
1601 953 1701 1028 ἐκπέμ-

112 1042 211 1095 ιεάιθιω
230 1043 315 1094 Ront.
332 1042 399 1093 Erat
413 1041 460 1094 liic
477 1042 577 1095 Florus
589 1057 648 1093 non
665 1041 756 1093 solum
771 1042 880 1093 Proeu-
926 1045 987 1120 ψαι,
1002 1041 1047 1099 καὶ
1069 1045 1114 1098 τοῦ
1130 1037 1275 1114 πνεύματος
1296 1039 1464 1118 ἐπιτυχόντας
1483 1042 1699 1119 ούριυδρομῆσαι,

112 1139 179 1182 rator
190 1129 252 1182 sire
274 1126 447 1199 Augustalis,
463 1127 518 1182 sed'
533 1129 615 1182 eiiam
634 1129 733 1182 Comes
746 1128 788 1180 rei
806 1127 881 1179 mili-
927 1133 961 1194 ὡς
974 1128 1023 1184 iit
1035 1126 1081 1197 τήν
1094 1124 1171 1196 έκτην
1184 1130 1234 1184 τῶν
1246 1131 1349 1202 ἡμερῶν
1360 1131 1392 1202 τῇ
1408 1127 1509 1205 μεγάλῃ
1521 1131 1572 1184 τῶν
1586 1127 1700 1194 Ἀλεξαν-

118 1217 176 1268 taris
185 1233 242 1288 per
256 1215 426 1287 AEgyptum,
441 1225 473 1268 ut
491 1232 525 1268 ex
538 1215 633 1268 Prisco
648 1214 732 1268 docet
746 1215 882 1286 Euagrius
927 1215 1007 1294 δρέων
1021 1217 1163 1292 προσσχεῖν
1178 1212 1263 1272 πόλει.
1290 1215 1437 1272 Κάντεῧθεν
1461 1219 1512 1272 τῶν
1536 1218 1700 1293 στρατιωτῶν

113 1303 164 1376 ill,
179 1301 224 1374 5).
248 1302 286 1356 iii
303 1319 321 1354 a
334 1302 477 1374 Procopio
495 1297 615 1357 Νοόᾶται
632 1301 804 1366 dicuntur‚a
823 1301 882 1355 Ste-
927 1301 1117 1381 παροινούντων
1134 1299 1159 1366 ές
1174 1324 1201 1358 τε
1224 1299 1269 1366 τάς
1291 1299 1406 1377 γαμετάς
1422 1301 1467 1359 καῖ
1488 1301 1627 1380 θυγατέρας
1649 1306 1700 1358 τῶν

112 1391 198 1462 phano
213 1385 322 1446 Νοῦόαι
335 1399 362 1442 ei
381 1384 525 1452 Νουόάόες.
545 1418 584 1431 -
595 1391 637 1442 De
648 1387 687 1442 lsi
707 1388 792 1442 Philis
807 1388 880 1440 culta
926 1387 1130 1465 Ἀλεξανδρέων,
1146 1391 1197 1444 τῶν
1212 1386 1343 1466 προτέρων
1358 1389 1447 1467 πολλῷ
1461 1389 1589 1466 δεινότερα
1605 1391 1701 1464 προελ-

112 1475 331 1546 loquituretiam
349 1475 474 1527 Marinus
491 1475 519 1527 in
535 1475 591 1528 Pit.
607 1475 711 1528 Procli.
727 1475 882 1546 Procopius
927 1477 989 1536 θεῖν.
1004 1473 1133 1554 Ὕστερόν
1158 1497 1185 1531 τε
1206 1475 1329 1544 δεηθῆναι
1353 1473 1397 1534 τδν
1421 1477 1503 1551 δῆμον
1519 1481 1562 1534 τοῦ
1588 1475 1701 1555 Φλώρου

114 1565 180 1616 Pers.
193 1565 223 1629 i,
234 1582 268 1636 p.
286 1561 323 1616 33
336 1563 374 1614 ait
388 1561 482 1614 Nubes
495 1572 523 1616 et
535 1561 691 1634 Blemmyas
703 1563 769 1614 Isim
783 1571 811 1615 et
820 1561 881 1614 Osi·
927 1563 979 1618 τῶν
998 1563 1189 1638 στρατιωτικῶν
1207 1560 1348 1636 ταγμάτων
1363 1561 1520 1638 ἡγουμένου,
1536 1566 1599 1636 δμοῦ
1614 1586 1642 1620 τε
1657 1561 1702 1619 καὶ

115 1652 159 1703 rim
171 1650 279 1705 colere.
292 1647 373 1702 Adde
383 1659 412 1702 et
421 1649 547 1702 Serrium
559 1649 588 1701 in
598 1649 648 1702 lib.
661 1650 697 1703 Vl
710 1649 773 1702 AEn.
788 1645 880 1720 (154),
928 1671 943 1704 τ
955 1671 975 1717 ,ν
990 1645 1127 1716 πολιτικὴν
1142 1644 1270 1711 διέποντος
1289 1647 1385 1724 ἀρχὴν,
1402 1647 1450 1704 tvi
1467 1648 1512 1716 τήν
1527 1647 1702 1724 ἱπποδρομίαν

115 1755 142 1790 rx
154 1737 259 1790 Seneca
274 1737 304 1788 in
324 1731 398 1788 libro
418 1737 460 1788 De
473 1735 559 1790 saeris
578 1745 607 1789 et
622 1734 723 1788 ritibus
736 1734 881 1807 AEgyptio·
931 1735 1083 1792 ἀλισθέντα·
1095 1732 1161 1791 ὥστε
1176 1729 1391 1813 καταπράξασθαι
1407 1736 1492 1799 αύτοῖς
1506 1734 1553 1804 τὴν
1569 1739 1614 1792 τοῦ
1629 1757 1702 1805 σιτη-

116 1843 179 1876 mm.
199 1821 257 1876 sed
278 1819 437 1874 notandum
449 1833 506 1888 est,
528 1821 606 1892 quod
621 1821 660 1874 ait
680 1821 837 1892 Procopius
852 1821 882 1874 in
931 1821 1016 1898 ρεσίαυ
1037 1820 1172 1899 χορηγίαν,
1193 1819 1276 1898 ἥνπερ
1297 1822 1360 1898 παρ’
1379 1823 1463 1878 αὐτῶν
1478 1820 1610 1900 ἀφῄρητο,
1625 1820 1657 1886 τά
1675 1844 1703 1878 τε

117 1911 180 1964 libro
196 1911 257 1980 jam
282 1909 388 1975 citato,
414 1909 623 1962 Diocletianum
648 1909 768 1975 seilicet,
794 1925 882 1978 quum
930 1911 1054 1988 βαλανεῖα
1064 1908 1109 1965 καὶ
1121 1905 1289 1975 τὴνθέανκαλ
1298 1905 1346 1963 ὅσοι
1357 1905 1399 1964 δεδι
1409 1906 1455 1976 τὴν
1466 1906 1605 1984 γενομένην
1618 1909 1702 1964 αὐτῶν

117 1996 187 2066 juxta
206 1995 414 2070 Elephantinen
436 1995 555 2050 insulam
577 1997 607 2049 in
629 1996 695 2049 Nilo
717 1996 880 2068 reperisset,
928 1994 1036 2060 ἀταξίαν
1047 1991 1225 2062 ἀπεκόπησαν.
1240 1990 1295 2050 Καὶ
1307 1992 1388 2058 ούτως
1401 1993 1444 2050 τδν
1457 1996 1569 2072 Φλῶρον
1580 1993 1704 2070 ε’σηγήοει

120 2093 201 2137 castro
222 2083 265 2136 ibi
288 2089 449 2150 exstructo,
470 2099 531 2136 aras
552 2082 689 2136 Romanis
709 2092 738 2134 ct
757 2081 884 2134 barbaris
928 2086 960 2160 τῇ
979 2083 1057 2138 αὐτοῦ
1072 2079 1182 2158 ρανέντα
1201 2081 1238 2158 τῷ
1260 2076 1336 2160 δήμῳ
1355 2079 1515 2158 ὑποσχέσθαι
1528 2103 1556 2138 τε
1571 2083 1643 2160 αὐτῷ
1657 2082 1703 2139 καὶ

120 2179 272 2225 communes
292 2170 438 2238 statuisse,
460 2188 493 2224 ac
519 2169 679 2224 sacerdotes
708 2187 743 2222 ex
764 2179 883 2240 utraque
928 2168 975 2239 τὴν
990 2167 1080 2225 στάσιν
1095 2167 1158 2243 πρδς
1173 2165 1258 2243 βραχύ
1273 2167 1407 2228 διαλῦσαι.
1422 2170 1529 2226 Eadem
1548 2182 1644 2226 narrat
1655 2173 1704 2225 Ni-

121 2269 193 2328 gente
205 2257 365 2323 ordinasse,
381 2267 413 2311 ut
433 2274 579 2312 sacrorum
599 2257 799 2310 communione
814 2257 882 2310 ami·
929 2259 1068 2332 cephorns
1083 2259 1165 2324 viii,
1184 2254 1230 2323 15,
1245 2256 1294 2328 qui
1311 2258 1395 2310 etiam
1412 2257 1492 2312 addit
1512 2258 1649 2311 nonnulla
1669 2257 1704 2312 de

122 2343 609 2410 ritiacosleseeret,undeetlocum
618 2342 885 2397 Philasvocavit.ln
929 2345 1071 2417 Serapidis
1103 2345 1225 2416 templo,
1244 2361 1307 2414 quae
1338 2343 1492 2400 fortassee
1514 2345 1608 2400 Prisco
1638 2347 1705 2399 item

122 2448 171 2500 ιμιο
193 2430 299 2484 fallitur
322 2430 491 2504 Procopius.
516 2431 602 2484 Philae
616 2431 691 2484 enim
712 2429 796 2502 longe
821 2439 885 2484 ante
929 2429 1041 2486 fluxisse
1054 2431 1213 2504 suspicatur
1226 2432 1360 2488 Valesius.

121 2517 279 2570 Diocletiani
299 2517 452 2588 imperium
473 2517 651 2584 dicebantur,
674 2527 707 2570 ut
722 2527 833 2571 comtat
851 2535 885 2571 ex
1231 2559 1266 2615 α,
1303 2559 1312 2636 γ
1321 2559 1376 2626 ,5,
1398 2559 1407 2634 ,

121 2599 249 2658 Strabone
260 2615 289 2658 et
300 2603 464 2661 Ptolemaeo.
476 2627 488 2653 ν
498 2604 645 2660 Vetusius.

969 2696 983 2748 J
987 2694 1125 2748 ornandos
1140 2712 1166 2748 c.
1181 2699 1237 2765 49:
1255 2693 1293 2746 Id
1302 2697 1416 2746 accessit
1426 2695 1572 2761 mirabile,
1586 2705 1615 2747 ut
1628 2695 1706 2748 Mar·

930 2785 1021 2849 cinito,
1035 2785 1157 2854 principi
1172 2783 1302 2846 Orientis,
1319 2781 1355 2834 cle
1367 2792 1424 2834 tani
1431 2777 1526 2849 seron¹
1543 2781 1619 2834 hoste
1632 2783 1705 2835 solli·

155 2874 288 2948 Euagrius
312 2873 381 2928 iiia.
405 2873 482 2928 Eccl.
509 2875 552 2942 tl,
577 2869 886 2949 51Προτέριοςόὲτλν
930 2873 986 2922 cito
1000 2873 1028 2922 in
1041 2873 1143 2921 somnis
1155 2867 1287 2920 divinitus
1301 2867 1445 2938 ntlst'stens,
1464 2884 1558 2919 utrum
1570 2869 1668 2920 Attilae
1678 2871 1706 2920 in

120 2957 255 3028 ἐπισκοπὴν
276 2956 356 3036 ψήφῳ
369 2961 443 3034 κοινῇ
459 2961 505 3027 τῆς
521 2955 627 3015 συνόδου
643 2961 689 3028 τῆς
701 2957 886 3036 Ἀλεξανδρέων
931 2956 1028 3008 eadem
1044 2965 1123 3009 nocie
1133 2951 1261 3024 sracltttti
1275 2955 1440 3020 ostenderet,
1457 2957 1537 3025 quasi
1548 2955 1623 3025 quod
1637 2972 1707 3024 getis

120 3046 269 3123 πληροῦται·
288 3043 316 3110 δς
336 3043 427 3114 ἐπειδὴ
444 3043 488 3100 τόν
502 3044 596 3100 οἰκεῖον
615 3042 766 3122 κατειλήφει
786 3045 884 3123 θρόνον,
932 3046 993 3113 ipra
1003 3059 1035 3094 eo
1048 3041 1366 3114 telontnltapnesumat.
1378 3040 1435 3093 Hoc
1446 3038 1707 3094 Priscusliistoricur

123 3129 232 3204 μέγιστος
250 3130 296 3188 καὶ
317 3129 471 3194 ἀνύτοιστος
484 3129 598 3208 τάραχος
616 3132 654 3210 τῷ
675 3130 751 3209 δήμῳ
766 3131 887 3202 διανέστη
933 3145 1003 3182 nera
1016 3145 1045 3180 se
1058 3128 1127 3181 dicit
1138 3133 1313 3182 attestatione
1320 3123 1454 3198 probare.

123 3215 180 3290 πρὸς
204 3215 339 3296 διαφόρους
359 3215 541 3296 κυμαινομένῳ
563 3215 677 3292 γνώμας.
705 3219 741 3278 Οἱ
763 3217 810 3294 μέν
838 3216 888 3298 γάρ

124 3301 257 3381 Διόσκορον
270 3301 411 3373 ἐπεζήτουν
423 3294 481 3378 (οἶά
498 3325 547 3379 περ
566 3303 632 3370 elale
651 3305 677 3360 έν
696 3305 749 3370 τοῖς
766 3303 888 3371 τοιούτοις

125 3384 245 3465 γίνεσθαι)
254 3431 264 3462 ,
278 3388 340 3447 otti
355 3389 498 3468 Προτερίου
510 3391 582 3466 μάλα
591 3394 712 3464 γεννικῶς
724 3389 887 3468 ἀντείχοντο,
973 3398 1040 3450 Exc.
1055 3399 1097 3451 De
1116 3397 1171 3468 leg.
1186 3397 1271 3450 Rom.
1288 3413 1318 3468 p.
1336 3395 1372 3464 73
1389 3414 1395 3448 :
1416 3389 1480 3451 Ὅτι
1503 3391 1641 3471 Γεζερίχου
1662 3393 1709 3460 τήν

126 3473 210 3536 &rui
225 3475 314 3534 πολλά
322 3475 367 3532 καί
381 3475 513 3546 ἀνήκεστα
532 3479 676 3555 προελθεῖν.
699 3477 810 3554 Ἱστορεῖ
829 3483 889 3552 γοῦν
934 3477 1044 3553 Ῥόιμην
1077 3479 1270 3556 πορθήσαντος,
1299 3478 1344 3536 καὶ
1376 3477 1556 3557 βασιλεύοντος
1594 3475 1709 3548 Ἀβίτω,

128 3559 254 3638 ΙῙρύσιοςθ
265 3562 352 3641 βήτωρ
365 3567 459 3642 φθῆναι
474 3569 616 3634 τηνικαῦτα
628 3566 652 3630 ές
666 3563 712 3635 τήν
724 3563 889 3643 Ἀλεξάνδρου
934 3565 1107 3644 Μαρκιανὸςδ
1124 3569 1174 3622 τῶν
1186 3569 1231 3635 τῆς
1248 3563 1283 3622 ἕω
1301 3563 1438 3640 Ῥωμαίων
1452 3563 1573 3642 βασιλεὺς
1584 3563 1657 3641 παρὰ
1666 3563 1710 3621 τὸν

127 3647 154 3704 ἐκ
174 3652 217 3718 τῆς
237 3653 289 3707 τῶν
311 3647 439 3720 Θηόαίων
459 3649 602 3729 ἐπαρχίας,
618 3651 679 3708 ἰδεῖν
698 3645 784 3708 τέ’τδν
808 3653 889 3728 δῆμον
935 3654 957 3711 Γ
959 3652 1071 3731 εζέριχον
1084 3651 1128 3709 τδν
1141 3655 1190 3709 τῶν
1204 3651 1345 3722 Βανδήλων
1360 3651 1476 3731 άρχοντα
1488 3651 1609 3730 πρέσόεις
1622 3650 1710 3708 ἔστελ·

289 2761 338 2797 aa.
364 2741 583 2816 (453lliarcian.
600 2743 709 2816 ani.)

1103 3272 1151 3329 nt..
1175 3263 1264 3341 (456.
1281 3265 1413 3320 Mareian.
1430 3283 1476 3320 an.
1492 3264 1537 3338 7.)

125 3808 278 3870 drepnobiia
285 3813 393 3862 barbaris
401 3813 537 3862 nuntiatum
548 3817 629 3874 aaa
638 3815 732 3866 obsides
741 3816 889 3879 eripuerunt,
910 3835 915 3915 γ
936 3815 976 3878 qni
989 3815 1094 3865 meando
1108 3818 1180 3864 renio
1193 3817 1228 3864 usi
1242 3816 1301 3864 adeo
1318 3828 1429 3878 prospere
1444 3815 1596 3876 navigarunt,
1609 3819 1635 3863 ιιι
1644 3819 1712 3864 serta

125 3889 268 3950 ειτεςῖουεειι
280 3889 601 3953 exmrsioaibustasiaront.
936 3896 988 3952 post
1005 3891 1089 3942 dicad
1108 3905 1218 3953 magnam
1230 3891 1447 3940 alexandrinorum
1467 3891 1550 3940 urbem
1567 3890 1710 3952 appulerint.

480 3973 524 4021 at.
937 3971 1028 4020 Deinde
1047 3984 1124 4032 quum
1141 3971 1228 4020 milites
1246 3970 1392 4032 petulantius
1409 3969 1538 4019 illuderent
1556 3969 1670 4018 uxoribus
1687 3971 1712 4018 et

154 4051 694 4114 Protaiascommuniiatiussynodisuiiragio
705 4054 893 4103 Alexandrinum
936 4049 1029 4097 filiabus
1049 4049 1278 4109 Alexandrinorum,
1297 4047 1375 4096 multo
1392 4047 1499 4108 gratiora
1518 4059 1592 4109 quam
1609 4047 1712 4095 antebac

123 4127 278 4189 τρῖιοοριιιιιιι
290 4127 398 4176 sortitur.
411 4129 459 4184 Qui
468 4141 543 4189 quum
553 4129 633 4178 sedem
642 4143 710 4178 suam
721 4131 892 4192 capessivisset,
935 4126 1072 4187 perpetrata
1083 4137 1141 4173 esse.
1153 4124 1259 4174 Tandem
1271 4137 1328 4172 tero
1340 4123 1453 4185 populum
1465 4123 1490 4172 in
1504 4123 1568 4172 circo
1584 4137 1711 4185 congrega-

122 4201 202 4262 inem
211 4207 282 4266 aleae
293 4204 449 4252 intolerabilis
457 4207 556 4254 exortus
568 4207 604 4254 est
618 4206 737 4254 tumuitus
746 4206 771 4254 in
782 4207 893 4264 civitate,
938 4205 991 4252 ιιιιιι
1003 4216 1095 4264 rogasse
1109 4203 1220 4261 Florum,
1239 4201 1281 4263 qui
1292 4205 1351 4250 tunc
1360 4202 1412 4250 dax
1420 4201 1453 4250 rei
1465 4201 1574 4251 militaris
1585 4215 1625 4262 per
1638 4205 1710 4262 κάμν-

123 4282 208 4341 popolo
214 4283 237 4330 ia
246 4282 353 4330 disoesas
359 4284 487 4334 sententias
494 4282 615 4332 distracto.
629 4285 672 4333 tilii
680 4286 743 4334 enim
753 4287 893 4334 Dioscorum
939 4284 1048 4344 ptum,et
1060 4282 1187 4343 prta-iectus
1197 4280 1327 4330 simulent
1340 4280 1535 4342 Alexandriani
1546 4281 1711 4341 parabitionem

122 4357 279 4419 requirebant,
289 4361 317 4406 ut
329 4359 354 4406 ia
370 4358 507 4421 hujusmodi
518 4361 683 4410 occasionibus
699 4361 749 4410 fieri
760 4364 834 4423 sotet;
853 4362 893 4411 atii
937 4357 1191 4420 annonae,quamipsis
1200 4357 1336 4418 ademerat,
1351 4358 1553 4411 restituicuraret,
1562 4357 1645 4406 balnea
1655 4359 1712 4406 item

123 4434 252 4482 Pmterium
266 4435 419 4494 perimaciter
434 4435 601 4495 defendebant,
613 4437 673 4486 adeo
685 4439 712 4485 ut
723 4433 799 4488 muita
810 4439 894 4488 admo·
937 4441 961 4488 et
974 4437 1110 4500 spectacula
1121 4439 1145 4486 et
1156 4449 1306 4498 quecunque
1318 4437 1373 4497 ipsis
1385 4436 1464 4484 ablata
1474 4437 1568 4484 iuuant
1578 4436 1609 4485 ab
1618 4435 1712 4484 seditio·

122 4505 179 4555 dum
190 4509 270 4568 gracia
285 4523 315 4558 ac
330 4523 405 4571 prope
421 4511 559 4560 insanabilia
571 4512 625 4561 iude
641 4512 805 4574 profluxerint.
823 4517 895 4564 Certe
937 4527 992 4563 nem
1003 4515 1035 4563 ab
1051 4514 1107 4576 ipsis
1120 4513 1272 4561 concitatam.
1284 4512 1383 4561 Florum
1401 4525 1474 4572 rere,
1487 4524 1560 4560 suasu
1574 4517 1598 4562 et
1613 4501 1712 4560 consitio

125 4585 301 4636 Ρήαυιιετιιειοι
309 4588 444 4636 iniiistoria
453 4601 497 4638 saa
505 4589 596 4648 scribit,
606 4590 641 4638 bis
650 4591 797 4653 temporibus
803 4593 895 4642 reabse
938 4592 1027 4651 Prisci,
1039 4591 1224 4652 inconspectum
1235 4589 1318 4652 populi
1332 4583 1461 4652 prodiisse,
1472 4603 1546 4652 seque
1557 4589 1579 4638 id
1593 4591 1711 4638 iacturum

124 4673 147 4708 st
159 4662 324 4712 tkmdriam
339 4677 370 4712 ex
381 4666 503 4726 provincia
513 4666 646 4725 Thebaide,
657 4669 681 4715 et
694 4667 774 4728 popuii
783 4668 893 4717 multiiu-
939 4667 1089 4729 promisisse,
1104 4670 1179 4728 atque
1188 4667 1224 4714 ita
1230 4665 1371 4715 seditionem
1387 4665 1454 4716 brevi
1466 4665 1608 4716 dissolvisse.

125 4737 201 4788 ιιῖιιεαιι
210 4741 325 4802 impetum
334 4741 358 4790 in
369 4743 520 4803 magistratus
529 4745 653 4794 facientem
662 4745 754 4794 vidisse.
766 4748 895 4808 Quumque
1305 4749 1350 4800 tt.

128 4815 209 4864 atita
217 4817 358 4866 seditiomm
375 4819 481 4868 inhibere
490 4821 588 4882 velicat,
600 4821 715 4882 populato
727 4835 768 4870 eas
778 4822 895 4883 lapidibus
969 4831 1097 4890 postquam
1104 4829 1244 4879 cemicas
1252 4832 1352 4878 pomam
1359 4831 1500 4886 vastaverat,
1506 4827 1651 4888 imperioque
1658 4828 1711 4876 Avi.

129 4893 260 4952 Wllffle
269 4897 293 4943 el
302 4896 326 4944 in
336 4895 416 4956 lutam
423 4897 534 4946 recisse:
544 4901 568 4946 et
576 4911 650 4958 ouum
657 4898 772 4946 millissin
779 4899 894 4961 templum
938 4908 976 4954 ius
983 4907 1072 4968 potitus
1079 4909 1137 4965 erat,
1147 4906 1289 4960 iteraturus,
1299 4909 1459 4956 Romanorum
1468 4904 1626 4954 Orientalium
1636 4906 1710 4965 impe·

130 4969 190 5026 pind
198 4971 253 5020 οιὶιιι
260 4971 337 5021 tanat
347 4975 466 5035 serapidis
473 4989 500 5024 se
509 4976 661 5037 recepissent,
672 4977 787 5037 poputum
797 4991 838 5026 ees
847 4977 895 5027 illic
938 4985 1011 5043 rator,
1018 4983 1206 5034 adGcasericum
1214 4980 1711 5045 iegatosmisit,qttijuberentcumabitalia

130 5046 239 5099 obedias
250 5052 346 5100 etriros
355 5065 525 5103 concrenusse.
536 5059 569 5104 Fa
579 5069 603 5102 rc
612 5055 704 5116 ουρινῖιο
711 5092 719 5116 ,
727 5056 894 5117 imperatorem
938 5059 1050 5107 tutanda
1060 5060 1188 5120 abstinere,
1198 5065 1223 5108 et
1234 5075 1332 5109 uxorem
1341 5059 1496 5108 Valentiniani
1507 5056 1676 5118 (dedectens)
1687 5063 1711 5108 et

129 5123 173 5173 ιιιιο
181 5127 251 5178 nibia
260 5130 376 5190 militum,
388 5131 519 5192 quiracus
528 5133 654 5195 mascripti
661 5136 739 5196 erant,
749 5148 777 5184 co
785 5134 875 5185 nrisisse
887 5155 892 5184 :
937 5137 988 5197 eius
996 5135 1054 5186 litias
1062 5137 1071 5198 (
1079 5137 1257 5187 Eudosiemet
1265 5135 1412 5187 Placidiam
1419 5135 1461 5196 tin
1467 5132 1627 5196 captivitatem
1637 5135 1710 5184 abda·
