3830 5720
232 329 288 380 262
787 322 991 384 ΜΕΝΑΝΠΠΙ
1015 321 1275 385 Puoiseiouis

228 444 407 533 ᾔένεφέρετο,
421 453 456 513 ὡς
468 449 616 530 Ταχοσδρύι
626 451 701 522 δῆθεν
711 443 933 531 γεγραφότος,οία
945 457 1005 514 deu·
1051 459 1096 514 τοῦ
1113 455 1238 536 ψεύδους,
1259 445 1325 514 ⁸³ss
1338 455 1463 534 Ἀνὸίγαν,
1481 457 1541 539 ἐφη,
1559 461 1601 520 οθκ
1618 465 1641 520 ἐν
1653 467 1686 523 τιῗι
1701 469 1784 529 inuris
1866 445 1867 470 ὁ

229 536 321 597 θίκτου
333 537 411 608 οὔσης
423 541 469 606 τῆς
485 539 595 618 Περσῶν
607 545 745 617 στρατιᾶς,
759 539 833 614 μάλα
845 562 873 598 τε
883 541 1006 621 ὁρμώσης
1050 541 1080 600 τὸ
1095 541 1204 656 ἐχίφρον
1217 542 1355 620 δηλοῦται,
1369 543 1483 618 μάλιστα
1497 549 1541 604 τοῦ
1553 526 1709 626 ἀπατωμέύου
1722 554 1785 623 ξυνει-

227 623 275 699 μέν
287 623 318 695 δὴ
331 623 454 700 ἐμῦαλεῖν
473 625 498 690 ἐς
508 624 555 694 τὴν
568 622 734 700 Ῥωμαικτίν.
747 629 864 686 Τοιαῦτα
877 627 1004 707 ψευδομί·
1051 627 1130 696 δὸτος.
1159 633 1184 690 Η
1199 628 1249 708 γὸρ
1259 627 1307 688 οίει
1321 653 1354 706 με
1367 631 1404 708 μὴ
1418 631 1607 712 ἐξεπίστασθαι,
1618 641 1650 704 ὡς
1665 639 1785 717 πλάσματά

226 733 271 782 νης
281 715 328 782 τῆς
341 712 493 786 ἐπιπολῆς,
509 709 678 790 συνεψεύδετο
690 720 744 778 τοῖς
758 714 950 792 γεγραμμένοις
959 716 1005 774 καί
1050 719 1106 776 ἐστι
1120 715 1154 775 τδ
1174 716 1224 776 tri
1243 719 1352 796 Περσῶν
1377 719 1544 798 πρασσόμενά
1563 747 1589 780 τε
1608 723 1649 781 καί
1668 727 1784 804 λεγόμενα,

225 798 395 878 ὁκονιορτὸς,
413 796 439 862 ὁς
455 800 492 876 τῷ
512 798 707 880 ἀγγελιαφὸριμ,
726 798 772 858 ἀπε
790 800 849 881 ἀρτι
871 801 1005 882 ἀφιγμένῳ
1050 805 1095 862 καί
1109 803 1182 862 ούὸἐν
1199 804 1284 883 ίτερον
1299 803 1432 877 ἢὸόκησις
1444 807 1488 865 καί
1504 811 1692 887 ἀποσκιάσματα
1703 813 1741 870 καὶ
1752 839 1786 894 φε·
1866 819 1867 822 ’

227 889 257 944 ἐκ
279 889 326 956 τῆς
345 885 509 962 ὁδοιπορίας,
527 887 764 961 συμπεπλασμένος
777 910 805 946 τε
824 887 870 946 καί
884 891 1003 958 ένιζοίνων
1049 891 1185 967 νακισμοί;
1199 890 1244 949 καί
1256 895 1291 958 ὡς
1303 893 1334 950 σθ
1347 893 1422 960 αύτδς
1436 893 1538 953 ἅπαντα
1551 901 1629 955 ταῦτα
1639 899 1788 976 ἐδραματούρ·

224 973 303 1039 πολθς
313 973 372 1052 περί
385 972 433 1044 πλν
442 972 527 1048 κόμην
536 976 664 1052 ὑπῆρχεν.
677 975 750 1051 Ἅμα
763 975 790 1034 δέ
803 975 1003 1056 καλὸἈνδίγαν
1049 1001 1147 1054 γησας,
1179 981 1269 1037 ἐννοῶν
1294 979 1448 1060 ἐκφούήσειν
1472 980 1628 1061 Ῥωμαίους;
1660 985 1736 1052 ὁιςδιν
1755 979 1789 1045 ούν
1866 1045 1867 1056 ,

225 1059 405 1137 διαλεγόμενος
419 1064 456 1140 τῷ
471 1059 527 1130 ἤθει
540 1061 706 1139 ὑπεκρίνετο,
719 1061 763 1120 καί
775 1067 808 1141 τῇ
821 1063 887 1142 άλλη
904 1065 1003 1136 κινήσει
1051 1065 1138 1142 βούλει
1155 1064 1200 1124 καί
1222 1065 1330 1144 ἀρεστὸν
1350 1088 1391 1124 σοι
1411 1066 1467 1140 είη,
1486 1067 1575 1147 ἐφίημι
1594 1073 1678 1128 ποιεῖν.
1694 1073 1757 1142 Πλὴν
1769 1066 1790 1131 ιθ

222 1153 267 1207 τοῦ
279 1147 400 1224 σώματος
414 1148 568 1226 ὑπεφαίνετο
580 1139 622 1205 οἶα
632 1147 669 1226 μὴ
682 1148 815 1227 ἐφιέμενος
826 1151 1004 1228 πολέμου.Τὸ
1048 1151 1117 1224 ίσθι,
1130 1156 1164 1219 ὡς
1183 1155 1209 1210 ἐν
1228 1157 1322 1231 ἀρχαῖς
1342 1155 1416 1212 τοῦδε
1436 1159 1481 1212 τοῦ
1496 1155 1607 1232 πολέμου
1627 1156 1752 1234 Ῥωμαίοις
1768 1184 1790 1218 τι

223 1234 290 1311 μετὰ
300 1239 383 1294 ταῦτα
392 1233 460 1292 κατδι
469 1235 500 1306 δὴ
511 1235 555 1292 τὸν
566 1234 687 1313 ξύλλογον
698 1234 788 1294 έαυτὸν
800 1240 951 1315 ἀναμιγνὺς,
958 1239 1001 1299 καί
1050 1241 1203 1319 ὁπλοφορεῖν
1213 1239 1406 1320 φορτικώτατύν
1416 1265 1442 1300 τι
1453 1243 1584 1321 ἐφαίνετο·
1597 1241 1660 1302 ὥστε
1671 1247 1749 1316 ἀμέλει
1757 1247 1792 1304 καί

222 1323 319 1402 ἔφασκε
329 1321 450 1401 Ζαχαρίορ
460 1366 467 1397 ,
478 1324 514 1388 ὡς
526 1323 658 1400 ἐνοχλοῖτο
671 1321 722 1380 ὁπὸ
735 1327 781 1382 τοῦ
792 1325 941 1405 Ταχοσδρὼ
957 1326 1003 1384 καλ
1048 1326 1175 1394 ἱκετείαις
1196 1327 1321 1406 χρώμεθα
1340 1331 1375 1395 ὡς
1389 1331 1469 1406 ὑμᾶς,
1491 1329 1528 1406 μὴ
1551 1333 1728 1404 ἀναγκασθῆναι
1741 1341 1793 1411 σφᾶς

222 1413 257 1476 ὡς
272 1408 401 1486 ἐσήμηνίν
413 1411 446 1481 οί,
458 1405 504 1478 τὴν
518 1409 665 1488 προθυμίαν
677 1414 722 1468 τοῦ
734 1416 846 1490 στρατοῦ
859 1403 925 1470 εἶναι
939 1413 1002 1490 ἀφύ·
1047 1411 1218 1471 ἐπιλαθέσθαι
1229 1411 1326 1475 ὅπλων.
1342 1414 1421 1474 Κατὸ
1439 1421 1559 1475 τοσοῦτον
1574 1415 1621 1496 γὸιρ
1635 1419 1659 1483 ἐς
1669 1418 1696 1476 τὸ
1713 1419 1792 1476 ἀπόλε-

222 1517 310 1574 ρητον,
322 1495 523 1574 ἐγχαλινοῦσθαί
532 1517 560 1554 τε
570 1495 707 1572 ἀδύνατον,
718 1501 793 1556 τοῦτο
801 1495 848 1573 μέν
859 1499 1002 1567 ἐνπολλαῖς
1048 1521 1098 1575 μον
1109 1499 1316 1578 ἐπιρρεπέστατα
1329 1492 1410 1580 εἶχον,
1424 1505 1460 1568 ὥς
1471 1503 1516 1562 καί
1528 1504 1602 1584 ἄχρις
1614 1503 1741 1578 Ἀπαμείας
1748 1505 1794 1562 ἐλά·

221 1584 330 1663 μυριάσι
348 1581 536 1658 ξυνισταμίνης
548 1587 595 1653 τῆς
613 1585 746 1662 Περσικῆς
765 1584 911 1664 δυνάμεως,
925 1592 1003 1646 τοῦτο
1046 1607 1090 1644 σαι
1106 1586 1225 1665 Πέρσας,
1239 1586 1284 1645 καὶ
1299 1586 1346 1662 μέν
1356 1579 1400 1646 οῦν
1413 1587 1475 1667 ἀχρι
1487 1593 1566 1661 αὐτῆς
1578 1613 1608 1668 γε
1620 1590 1698 1660 δήπου
1712 1591 1792 1649 ’.λντιο-
1866 1619 1867 1628 ¹

220 1669 248 1728 δέ
258 1671 303 1728 καὶ
313 1673 338 1736 ἐς
346 1669 379 1728 τὸι
390 1671 506 1746 μάλιστα
517 1670 621 1745 ίεμίνης
631 1670 677 1741 τλν
687 1669 829 1748 Ῥωμαίων
841 1671 946 1731 ἅπασαν
956 1674 1001 1732 καί
1065 1672 1127 1739 είας.
1145 1673 1236 1748 ‘inm
1247 1696 1276 1731 τε
1293 1674 1357 1753 πρὸς
1370 1681 1454 1732 ταῦτα
1467 1681 1504 1752 μὴ
1524 1679 1745 1756 θποχαλασάντοιν,
1760 1679 1794 1755 ἀφ’

220 1757 252 1828 δὴ
264 1757 414 1836 παραυτίκα
434 1757 628 1837 πυρπολήσειν·
640 1757 684 1816 καί
699 1760 744 1833 ὡς,
759 1761 781 1816 εί
803 1757 850 1834 μέν
869 1758 999 1838 Ῥωμαῖοι
1045 1695 1075 1817 ὁὸ
1096 1761 1249 1831 ἠσπάσαντο
1271 1759 1402 1838 Ῥωμαῖοι
1415 1763 1445 1820 τὸ
1463 1765 1659 1841 ἐθελοκίνδυνον,
1680 1755 1746 1840 οίμαι
1766 1763 1795 1838 μὴ

219 1843 329 1921 ἐλοιντο,
339 1848 397 1904 καθ’
408 1845 436 1902 δν
451 1845 483 1902 ἀν
495 1844 628 1923 βούλοιντο
639 1843 734 1922 τρόπον
746 1845 863 1925 Πέρσαι,
880 1849 998 1923 ἐμπεδ”-
1046 1848 1145 1926 ἀγνοεῖν
1162 1847 1280 1924 Πέρσας,
1295 1851 1329 1914 ὡς
1342 1848 1400 1907 ούδέ
1423 1849 1516 1928 μέχρις
1532 1853 1615 1910 αὐτῶν
1629 1855 1677 1908 τῶν
1693 1851 1797 1927 μεθορίων

221 1952 267 1988 σαι
277 1929 323 1997 τὸς
336 1929 462 2002 σπονδὸς,
472 1930 611 2012 ἀφέξεσθαι
623 1935 674 1988 τῶν
685 1930 782 1990 ὁπλων·
793 1935 815 1990 εί
825 1932 852 1992 δέ
861 1956 891 2011 γε
901 1936 930 1992 ού
943 1934 1000 2012 βού-
1046 1933 1176 2011 ἀναιμωτί
1190 1925 1238 1992 οίοι
1253 1935 1367 2012 ἐγένεσθε
1380 1937 1530 2016 ἀφικέσθαι.
1542 1941 1597 1998 Νῦν
1608 1941 1666 2015 γοῦν
1678 1938 1796 1994 nemrim·

220 2017 314 2086 λοιντο,
329 2015 504 2096 ξυγχωρήσειν
521 2018 592 2096 αύτῷ
603 2017 727 2092 ἐμῦαλεῖν
737 2024 904 2099 παραχρῆμα
916 2023 941 2086 ἐς
951 2021 998 2092 τὴν
1046 2019 1130 2096 μένων
1146 2019 1260 2100 ἀκριύῶς
1279 2019 1422 2097 Ῥωμαίων
1440 2023 1484 2081 τὸν
1498 2024 1625 2101 πόλεμον,
1645 2021 1799 2102 θαρραλέοιτί

218 2101 285 2181 ἐῴαν
298 2101 456 2178 Ῥωμαίων·
467 2101 524 2161 ούὸἐ
535 2102 586 2182 γὸρ
599 2103 710 2172 ἀνθέξειν
722 2106 815 2172 αὐτοὺς
824 2107 873 2166 κάν
884 2114 945 2186 γοῦν
955 2108 998 2166 τὸν
1043 2110 1123 2184 ἐσμεν
1142 2107 1188 2167 καί
1202 2105 1347 2180 εὐέλπιδες,
1364 2113 1415 2184 ὡς,
1430 2110 1483 2186 είγε
1502 2112 1605 2181 κινήσοι
1625 2114 1639 2168 ὁ
1660 2107 1799 2188 Ταχοσδρὸι,

217 2186 316 2247 κτύπον
328 2192 379 2248 τῶν
393 2193 526 2270 ραρετρῶν
540 2194 586 2248 τοῦ
604 2191 734 2268 Περσικοῦ
754 2192 908 2252 ἀκούσεσθαι
924 2195 996 2265 πλή-
1044 2193 1210 2252 ὑπαντιάσειν
1234 2195 1257 2252 oi
1276 2196 1302 2252 ἐν
1327 2197 1412 2262 αὐτοῖς
1432 2219 1461 2276 γε
1481 2197 1570 2266 δήπου
1589 2198 1641 2264 τοῖς
1662 2197 1732 2275 ὁρίοις
1751 2196 1799 2273 δόρυ

216 2279 287 2340 θους.
303 2271 404 2343 Ἄλλως
417 2298 446 2334 τε
461 2274 488 2332 δέ
502 2275 612 2334 δεδιέναι
623 2273 671 2346 τὴν
683 2282 728 2336 τοῦ
742 2280 801 2336 κατ’
814 2279 907 2346 αύτούς
920 2285 995 2358 βασι·
1044 2279 1195 2357 Ῥωμαϊκὸν
1210 2273 1238 2339 εδ
1250 2282 1322 2357 μάλα
1339 2284 1512 2362 τεθηγμένον,
1528 2287 1660 2366 διατιτρᾶν
1672 2285 1715 2349 τὸις
1730 2281 1800 2340 λαπά·

217 2363 282 2428 λέως
296 2362 374 2440 ἀργὴν
386 2367 411 2428 ἐς
423 2361 515 2442 χρόνον
527 2363 632 2421 τοσόνδε
648 2363 874 2442 ἀναύαλλομένους
888 2367 932 2424 τὸν
945 2368 997 2426 πὸ-
1044 2387 1090 2445 ρας
1104 2359 1185 2426 οἷόντε
1205 2365 1233 2425 δν
1249 2369 1339 2430 αὐτοῦ.
1359 2369 1405 2437 Ὦς
1419 2362 1464 2429 ούν
1480 2363 1511 2429 τύ
1533 2370 1731 2448 ἐξεπισταμένων
1742 2369 1800 2429 Ῥω-

216 2451 305 2524 λεμον.
324 2449 404 2509 Ούτω
424 2441 527 2525 μένούν
556 2449 703 2528 ὁἌνδίγαν
724 2450 888 2532 δολερύτατά
906 2475 934 2511 τε
952 2455 998 2513 καί
1043 2454 1129 2532 μαίων
1150 2454 1210 2521 τούς
1230 2457 1342 2535 Περσῶν
1363 2457 1464 2530 ἀύλους,
1479 2467 1582 2539 πρᾶττε
1603 2458 1678 2518 οὕτω.
1693 2456 1802 2517 ιΤούιωι

218 2536 432 2604 ἀλαζονικύτατα
448 2541 486 2616 τῷ
505 2536 601 2617 κόμπῳ
615 2537 781 2616 χρησάμενος
793 2542 844 2597 τῶν
859 2540 996 2620 ῥημάτων,
1042 2533 1086 2601 ούν
1107 2541 1153 2600 καὶ
1172 2541 1268 2621 ἑτέρων
1290 2542 1420 2602 πλείστων
1440 2545 1590 2624 εἰρημένων
1610 2544 1665 2622 μέν,
1685 2542 1760 2620 μάτην
1781 2539 1803 2597 ὁέ

217 2620 362 2682 ἐπλάττετο
374 2622 459 2681 έκοντὶ
471 2622 509 2700 μὴ
517 2623 670 2702 προσίεσθαι
681 2629 726 2682 τοῦ
738 2624 854 2702 πολέμου
866 2625 896 2684 τὸ
907 2626 996 2696 αύτεξ·
1042 2628 1112 2704 ὅμως
1124 2631 1251 2708 (προῆλθε
1263 2629 1315 2708 γὸρ
1332 2629 1404 2688 οὐδὲν
1425 2633 1530 2707 ὁτιοῦν)
1544 2677 1553 2708 ,
1568 2632 1627 2690 τύτε
1643 2629 1771 2708 Μαυρικίῳ
1783 2629 1804 2683 ἐν

216 2706 312 2770 ούσιυν.
339 2709 429 2776 Συνείς
454 2709 481 2768 δέ
505 2710 550 2768 καί
577 2711 712 2790 Ζαχαρίας
733 2712 764 2770 τὸ
787 2713 923 2786 ἀπαεηλὸν
945 2719 997 2772 τῶν
1041 2715 1181 2793 γράμμασι
1197 2717 1271 2788 δηλοῖ
1289 2715 1425 2794 Ζαχαρίας
1439 2717 1584 2797 ἀφικέσθαι
1596 2721 1622 2785 ἐς
1637 2719 1669 2776 τά
1681 2717 1727 2796 πρὸ
1739 2718 1802 2775 Κυιν-

218 2795 369 2876 είρημένων,
383 2796 428 2856 καί
448 2796 496 2868 τὴν
513 2798 691 2876 κομπολογίαν
711 2798 909 2878 παραπέτασμα
930 2791 996 2860 εἷναι
1042 2801 1179 2873 σταντίνης
1191 2801 1286 2878 πεδία,
1301 2793 1344 2860 οίιι
1358 2800 1390 2873 δὴ
1402 2805 1486 2862 ἐκεῖσε
1496 2804 1544 2864 τὸν
1557 2805 1672 2882 πόλεμον
1684 2799 1805 2882 bopponi·

216 2958 314 3008 seenlm
327 2959 408 3006 solurn
422 2959 592 3020 impedimento
602 2959 674 3009 luisse
694 2959 852 3021 pmdicabat,
869 2962 998 3023 quominus
1042 2962 1143 3013 tulerint
1151 2963 1241 3013 beilum
1257 2976 1347 3025 gerere.
1357 2965 1393 3016 sd
1403 2965 1584 3017 umcmodnm
1594 2961 1807 3028 Andlgendolosoet

217 3036 368 3086 Tsclrosdrus
381 3050 464 3086 onmes
479 3041 642 3087 liumsuorurn
658 3051 728 3099 egros
748 3038 795 3100 igni
816 3039 928 3102 lerroque
944 3053 998 3102 pro-
1042 3041 1196 3104 mugniioquo
1214 3041 1345 3091 verborum
1363 3042 1426 3092 lustu
1444 3045 1534 3106 utens,
1548 3044 1676 3094 simulebst
1684 3041 1772 3092 minime
1786 3051 1807 3086 se

216 3115 343 3166 scinderet.
355 3119 418 3166 Tum
429 3117 490 3166 iorte
502 3115 586 3165 οοθοιιι
603 3117 725 3177 tempore,
737 3129 786 3178 quo
803 3129 859 3166 cum
871 3117 911 3166 ilio
924 3117 997 3168 verbe
1043 3118 1140 3168 volente
1155 3117 1246 3168 bellum
1257 3117 1323 3180 lieri,
1337 3119 1404 3182 qnod
1410 3122 1498 3181 sponte
1510 3123 1657 3183 erupturum
1664 3121 1731 3169 esset.
1740 3120 1808 3174 ΟΜ

217 3193 334 3254 iaciebat,
345 3207 375 3242 ex
396 3193 529 3254 compositu
544 3192 569 3241 in
587 3205 672 3242 eorum
687 3195 840 3255 conspectum
852 3195 919 3244 venit
933 3207 998 3244 unus
1041 3197 1122 3244 sulem
1136 3195 1263 3244 zacharias
1284 3195 1342 3246 sniis
1358 3196 1504 3258 intelligeret
1524 3198 1637 3248 irsudem
1658 3209 1710 3260 que
1728 3193 1810 3244 subest

216 3273 307 3331 erbis,
323 3275 492 3335 quorumeunt
505 3275 584 3334 partes
595 3272 648 3322 citis
658 3275 726 3334 cquis
741 3272 997 3334 sisquiure,etnun-
1041 3271 1079 3322 his
1099 3284 1155 3340 qum
1174 3271 1281 3334 indigen
1294 3271 1438 3335 dixemt,et
1455 3275 1583 3337 exquisito
1596 3274 1722 3324 uerborum
1736 3270 1808 3319 ornsln

216 3351 263 3400 lios
279 3363 395 3412 equorum
405 3349 532 3399 velocitate
546 3349 660 3411 perterre,
671 3349 712 3411 qui
723 3362 750 3399 ee
764 3348 926 3399 s'isclrosdro
937 3349 996 3398 mb-
1041 3348 1117 3410 queri
1131 3349 1237 3398 colorem
1249 3350 1274 3399 et
1289 3351 1435 3410 pretorium
1448 3351 1618 3412 nondecim«
1636 3353 1658 3401 0
1670 3348 1776 3410 indigen,
1785 3344 1812 3392 ll·

215 3441 269 3476 sum
285 3427 397 3489 lingebat.
415 3431 438 3476 ls
458 3425 566 3486 indigen
586 3428 679 3474 secreto
692 3424 803 3484 abducit,
818 3425 993 3487 etepistolsm,
1041 3426 1107 3488 quit,
1121 3439 1171 3476 non
1185 3425 1210 3474 in
1219 3424 1360 3486 decipiendo
1376 3425 1506 3489 prudentie
1527 3427 1676 3488 declaretur,
1693 3419 1811 3476 nissimeu'

214 3507 331 3566 tanquam
343 3503 503 3553 sTschosdro
512 3502 641 3562 scripturn,
660 3501 742 3552 trsdit.
757 3504 808 3550 llsc
818 3501 995 3565 continebatur,
1040 3501 1110 3565 isqui
1120 3502 1246 3565 decipitur,
1256 3501 1281 3550 id
1290 3501 1355 3564 quod
1364 3503 1442 3564 sgitrrr
1453 3501 1586 3566 intelliget.
1601 3507 1665 3554 lium
1676 3496 1811 3552 enimesisli·

215 3581 347 3630 exercitum
360 3582 485 3628 Persarum
494 3577 593 3626 minime
606 3578 722 3627 contineri
739 3591 823 3640 posse,
834 3579 892 3639 qulu
905 3580 996 3628 lionis·
1040 3582 1268 3643 musmeigncrsre,
1278 3581 1323 3630 ists
1330 3582 1426 3642 omnis,
1437 3595 1494 3644 quse
1504 3587 1588 3634 Persre
1597 3585 1683 3634 dieunt
1693 3586 1716 3633 el
1726 3580 1812 3635 iaciunt,

214 3668 302 3705 norum
311 3658 386 3704 terres
394 3653 492 3703 lnrsdst
509 3656 533 3702 et
549 3655 573 3703 in
583 3666 624 3702 ess
634 3653 750 3715 impetum
763 3653 843 3704 lecim.
855 3655 917 3704 linic
925 3668 995 3706 men·
1040 3671 1091 3709 esse
1103 3673 1141 3710 res
1151 3660 1233 3719 lictus,
1244 3671 1323 3721 neque
1339 3659 1423 3721 uliud,
1439 3673 1517 3723 quem
1536 3662 1714 3712 simulationem
1726 3663 1747 3708 et
1760 3659 1814 3706 artes

214 3735 268 3784 rlnci
277 3733 384 3796 epistcdse
394 3733 419 3782 et
433 3733 482 3792 liis,
492 3745 547 3795 qure
557 3732 583 3780 iu
595 3732 636 3780 ills
651 3732 739 3792 scripte
750 3734 834 3793 ment,
848 3734 996 3794 congruebat
1040 3741 1064 3786 ei
1075 3738 1270 3799 monstrandus,
1281 3750 1341 3799 ques
1350 3739 1377 3788 tu
1391 3739 1441 3800 ipse
1450 3742 1613 3790 commentus
1622 3753 1662 3802 es,
1671 3742 1700 3788 ut
1711 3741 1816 3788 liomenoe

215 3811 308 3872 pulris,
321 3811 362 3872 qui
374 3810 470 3872 nuntio,
481 3812 599 3871 unquam
610 3821 693 3858 recens
701 3809 732 3858 de
745 3809 784 3857 ris
794 3809 947 3872 adventanti,
964 3826 995 3862 ex
1040 3815 1235 3876 perterrefacias?
1244 3815 1290 3866 sel
1299 3827 1348 3864 nun
1364 3814 1463 3878 isdem,
1475 3817 1539 3866 milri
1557 3816 1645 3876 crede,
1655 3815 1717 3876 nuod
1730 3809 1816 3860 τοίοισι

215 3887 315 3937 λούοιτο
324 3887 415 3950 capillis
426 3887 517 3936 multus
529 3885 612 3936 inerut.
623 3885 728 3947 nndgsn
742 3899 839 3948 quoque
848 3899 904 3936 cum
911 3889 996 3938 nuntio
1039 3891 1083 3940 tibi
1093 3891 1186 3941 libitum
1203 3891 1256 3941 erit
1266 3893 1297 3941 nt
1308 3894 1337 3940 tu
1345 3891 1415 3950 seito,
1427 3891 1499 3942 initio
1508 3894 1614 3955 quidem
1627 3893 1700 3954 buirus
1713 3889 1765 3940 belli
1778 3888 1816 3936 uo

215 3965 345 4026 disserens,
355 3967 450 4015 uultum
459 3965 630 4026 componebat,
644 3966 669 4013 et
686 3964 752 4012 omni
762 3967 869 4027 corporis
879 3969 946 4016 motu
962 3968 995 4016 si·
1039 3968 1117 4018 menis
1129 3981 1200 4030 greve
1209 3971 1234 4018 et
1245 3967 1334 4017 durum
1349 3967 1420 4018 lbisse
1432 3968 1463 4017 nd
1480 3982 1555 4020 srms
1573 3970 1691 4032 gesmnds
1708 3964 1816 4017 derenire.

216 4045 339 4106 muiubut,
349 4059 375 4094 se
385 4044 483 4094 minime
497 4043 587 4093 bellum
596 4047 716 4106 appetere
728 4045 758 4092 Et
768 4043 850 4105 paullo
857 4047 910 4106 post
919 4058 994 4106 quum
1039 4045 1134 4094 Etenim
1144 4057 1187 4094 vos
1194 4044 1417 4106 depromimus,
1425 4058 1456 4094 ue
1465 4059 1495 4095 eo
1504 4061 1560 4096 rem
1570 4045 1738 4102 adducentis,
1748 4044 1773 4088 ul
1781 4049 1817 4088 ιω

216 4122 246 4172 nd
256 4121 403 4183 colloquium
419 4121 539 4181 rediisset,
550 4119 671 4169 zscbsrim
683 4120 760 4182 dixit,
777 4120 823 4169 sibi
834 4122 935 4170 moleste
945 4134 996 4172 ense
1039 4135 1106 4170 arms
1117 4135 1204 4183 cepere
1215 4122 1340 4184 cogeretis.
1354 4125 1424 4172 Tunc
1434 4123 1502 4172 euim
1515 4125 1626 4174 Romeui
1635 4123 1666 4174 ad
1676 4120 1818 4173 museum

216 4214 298 4262 uuaes
313 4199 453 4250 'iuclrosdro
471 4200 656 4248 nuntiarentur:
670 4199 758 4248 etenim
774 4211 816 4260 per
832 4197 912 4248 literss
926 4198 995 4260 signi-
1038 4198 1127 4247 sbellu
1140 4211 1256 4260 propense
1273 4197 1420 4260 tenebuntur,
1438 4199 1467 4248 ut
1478 4205 1640 4262 npsmerun,
1657 4199 1731 4248 immo
1745 4199 1768 4244 et
1777 4199 1818 4242 tlt·

217 4279 303 4339 ficere,
320 4275 486 4326 incredibilem
499 4288 550 4324 esse
563 4275 651 4350 Persici
662 4276 782 4324 exercilus
792 4274 822 4324 sd
841 4275 994 4336 pugnantium
1038 4277 1153 4328 doctrinm
1165 4290 1243 4338 usquo
1264 4279 1343 4326 Perseo
1358 4289 1415 4326 cum
1426 4289 1501 4326 menn
1523 4279 1630 4329 militari
1643 4273 1757 4340 progressi
1770 4271 1818 4322 siit

216 4358 378 4414 elscritclem,
394 4367 449 4416 qure
468 4354 536 4403 nullu
547 4353 618 4402 modo
633 4353 759 4414 comprimi
778 4356 865 4414 posset.
880 4357 995 4404 Constare
1038 4356 1208 4413 Quumautem
1219 4352 1321 4403 lionuui
1329 4387 1337 4413 ,
1348 4353 1417 4403 robis
1433 4367 1483 4402 nou
1492 4354 1661 4412 cedentibus,
1670 4355 1755 4415 sponte
1767 4347 1819 4410 peri·

216 4439 343 4486 Peresrmu
360 4433 435 4481 eciem
453 4433 533 4480 multis
552 4432 677 4480 bominum
695 4431 815 4491 millibus,
829 4431 918 4494 quibus
935 4432 994 4481 nilrll
1038 4432 1119 4480 culum
1128 4430 1245 4491 subirent,
1256 4431 1317 4480 scire
1331 4443 1374 4480 vos
1382 4429 1477 4492 opinor,
1488 4443 1537 4481 vos
1549 4444 1602 4480 nou
1613 4433 1667 4480 sine
1677 4427 1785 4490 ιειικυίυθ
1795 4433 1821 4471 ⁰0

215 4511 281 4561 eliud
299 4511 331 4560 eit
343 4511 367 4558 in
381 4509 474 4569 animo,
487 4519 561 4571 quem
579 4509 604 4557 ln
622 4511 785 4558 Rornanorum
799 4507 859 4558 lines
877 4509 993 4570 impeturn
1037 4507 1067 4556 sd
1086 4507 1146 4556 lines
1155 4506 1253 4568 quidem
1262 4506 1386 4568 pervenire
1404 4507 1522 4568 potuisse.
1537 4509 1614 4558 ltune
1625 4508 1692 4557 euim
1703 4509 1765 4554 setes
1779 4499 1821 4550 bel·

216 4589 307 4646 lucere,
325 4599 412 4648 eosque
421 4585 468 4647 igni
487 4586 597 4646 ferroque
606 4587 714 4644 restare,
735 4584 789 4634 illos
808 4585 906 4646 quidem
921 4587 993 4634 ermis
1039 4587 1095 4636 lices
1103 4585 1236 4636 necessario
1246 4584 1489 4646 edocti,suduciores
1500 4585 1564 4635 iacti
1574 4588 1712 4643 sumns‚et
1720 4576 1822 4644 spednci·

215 4662 433 4726 temperaturos,si
446 4661 545 4710 Romani
560 4674 589 4710 es
598 4661 748 4718 conditione,
758 4673 806 4722 qus
822 4664 898 4712 Persou
913 4663 994 4712 roluc-
1039 4679 1102 4725 mur,
1111 4665 1131 4714 si
1143 4678 1168 4714 se
1178 4664 1336 4714 commoverit
1347 4663 1513 4724 'recbosdrus,
1529 4665 1636 4716 obuiam
1648 4665 1701 4727 ejus
1709 4657 1823 4712 muamus

216 4745 278 4802 rint,
289 4741 378 4790 imdera
390 4740 497 4788 iecerint.
510 4739 551 4787 sin
558 4739 703 4797 recusarint,
714 4751 740 4788 se
750 4739 796 4787 iliis
808 4739 992 4799 permissurum,
1037 4744 1062 4792 in
1069 4744 1125 4804 ipuis
1133 4742 1266 4791 confinibus
1274 4741 1360 4790 ituram
1370 4745 1539 4792 Romanorum
1547 4746 1652 4792 aculem
1661 4743 1754 4790 basiem
1761 4771 1768 4793 ι
1775 4747 1823 4796 que

216 4825 244 4870 ut
256 4825 375 4870 liomsnos
388 4819 419 4866 sri
433 4820 554 4866 orientem
570 4817 762 4879 aggrederentur.
774 4818 843 4876 Quod
854 4819 873 4866 si
885 4820 992 4879 accidet,
1038 4823 1101 4872 letus
1111 4823 1163 4881 eius
1179 4820 1247 4869 lucile
1258 4819 1389 4879 trsnsligst.
1402 4823 1482 4877 Quure
1499 4821 1537 4868 sie
1551 4834 1615 4882 age,
1634 4823 1664 4870 ut
1681 4812 1822 4868 memineris,

216 4901 336 4948 Romulos
347 4910 377 4945 ne
392 4894 475 4944 suditu
494 4894 590 4957 quidem
613 4895 664 4955 ipso
690 4896 816 4956 strepitum
828 4895 993 4956 pharetrarum
1038 4900 1158 4948 liomsuos
1167 4897 1240 4958 probe
1252 4909 1320 4944 nome
1333 4897 1458 4944 Persarum
1470 4896 1554 4946 dolos.
1570 4917 1583 4941 s
1596 4901 1649 4947 llos
1660 4899 1687 4946 et
1699 4891 1824 4958 plnreslur·

218 4977 318 5026 Persice
327 4973 488 5024 multitudinis
497 4975 646 5023 sustenturus
653 4987 712 5022 esse.
725 4975 753 5023 lli
763 4975 861 5036 tament,
870 4977 954 5026 timere
963 4989 993 5025 ne
1036 4975 1139 5036 jusruodi
1161 4975 1224 5024 inter
1239 4987 1264 5022 se
1283 4973 1420 5022 lrubuerunt
1437 4987 1577 5032 sermones,
1596 4975 1641 5024 sed
1659 4965 1823 5028 frustramini

217 5055 274 5103 inse
283 5054 341 5102 irum
354 5052 414 5115 regis
424 5051 461 5100 sui
471 5052 653 5110 commoveant,
667 5051 731 5112 quod
745 5053 813 5102 tento
828 5055 935 5114 tempure
946 5055 992 5104 dis·
1037 5053 1101 5102 enim
1115 5051 1170 5102 inde
1185 5053 1221 5102 est
1232 5053 1396 5100 consecutum.
1408 5053 1469 5100 Tum
1481 5050 1623 5102 zncimrins
1632 5047 1775 5102 bieuriciurn
1787 5054 1824 5106 per
