3830 5720
827 344 1047 427 osannam.
1661 365 1718 418 res

126 468 166 526 καί
184 473 272 548 ἕτερον
292 493 318 527 τι
332 467 486 548 προστίθησι
509 475 547 550 τῷ
567 471 727 552 δεδογμένῳ,
752 472 798 530 καί
821 475 846 540 ἐς
861 472 894 530 τὰ
942 473 1056 553 κράτορα
1067 474 1239 554 πρεσύευτήν,
1253 478 1299 538 καί
1309 481 1453 559 ἀφικνεῖται
1463 483 1590 562 χειμῶνος
1605 485 1722 564 ἀρχομέ-

126 558 233 630 μάλιστα
254 561 305 636 θεῷ
325 557 523 636 κεχαρισμένῳ.
547 559 664 627 Πολλούς
676 561 735 642 γὰρ
754 565 807 619 τῶν
823 560 896 640 παρὰ
941 580 984 618 νου
996 561 1046 632 ἤδη
1058 561 1084 628 ὃς
1094 563 1180 642 ἐπίτῇ
1191 563 1318 644 προσθείη
1331 565 1512 645 ἐχειροτονήθη
1528 569 1631 647 Πέρσης
1640 571 1719 650 ἀνὴρ,

125 643 261 718 Ῥωμαίοις
272 643 437 724 θορυκτήτων
450 647 571 724 Περσῶν,
584 646 699 722 μάλιστα
710 637 767 716 τοίνς
779 651 806 706 ἐν
818 647 897 724 τέλει,
942 645 1056 724 τούνομα
1072 649 1257 728 Φερογδάθης,
1273 653 1322 729 οὐχ
1333 644 1410 722 ἧττον
1421 655 1466 712 καί
1479 655 1554 722 αύτδς
1572 658 1720 738 οιλανθρω·

124 722 156 788 ίιν
182 730 244 790 ἔνιοι
265 731 312 790 καὶ
337 735 374 810 τῷ
399 732 522 812 βασιλείῳ
545 733 613 810 γένει
636 733 795 812 ξυνημμένοι
816 729 895 810 ἦσαν,
945 734 1068 802 ποτάτους
1099 739 1125 794 ἐν
1148 740 1271 816 ἐπιστολῇ
1299 739 1456 816 διακομίζων
1479 719 1657 822 λόγουςίπρθς
1677 750 1722 803 τοῦ

124 817 216 875 ίοτειλε
234 818 341 897 Χοσράῃ
361 819 555 900 δωροφορήσοις.
577 812 644 879 Eira
663 821 784 901 πρέσβεις
798 822 841 880 ἐπὶ
859 826 897 900 τῷ
945 822 1054 900 Περσῶν
1076 823 1218 900 βασιλέως,
1234 828 1260 882 ἐν
1279 817 1298 904 ἧ
1316 824 1460 905 ἐγέγραπτο
1474 819 1538 887 ὧδε·
1553 855 1565 882 ι
1578 833 1610 890 Εἰ
1628 832 1675 905 μὲν
1692 831 1723 890 τδ

124 905 207 982 τοιῷδε
228 905 360 982 ἐξέπεμψε
381 905 520 986 Ζαχαρίαν
543 929 571 965 τε
593 898 679 982 αύθις,
700 908 743 966 τὸν
767 909 896 988 βασίλειον
945 906 1043 966 δίκαιον
1067 914 1175 981 ποιῆσαι
1198 911 1364 989 βουληθείης,
1387 903 1409 971 ὦ
1430 913 1573 991 Ῥωμαίων
1599 919 1721 994 βασιλεῦ,

124 991 214 1069 ἰατρὸν,
228 991 276 1050 άτε
290 993 415 1059 πολλάκις
426 994 619 1072 χρησιμώτατά
632 1019 661 1054 τε
672 997 718 1055 καί
735 996 896 1056 εὐνούστατα
944 995 1029 1060 καλῶς
1041 993 1074 1064 ἂν,
1082 996 1188 1073 σρείίσες
1198 997 1256 1064 σανίς
1266 1021 1295 1056 τε
1307 995 1353 1068 rip
1367 1000 1529 1058 ἀποστασίαν
1540 1005 1585 1072 τῆς
1600 1006 1722 1082 Περσαρ·

123 1079 377 1158 ε’ξυπηριτησάμτνον
395 1089 452 1149 ταῖς
466 1082 535 1140 αατθ
553 1083 596 1140 τθν
609 1084 723 1161 πόλεμον
735 1090 825 1144 τοῦτον
838 1107 898 1164 πρε·
944 1081 1032 1155 μενίας
1051 1083 1243 1159 βουλεύσαντας
1258 1084 1401 1164 γενεάρχας
1415 1085 1528 1154 ἀναδιδούς
1542 1090 1603 1163 ἡμῖν
1620 1089 1722 1170 ύφεἜον·

121 1165 224 1233 σθείάις.
242 1169 345 1227 Τοῦτον
359 1167 390 1240 δὴ
415 1158 459 1227 οὗν
481 1169 524 1228 τὸν
544 1169 625 1250 ἀνδρα
646 1176 678 1250 τῇ
699 1171 827 1251 λεγομένη
845 1171 897 1230 ἀπὸ
943 1189 990 1233 τας
1004 1167 1108 1241 πσενθς,
1129 1173 1155 1228 ἐν
1167 1179 1219 1236 τοῖς
1233 1171 1310 1250 ὁρίοις
1322 1195 1350 1229 τε
1367 1177 1412 1243 τῆς
1425 1175 1534 1252 Περσῶν
1554 1198 1582 1233 τε
1596 1177 1641 1233 καί
1653 1175 1722 1236 Ῥω-

120 1255 238 1332 ἐιςίρχων
254 1253 315 1334 ἀξίῳ
335 1255 516 1333 διακοσμήσας
529 1258 710 1336 ς’χςιροςόνηςς
731 1259 777 1317 καὶ
795 1259 896 1331 πάλιν,
944 1254 1028 1326 μαίων
1045 1257 1319 1336 ἀναρτηθησομένους·
1334 1258 1417 1326 διδούς
1437 1260 1465 1316 δὲ
1483 1260 1528 1318 καί
1545 1260 1593 1333 τὴν
1603 1264 1721 1320 ’ἐντεῦθεν

120 1343 159 1400 καὶ
174 1344 205 1413 tl,
220 1343 448 1422 πρεαύευσίμενον
463 1347 572 1424 ἀφῆκεν,
588 1337 631 1403 οἷα
645 1345 737 1417 δὴ-καί
749 1349 828 1406 αὐτοῦ
843 1350 897 1406 Ζοι·
944 1341 1083 1416 σνμὸᾶσαν
1097 1343 1192 1418 ζημίαν
1203 1344 1327 1422 1159le-
1343 1347 1376 1404 Et
1390 1344 1417 1402 δὲ
1429 1346 1491 1423 πρὸς
1502 1353 1585 1405 ταῦτα
1599 1349 1722 1416 ἰνανείαες

119 1433 208 1508 χορίου
222 1429 271 1500 τήν
285 1429 425 1509 πρεσθιίαν
440 1433 540 1501 ταύτην
560 1431 679 1510 γενέσθαι
691 1433 896 1504 ξυνωθήσαντος·
945 1427 1028 1508 epate,
1042 1429 1140 1508 σρᾶίαε
1153 1430 1182 1489 εὖ
1194 1434 1276 1510 φίλας
1289 1431 1400 1510 πρέπεν·
1412 1439 1487 1492 ταῦτα
1501 1434 1529 1492 δέ
1542 1437 1595 1493 ἔστε
1610 1435 1719 1516 ἰννδρα·

119 1515 160 1574 σύν
172 1519 212 1596 τῷ
221 1515 269 1574 καίΙ
281 1517 418 1596 Θεόδωρόν
430 1541 503 1589 τινα,
518 1517 565 1576 ἕνα
580 1522 632 1576 τῶν
647 1521 784 1596 βασιλείων
798 1543 897 1598 μαχαι-
947 1523 1005 1592 μεῖν
1020 1521 1112 1583 ἐντοῖς
1126 1517 1203 1596 θρίσες
1218 1509 1289 1586 αῧθες
1302 1519 1360 1586 ενίνς
1374 1520 1496 1600 ἑκατέρας
1508 1521 1635 1602 ἅρχαντας
1647 1526 1720 1583 πολι·

119 1603 241 1680 ροφύρων,
253 1602 360 1678 ἀξίωμα
371 1605 417 1662 καί
428 1606 499 1685 αύτῷ
513 1603 660 1684 στρατηγοῦ
670 1606 791 1684 περιθείς.
804 1607 897 1667 Τούτιο
945 1602 1029 1674 τείας,
1041 1601 1075 1660 σθ
1087 1607 1133 1674 τῆς
1145 1604 1261 1683 εἰρήνης,
1280 1609 1315 1671 ὥς
1329 1605 1361 1664 ἂν
1381 1607 1511 1679 δύναενεσ,
1527 1608 1622 1684 μεταξύ
1638 1609 1718 1688 (τῶν)

118 1691 151 1748 τίν
170 1691 250 1768 ἄνδρε
271 1690 491 1767 πρεσθευσομένω
512 1691 653 1768 ἀπονείμας
668 1693 771 1772 Χοσράη
788 1693 896 1770 ἐξέπεμ·
944 1691 1065 1761 ἀλλήλοιν
1081 1691 1293 1767 διαθησομένους·
1311 1693 1350 1772 ἐφ’
1370 1685 1391 1772 ᾧ
1413 1694 1440 1752 δὲ
1460 1693 1492 1752 τθ
1510 1703 1618 1754 τοιαῦτα
1631 1698 1726 1775 προελ-

116 1783 171 1856 des,
184 1776 289 1858 ἔγραφέ
303 1801 330 1836 τι
341 1779 480 1846 ἐπιεικείας
495 1779 613 1838 ἀνάπλεα
623 1780 740 1858 βήματα.
754 1780 788 1840 ‘0
803 1781 830 1840 δέ
840 1788 898 1848 νοῦς
943 1780 1003 1850 θεῖν,
1026 1779 1165 1856 ἀνακωχὴν
1183 1780 1301 1856 γενέσθαι
1322 1783 1389 1840 τινά.
1416 1807 1428 1834 ν
1452 1771 1515 1840 Ὧδε
1541 1781 1587 1856 μὲν
1609 1778 1653 1841 οὖν
1673 1785 1719 1844 καί

116 1865 335 1936 eie-imerali<-
353 1865 451 1942 a’iipb
464 1867 509 1924 καὶ
525 1867 653 1944 βούλομαι
671 1867 719 1938 τήν
736 1868 838 1947 εἰρήνην
853 1870 898 1928 καί
944 1870 961 1938 ἡ
977 1865 1094 1945 Χοσράου
1104 1867 1197 1937 ἐδήλου
1210 1867 1350 1938 ἐπιστολή·
1363 1867 1492 1927 πλείστων
1503 1868 1530 1927 δί
1539 1873 1643 1950 ἡμερῶν
1651 1872 1721 1930 κατδι

115 1953 156 2010 iri
173 1953 205 2011 τὸ
220 1952 358 2012 θεόσδοτον
372 1945 453 2012 οὖσαν
468 1954 635 2030 ἀσπάζομαι·
651 1955 696 2013 καί
716 1954 806 2034 ὥσπερ
821 1958 897 2036 φύσει
945 1951 993 2024 τὴν
1016 1952 1138 2031 βασιλίδα
1159 1951 1236 2011 πόλιν
1261 1955 1445 2030 διαγενομίνιον
1469 1957 1495 2013 ἐν
1517 1965 1576 2025 ταῖς
1599 1961 1626 2026 ἐν
1648 1957 1722 2040 μέσῳ

115 2041 160 2098 τινί
178 2041 332 2118 προσιζάνει
347 2062 393 2115 μοι
413 2039 447 2098 τθ
466 2045 513 2113 τῆς
534 2041 620 2122 φιλίας
644 2045 728 2117 ὑμῶν.
751 2047 897 2121 Τοιγαροῦν
946 2041 1091 2106 συνουσίαις
1104 2039 1225 2118 Τιβερίου
1237 2047 1283 2099 τοῦ
1298 2040 1424 2118 βασιλέως
1438 2043 1482 2100 καὶ
1494 2045 1662 2122 Φερογδοίθου
1676 2053 1721 2106 τοῦ

115 2127 223 2202 ίτοίμνος
236 2125 292 2204 ἐχω
308 2129 356 2196 τῆς
378 2127 579 2208 Περσαρμενίας
595 2152 625 2186 τε
638 2128 724 2200 πάσης
739 2129 898 2209 ἀφίστασθαι
947 2131 1056 2206 Περσῶν
1080 2128 1258 2205 πρεσύευτοῦ,
1279 2128 1406 2209 γράφεται
1423 2129 1469 2205 μὲν
1484 2133 1603 2192 ἀπιοῦσιν
1618 2132 1661 2190 tri
1675 2133 1721 2204 τὴν

114 2214 157 2271 καὶ
168 2212 304 2292 Ἰβηρίας,
318 2217 348 2271 ού
361 2213 413 2288 μὴν
432 2218 483 2272 τῶν
499 2216 662 2292 βουλομένων
679 2222 743 2292 ἡμῖν
756 2219 897 2276 ὑπακούειν
945 2215 1088 2294 πρεσβείαν
1110 2215 1231 2297 Ζαχαρία
1251 2239 1279 2274 τε
1298 2218 1342 2275 καί
1361 2218 1490 2296 Θεοδώρῳ
1510 2227 1562 2284 τοῖς
1582 2219 1722 2298 πρέσὸεσιν

116 2303 226 2378 Περσῶν
241 2299 380 2380 Ἀρμενίας
393 2323 422 2360 τε
441 2301 486 2360 καί
501 2301 624 2378 Ὶύήρονν.
640 2301 796 2378 Ἀναδίθωμι
811 2303 838 2360 il
853 2303 898 2362 καί
944 2303 1105 2383 ἐνάιατρίψαι
1128 2303 1197 2362 κατδι
1220 2302 1268 2374 τήν
1291 2303 1344 2380 ἕω,
1365 2304 1411 2362 καί
1428 2306 1457 2365 οὔ
1466 2332 1488 2366 τι
1497 2308 1569 2383 μάλα
1585 2311 1610 2366 έν
1626 2311 1725 2388 σπουδῇ
1745 2342 1749 2350 ·

114 2387 291 2468 stiparent
304 2387 435 2468 φρούριον,
449 2388 550 2460 καὶτῆς
562 2389 717 2470 Ἀρζανηνῆς
730 2391 789 2465 ὑμῖν
804 2414 895 2467 παρα·
944 2390 1033 2449 θέσθαι
1054 2392 1171 2461 δηλῶσαι
1191 2395 1262 2471 σφῶν
1285 2393 1371 2450 αὐτῶν
1386 2392 1432 2462 τήν
1453 2394 1597 2472 παρουσίαν
1619 2398 1722 2474 βασιλεῖ

115 2477 244 2552 χωρήσω,
257 2475 289 2534 ab
301 2475 391 2554 Δάρας
405 2475 482 2552 μόνον
496 2475 552 2534 ἀντὶ
563 2476 694 2534 τοσούτων
708 2477 898 2552 ἀνακομιζόμε-
944 2481 995 2536 τῶν
1007 2481 1129 2556 Περσῶν,
1140 2479 1200 2558 πρὶν
1211 2479 1228 2548 ἰ.
1238 2481 1320 2549 ἀκτῆς
1330 2481 1462 2558 βασιλίδος
1471 2481 1575 2562 ἀφεθείη
1587 2483 1722 2562 Φερογδά·

113 2586 152 2628 νος
161 2561 226 2639 πρὸς
233 2565 318 2638 ὑμῶν.
331 2589 345 2614 ν
355 2565 448 2624 Ταῦτα
458 2566 483 2624 Τ
486 2562 579 2642 ιθίριος
589 2566 603 2622 δ
615 2563 783 2642 αὐτοκράτωρ
791 2562 896 2640 Χοσράη
946 2571 990 2636 θης
1008 2569 1021 2624 ὁ
1035 2569 1143 2646 Περσῶν
1158 2565 1330 2646 πρεσβευτής.
1352 2569 1536 2645 Προελθόντων
1548 2569 1575 2628 δὲ
1589 2569 1633 2628 καὶ
1648 2593 1722 2628 κεκι-

115 2653 245 2724 σημήνας,
262 2653 346 2726 ἐφῆκε
361 2651 484 2731 Ζαχαρία
503 2675 531 2710 τε
549 2651 595 2709 καί
613 2650 745 2732 Θεοδώρῳ
763 2650 809 2709 καί
824 2651 898 2728 μεγί-
946 2652 1063 2729 νημένων
1075 2653 1145 2712 ἰσότι
1157 2637 1284 2714 πλείστων
1295 2653 1389 2732 λόγων,
1400 2655 1723 2738 ἐκπίμπειτδνΦερογδοί·

116 2759 181 2794 ετιιν
200 2737 340 2818 πρίσδεων
358 2737 427 2818 ἔχειν
451 2738 527 2817 ἰσχύν
552 2738 598 2798 καί
616 2737 665 2811 τήν
684 2739 788 2818 εἰρήνην
807 2743 842 2804 ὡς
865 2737 896 2796 ἀν
947 2739 1144 2818 θηνδβασιλεύς
1155 2741 1197 2799 ἐπὶ
1204 2741 1313 2818 τούτοις,
1325 2733 1361 2808 οἶς
1369 2741 1400 2813 δὴ
1410 2743 1456 2802 καί
1466 2743 1517 2823 πρδ
1528 2750 1572 2804 τοῦ
1585 2743 1722 2824 ίγεγράφει

115 2817 189 2884 οἷοίτε
205 2825 307 2885 ἔσοιντο
323 2825 475 2887 διατιθέναι.
496 2826 669 2887 tissiraam
687 2833 734 2898 τῆς
750 2826 897 2906 ὁδοιπορίας
945 2825 987 2884 iri
1008 2831 1058 2886 τῶν
1083 2825 1224 2902 Ῥωμαίων
1256 2828 1402 2907 πρέσθεων.
1432 2829 1594 2910 Ἐκεχειρίαν
1618 2831 1644 2890 il
1670 2829 1725 2890 οὔτι

116 2913 153 2970 ι’τι
176 2913 314 2992 σχομένοι,
336 2913 460 2972 σταλίντε
488 2913 564 2992 ἀνδρα
588 2913 657 2972 οίτω
678 2915 825 2994 παρασχὸν,
853 2913 898 2972 naal
948 2911 1014 2994 ᾤετο
1037 2915 1088 2972 δεῖν
1112 2913 1155 2972 ἐπὶ
1179 2915 1305 2989 μήκιστον
1329 2915 1422 2995 χρόνον
1445 2919 1570 2975 ἐνδιδόναι
1594 2918 1723 2998 Πέρσαις·

119 3003 260 3079 λὀαρίηςθ
275 3003 388 3078 Περσῶν
405 2999 526 3080 βασιλεὺς
539 3001 717 3076 καταπλαγείς
730 3002 783 3067 τοῖς
802 2999 899 3076 ξυμθι-
947 3002 1065 3080 ἀποχρῆν
1088 3001 1137 3080 γὰρ
1158 3001 1254 3082 ἔφασκε
1273 3005 1310 3083 τῷ
1327 3004 1477 3082 βουλομένῳ
1496 3003 1545 3075 τὴν
1560 3005 1663 3082 εἰρήνην
1676 3003 1722 3064 καί

117 3087 224 3160 Gradus,
242 3087 397 3168 προφθάσας
416 3087 546 3163 ἐκπέμπει
557 3089 592 3152 ὡς
606 3087 650 3145 τὸν
662 3086 803 3162 Ῥωμαίων
825 3090 900 3146 αὐτο·
949 3087 986 3163 μὴ
1010 3088 1053 3146 tria
1075 3093 1120 3158 τῆς
1134 3094 1179 3147 τοῦ
1193 3089 1287 3168 χρόνου
1304 3089 1422 3157 πλείονος
1442 3090 1543 3164 ἀπάτης
1559 3098 1725 3172 προμηθευο-

117 3253 195 3300 maris
203 3254 276 3312 siris,
284 3267 500 3314 quorumnumero
508 3257 577 3303 erant
585 3253 694 3302 nonnulli
702 3267 733 3304 ex
741 3257 803 3314 regio
811 3267 897 3314 genere
942 3255 993 3314 iarn
1004 3255 1082 3303 irieme
1096 3255 1194 3303 ineunte
1205 3256 1324 3316 proiectus
1336 3257 1395 3306 erat.
1409 3259 1430 3306 la
1442 3259 1494 3306 erat
1504 3257 1540 3305 vir
1551 3261 1629 3317 Persa,
1642 3259 1682 3320 qui
1692 3257 1727 3308 ad

116 3329 175 3388 orti,
183 3329 249 3378 dono
257 3330 326 3379 dedit
337 3329 444 3380 chosroi.
457 3329 547 3380 Deinde
556 3331 645 3392 legatos
654 3331 683 3380 ad
694 3331 746 3380 bme
754 3331 826 3390 misit,
837 3331 898 3379 inter
945 3331 1007 3379 lianc
1028 3331 1169 3392 legationem
1190 3332 1235 3380 luit
1247 3331 1368 3393 delectus,
1381 3333 1478 3382 nourine
1489 3331 1658 3394 Plreragdatea,
1670 3336 1694 3382 et
1710 3347 1725 3384 a

117 3419 157 3455 eoa
166 3408 307 3456 zarbmiam
317 3407 419 3467 iterum,
429 3407 520 3468 regium
532 3407 662 3456 medicum.
673 3407 718 3456 ilie
729 3408 810 3469 plures
819 3411 844 3458 et
854 3407 896 3457 ad·
942 3409 1068 3456 Persarum
1081 3420 1135 3467 rege
1147 3407 1178 3456 ad
1188 3407 1357 3468 imperatorem
1370 3408 1450 3458 literas
1459 3423 1507 3458 nou
1517 3409 1596 3458 ruious
1607 3410 1725 3459 humanas

115 3487 213 3534 amdan
235 3490 401 3536 Rornanorum
416 3485 487 3534 rebus
499 3486 569 3535 utiles
587 3487 718 3547 legationen
732 3487 756 3535 in
774 3487 819 3536 boc
832 3487 897 3536 bello
942 3487 966 3534 et
974 3485 1093 3534 ollieiosas
1101 3485 1196 3535 detulit.
1210 3488 1254 3536 lita
1269 3487 1340 3536 sicae
1356 3487 1495 3536 habebant:
1514 3487 1660 3549 «Siquidem
1674 3501 1725 3537 rem

115 3565 212 3613 ieoerat.
228 3567 315 3624 ltaque
326 3576 383 3612 eum
398 3563 428 3612 ad
440 3565 503 3612 bano
514 3565 656 3624 legationem
667 3564 798 3626 imperator
813 3566 897 3628 elegit,
924 3562 1028 3623 ,iustam
1038 3563 1209 3624 lacererelles,
1219 3565 1349 3625 imperator
1359 3567 1536 3624 Romanorum,
1551 3567 1616 3613 reete
1626 3563 1725 3626 quidem

112 3647 137 3692 et
146 3644 266 3706 ‹ligrrilata
275 3642 414 3692 exconsulis
421 3641 571 3690 ornatumarl
579 3642 644 3691 illam
654 3643 788 3692 obeundam
796 3643 899 3703 dimisit,
942 3646 966 3692 te
977 3655 1084 3703 gereres,
1094 3644 1114 3692 si
1122 3643 1298 3692 Persamrenios
1306 3642 1451 3704 genearebas
1464 3641 1605 3691 deiectionis
1616 3645 1726 3691 auctores

112 3723 178 3784 quod
191 3726 217 3771 et
229 3721 280 3783 ipsa
292 3719 420 3769 zaolrariaa
435 3719 525 3778 legatos
538 3719 666 3769 mittendos
674 3733 726 3769 esse
739 3720 847 3782 inprimis
857 3721 899 3768 ad·
942 3720 1011 3768 nobis
1021 3721 1142 3777 traderes,
1151 3722 1179 3767 ut
1190 3721 1285 3768 meritas
1294 3731 1377 3780 pronas
1386 3718 1445 3766 rnilri
1454 3717 1554 3778 darent,
1567 3721 1592 3767 et
1600 3719 1625 3766 in
1639 3718 1726 3768 finibus

111 3803 256 3854 amomi,
268 3809 318 3844 ursa
330 3809 427 3857 quoque
445 3795 597 3844 Theodorum
618 3796 738 3857 quendam
750 3811 781 3848 ex
799 3799 899 3860 impera·
946 3799 1071 3844 Persarum
1081 3797 1105 3844 el
1115 3799 1275 3845 Romanorum
1285 3795 1564 3856 suspenderentnr;etsi
1574 3795 1661 3844 θειιιοο
1671 3799 1725 3845 Per·

110 3877 173 3924 turia
184 3873 344 3930 aatellitibus,
364 3885 436 3935 quern
454 3871 486 3919 ad
504 3871 572 3921 duois
586 3872 727 3933 dignitatern
740 3877 835 3924 extulit.
850 3877 900 3924 lioa
942 3877 1047 3925 siaillata
1058 3877 1207 3938 rependeres.
1218 3877 1242 3926 Si
1254 3876 1300 3924 ista
1309 3875 1443 3937 improbas,
1455 3874 1538 3923 amieis
1556 3875 1635 3924 oiiieia
1646 3875 1726 3925 debita

111 3954 187 4014 igitur
204 3953 270 4002 drroa
287 3951 364 4011 viros,
381 3951 468 4013 quibus
480 3951 542 3999 itane
564 3951 706 4010 legationem
726 3954 847 4012 attribuit,
868 3955 899 4003 ad
943 3966 974 4002 ne
994 3953 1103 4013 deneges.
1120 3955 1171 4001 ltoe
1190 3953 1285 4012 leceris,
1303 3953 1322 4000 si
1338 3951 1432 4001 dederis
1452 3963 1547 4013 operam
1560 3953 1588 4000 ut
1603 3951 1727 4014 utriusque

112 4031 249 4079 Clroaroearr
260 4029 339 4088 misit,
349 4027 381 4077 ad
394 4041 465 4088 quem
478 4027 559 4076 literas
568 4041 664 4089 quoquae
678 4029 835 4079 immanitatis
848 4030 898 4092 plo·
944 4031 978 4080 rei
991 4032 1094 4093 publicae
1104 4033 1208 4093 primarii
1219 4031 1264 4079 riri
1277 4032 1300 4079 in
1308 4030 1418 4080 confiniis
1429 4030 1582 4089 subveniant,
1593 4032 1617 4079 et
1628 4043 1724 4092 paoem,

113 4105 402 4170 murmusenteuru
411 4106 482 4166 buius
493 4107 600 4167 epistole
619 4105 669 4154 base
681 4106 731 4154 tere
745 4111 812 4156 erat:
827 4127 838 4150 ι
852 4113 900 4170 Ego
943 4108 961 4156 si
976 4107 1027 4157 lieri
1037 4109 1119 4170 possit,
1130 4108 1193 4156 inter
1203 4111 1330 4168 utramque
1337 4112 1433 4168 gentem
1444 4109 1550 4155 statuant
1562 4109 1586 4156 et
1595 4107 1725 4156 stabiliant.

115 4199 200 4248 pateam
212 4191 285 4244 ομιο,
305 4185 328 4232 el
347 4182 519 4231 adeodatam
538 4183 605 4240 eolo,
620 4185 644 4230 et
660 4185 784 4244 manuam
796 4186 899 4234 naturali
943 4189 1002 4242 θιιιο
1014 4188 1042 4233 ut
1057 4185 1189 4234 aderitum
1203 4185 1372 4245 perducantur,
1391 4187 1486 4246 oportet
1497 4182 1553 4232 belli
1568 4183 1724 4233 intermissio·
1743 4183 1744 4186 ’

115 4267 221 4328 qamhrn
235 4267 353 4315 instinctu
363 4263 393 4312 ad
401 4266 506 4312 vestram
515 4264 644 4312 amicitiam
655 4265 725 4313 ieror.
739 4265 822 4324 ltaque
831 4275 899 4323 para·
944 4274 998 4310 nem
1007 4261 1065 4309 lieri.
1073 4282 1085 4304 υ
1094 4264 1171 4322 Atque
1179 4259 1649 4324 lroeeepistolaclrosroiscontinebantur.
1661 4262 1725 4309 Dum

116 4349 230 4402 imaum,
239 4355 339 4391 omnem
350 4341 536 4390 Persarmeniaro
544 4344 569 4389 et
577 4341 678 4389 iberiam
688 4339 899 4398 robisooneedore,
945 4339 1116 4400 Plreragdates,
1136 4343 1262 4389 Persarurn
1280 4340 1341 4400 regis
1355 4340 1459 4402 legatus,
1475 4338 1500 4386 in
1518 4339 1581 4400 regia
1599 4339 1659 4387 urbe
1669 4351 1724 4388 οιιιιι

118 4427 207 4482 prater
215 4433 257 4470 εον
275 4419 450 4468 Peraarrnerrios
460 4418 511 4468 sire
522 4419 616 4478 iberos,
626 4418 667 4480 qni
680 4417 749 4466 uobis
758 4430 840 4478 parere
851 4429 899 4464 ma·
944 4416 1037 4465 liborio
1047 4418 1189 4478 imperatore
1200 4417 1282 4479 plures
1290 4417 1342 4466 dim
1352 4417 1478 4477 transigit,
1488 4417 1608 4465 zacharie
1615 4419 1639 4465 et
1649 4417 1725 4464 'streo-

119 4499 175 4546 i'rnt
196 4499 305 4546 nonme
320 4499 345 4545 et
365 4497 480 4545 liumum
493 4495 633 4554 rastellum,
655 4497 679 4542 et
694 4499 815 4542 Arzanene
832 4492 901 4542 robis
944 4492 1017 4554 doro,
1030 4494 1070 4555 qui
1085 4495 1108 4542 in
1124 4493 1264 4555 legationem
1279 4493 1379 4554 proiecti
1389 4494 1471 4552 erant,
1490 4505 1532 4554 per
1545 4493 1724 4554 literassignili·

120 4575 194 4633 caio,
209 4573 284 4622 uurdo
295 4571 409 4635 oppidum
426 4575 500 4620 Daras
512 4570 899 4634 prolrlsornnihusavobiaobti·
944 4571 1021 4628 eatur,
1032 4570 1515 4632 otiuorientesabsistaut,nequeauum
1526 4569 1657 4619 adrentum
1670 4573 1725 4618 Per-

119 4667 201 4703 aeam.
213 4675 225 4698 ν
236 4655 295 4702 liae
305 4651 413 4702 Tiberius
422 4651 551 4712 imperator
560 4663 602 4712 per
611 4650 748 4700 hellarium
758 4652 782 4699 et
791 4649 899 4699 Tlreodo-
943 4658 1024 4694 aarum
1045 4647 1094 4706 regi
1114 4645 1218 4696 indicare
1238 4647 1363 4707 teatinent,
1385 4649 1523 4708 priusquam
1544 4659 1558 4693 a
1578 4645 1641 4706 regia
1665 4645 1725 4694 urbe

120 4745 190 4791 rura,
211 4733 298 4794 quibua
322 4730 484 4779 marinorum
505 4729 636 4790 legatorum
660 4731 800 4791 pntmtatern
819 4727 898 4790 dedit,
945 4722 1102 4782 Plrerogdalea
1117 4723 1148 4773 ait
1159 4723 1277 4773 dimissus.
1296 4723 1401 4772 'laudern
1413 4723 1543 4784 imperator
1562 4720 1724 4781 Plrerogdalen

120 4809 221 4858 timei
233 4809 307 4857 literis
317 4805 466 4868 aigniiimrit.
478 4806 520 4856 llis
536 4807 608 4854 etiam
620 4817 703 4867 paoem
722 4818 765 4865 pru
783 4805 898 4864 arbitrio,
943 4799 1055 4859 dimittit,
1073 4812 1148 4860 quum
1165 4801 1253 4849 mullos
1269 4813 1325 4848 eum
1352 4800 1393 4848 illo
1410 4799 1531 4848 habuisset
1554 4809 1675 4846 sermones
1694 4797 1725 4848 da

120 4889 149 4933 ut
162 4899 199 4935 res
209 4887 308 4944 iurent,
321 4886 399 4933 faeere
410 4879 525 4946 peraruit.
540 4887 570 4933 nt
579 4883 624 4932 illie
634 4883 745 4945 quidem,
755 4883 899 4932 eumedium
944 4877 981 4924 iris
998 4889 1053 4938 quae
1063 4877 1130 4938 prius
1141 4877 1172 4925 ad
1189 4879 1351 4926 Romanorum
1364 4877 1453 4937 legatos
1463 4875 1599 4930 scripserat.
1613 4873 1725 4923 inducias

119 4963 168 5012 iter
181 4963 312 5022 indebant,
322 4961 411 5010 aeoidit
421 4961 576 5008 utebosroes
588 4971 700 5021 quoque,
711 4962 836 5008 Persarum
848 4973 898 5020 rex,
944 4953 968 5002 in
979 4953 1143 5015 longissimum
1156 4953 1334 5014 ternpusPersis
1345 4951 1509 5002 concedendas
1525 4963 1575 4998 essa
1589 4963 1637 4998 non
1653 4953 1723 5010 puta·

118 5039 151 5087 iis
167 5053 222 5101 qaas
235 5039 267 5088 ilii
277 5043 363 5088 eontra
378 5036 519 5086 sententiam
539 5039 681 5095 euenerant,
694 5035 830 5097 perculsus,
843 5048 899 5097 pro·
945 5038 993 5087 bal.
1006 5038 1119 5088 Suiireere
1130 5038 1193 5088 enirn
1203 5039 1306 5086 duorum
1322 5041 1364 5087 aut
1373 5037 1447 5086 trium
1460 5034 1576 5083 mersium
1588 5033 1692 5095 spatium
1702 5036 1723 5083 et

116 5117 217 5178 puaad
232 5119 395 5168 bumanorum
412 5115 578 5177 imperatorem
598 5115 702 5176 legatum
722 5113 840 5176 mitteret,
858 5116 898 5177 qui
946 5117 1443 5180 quibonalldepaaemluerllnstiluissel,
1462 5124 1541 5175 nequo
1554 5125 1596 5174 per
1616 5112 1723 5164 fraudem
