3908 5732
824 399 1072 460 PRAGMENTA.
1108 385 1113 392 ’
1227 474 1230 482 ,
1687 407 1746 458 εει

150 527 273 608 ραλαόάιν
284 527 327 588 τθν
339 527 501 608 Ἀλέξανδρον
512 531 638 600 κατῆλθεν
653 532 688 595 εἷς
701 529 730 588 τὸ
741 529 925 608 στρατόπεδον.
973 529 1146 587 ἐπεπόνθεσαν
1157 528 1270 608 Πέρσαις
1280 529 1437 613 μαχόμενοι,
1448 529 1492 587 καὶ
1500 527 1526 596 ἐξ
1535 519 1571 588 ῶν
1581 527 1750 587 ἐπυνθάνοντο

148 621 185 677 Οί
197 617 224 675 δθ
235 615 378 684 ἀνοίξαντες
389 615 435 682 τάς
447 617 543 688 πύλας,
555 616 674 684 ἐδέξαντο
681 615 782 686 αὐτοὺς,
792 619 927 696 ὑπερφυῶς
972 615 1029 681 τοὺς
1041 615 1148 681 οἰκείους
1160 615 1209 672 ὑπὸ
1222 617 1363 692 Γερμανῶν
1374 613 1551 680 ἀπολωλότας.
1568 613 1749 690 Ἠγανάκτουν

148 704 193 762 τὸν
217 701 380 782 Ἀλέξανδρον
397 706 586 781 εὐφημοῦντες.
610 701 670 781 Ἐφ’
691 691 728 767 οῖς
748 706 763 760 θ
783 701 927 767 Ἀντωνῖνος
972 694 1015 760 οὖν
1025 701 1122 760 καὶτὸν
1134 701 1297 779 Ἀλέξανδρον
1308 693 1377 780 εῖχον
1390 704 1415 760 έν
1427 700 1508 779 αῖτίφ.
1523 691 1576 760 'liv
1587 701 1614 759 δέ
1624 701 1669 759 καί
1679 704 1751 782 αθτῶ

149 791 347 866 ἀγανακτήσας,
357 789 476 849 ἐκέλευσέ
486 811 557 855 τινας
571 787 633 869 πρὸς
644 787 770 866 τιμωρίαν
781 790 926 857 ἐκδοθῆναι.
973 788 1027 854 δέος
1047 789 1107 868 περί
1124 793 1169 857 τῆς
1185 788 1312 853 Ἰταλίας·
1329 787 1386 846 οὐδὲ
1405 786 1455 865 γθρ
1469 786 1567 858 πολλὴν
1582 786 1639 846 ὁδὸν
1659 785 1752 865 ἀπέχει

149 876 264 936 Ἐκεῖνοι
276 875 303 934 δέ
314 877 413 951 μᾶλλον
424 874 611 954 ταραχθέντες,
626 874 711 939 άλλως
724 897 752 933 τε
764 874 809 932 καί
818 873 860 932 τδν
872 874 927 932 Ἀν-
973 875 1025 932 ἀπδ
1041 879 1092 932 τῶν
1108 875 1240 952 Ἰλλυριῶν
1255 877 1333 932 ἐθνῶν
1352 872 1385 931 τδι
1409 873 1561 950 Ῥωμαίων.
1577 873 1752 950 Ἐπαγγέλλει

149 971 254 1021 τωνῖνον
272 961 502 1020 ἀποσκευάσασθαι
516 961 645 1036 θέλοντες,
662 963 859 1038 ἀσχημονοῦντα
875 965 927 1038 βα·
973 961 1005 1032 δή
1020 963 1064 1020 καὶ
1079 963 1149 1020 ἄκων
1164 961 1210 1032 τήν
1226 961 1321 1033 ἔξοδον,
1337 961 1488 1019 καταλιπών
1509 961 1618 1037 δύναμιν
1634 961 1751 1040 αὐτάρκη

149 1051 238 1121 σιλία,
253 1047 310 1108 τότε
325 1047 356 1120 δὴ
377 1048 421 1106 καί
444 1051 496 1114 ταῖς
511 1045 767 1123 συλλαμύανομίνοις
788 1046 928 1122 ἐπαμύνειν
972 1052 1029 1116 ταῖς
1038 1047 1180 1124 Ῥωμαίων
1193 1048 1293 1128 ὄχθαις.
1306 1048 1413 1114 Ἀνύσας
1427 1047 1453 1106 δὲ
1467 1047 1514 1119 τήν
1529 1047 1685 1127 ὁδοιπορίαν,
1696 1049 1751 1128 ἐφί·

150 1137 202 1194 δεῖν
217 1134 370 1214 ἡγούμενοι,
389 1133 479 1212 καιρὸν
494 1133 611 1212 εὔκαιρον
627 1133 672 1191 καί
683 1133 813 1213 πρόφασιν
827 1131 928 1190 δικαίαν
974 1159 1068 1194 σταται
1081 1138 1118 1214 τῷ
1132 1135 1234 1213 Ῥήνῳ,
1248 1135 1293 1193 καὶ
1313 1135 1347 1192 τθ
1362 1133 1425 1214 πρδς
1440 1133 1484 1194 τόν
1501 1134 1660 1211 Γερμανικὸν
1673 1133 1751 1193 πόλε-

149 1223 306 1296 ναμίζοντες,
316 1221 359 1278 τὸν
372 1220 419 1297 μέν
432 1219 578 1279 Ἀντωνῖνον
592 1219 669 1278 αὐτόν
678 1242 706 1277 τε
717 1220 761 1278 καί
771 1219 817 1289 τήν
829 1217 928 1296 μητέρα
975 1245 1023 1299 μον
1044 1222 1237 1302 παρεσκεύαζε·
1251 1221 1294 1280 τόν
1315 1244 1343 1279 τε
1360 1221 1480 1296 ποταμὸν
1494 1222 1569 1280 ναυσί
1583 1221 1749 1301 γεφυρώσας,

151 1309 282 1384 Σοαιμίδα
300 1310 401 1387 (παρῆν
414 1306 481 1386 γάρ)
503 1309 652 1386 ἀναιροῦσι,
664 1306 722 1372 τούς
736 1329 764 1364 τε
777 1305 837 1384 περί
852 1305 928 1363 αύτδν
977 1310 1139 1388 Παρθυαίους
1150 1333 1178 1370 τε
1190 1309 1234 1367 καί
1248 1308 1427 1385 Μαυρουσίους
1438 1307 1548 1374 πολλοὺς
1561 1312 1598 1388 τῷ
1610 1307 1752 1385 Ῥωμαίων

150 1396 263 1466 πάντας,
276 1394 332 1453 δσοι
346 1394 416 1452 ένδον
430 1394 639 1474 κατελήφθησαν,
655 1391 780 1472 ὑπηρέται
797 1393 866 1470 [τε]
885 1391 929 1451 καί
974 1397 1079 1476 στρατῷ
1092 1395 1239 1472 συμμίξας,
1255 1395 1334 1473 ἤρτυε
1348 1395 1391 1452 τὸν
1406 1395 1529 1470 πολεμον.
1545 1393 1636 1463 Ἔδοξε
1651 1396 1678 1454 δί
1690 1397 1753 1476 πρό·

151 1482 268 1561 συνεργοὶ
285 1481 389 1538 ἐδόκουν
404 1473 535 1538 εἶναιτῶν
551 1479 759 1558 ἁμαρτημάτων.
775 1479 817 1540 Τὰ
837 1479 863 1538 δέ
876 1477 930 1537 σώ·
974 1505 1046 1560 τερον
1069 1481 1209 1561 πρεσόείαν
1232 1481 1336 1561 πέμθγαι
1359 1481 1423 1560 πρὸς
1446 1480 1601 1547 αὐτοῖςκαὶ
1625 1481 1752 1562 χρήματα

152 1591 224 1644 ματα
234 1571 279 1626 τοῦ
291 1590 319 1624 τε
333 1565 482 1627 Ἀντωνίνου
494 1565 539 1624 καί
552 1571 597 1636 τῆς
613 1566 709 1645 μητρὸς
723 1565 869 1645 παρέδοσαν
883 1563 928 1623 σύ-
975 1569 1192 1645 ἐπαγγείλασθαι,
1208 1571 1243 1634 ὡς
1258 1567 1289 1626 ἀν
1310 1571 1343 1646 τῇ
1358 1568 1513 1646 φιλαργυρίᾳ
1527 1566 1672 1636 πεισθέντες
1683 1569 1753 1626 παύ-

152 1679 204 1734 ρειν
219 1677 247 1712 τε
268 1653 313 1712 καὶ
328 1653 439 1732 θόρίζιιν
456 1657 507 1718 τοῖς
526 1652 703 1732 βουλομένοις·
726 1651 793 1732 άπερ
807 1652 850 1710 ῖπί
863 1651 929 1711 πολὺ
975 1677 1072 1712 σωνται
1085 1660 1130 1712 τοῦ
1144 1657 1270 1730 πολέμου.
1288 1655 1342 1714 Καὶ
1355 1657 1378 1711 οί
1394 1653 1441 1730 μίν
1456 1659 1616 1732 στρατιῶται
1629 1657 1752 1734 χαλεπῶς

152 1740 196 1798 διθ
211 1741 293 1815 μέσης
304 1743 351 1810 τῖς
364 1739 463 1806 πόλεως
475 1739 583 1818 συρέντα
595 1738 640 1797 καί
648 1737 815 1810 λωόηθέντα,
827 1741 861 1804 εἶς
873 1737 930 1804 τοὺς
975 1739 1072 1820 ἔφερον,
1085 1739 1216 1819 διατρθῦῆς
1225 1763 1253 1798 τε
1265 1739 1378 1816 ματαίας
1393 1741 1479 1805 αὐτοῖς
1493 1741 1637 1817 γινομένης,
1648 1741 1692 1798 καί
1705 1765 1754 1816 μη·

55 1844 63 1862 ·
151 1825 258 1902 θχετοδς
273 1825 405 1906 ἀπερρίφη
424 1831 471 1885 τοῦ
486 1825 624 1904 Θύθριδος.
650 1823 793 1890 Ἀντωνῖνος
807 1825 853 1900 μὲν
873 1815 927 1900 οῦν,
978 1828 1019 1886 θὲν
1038 1827 1168 1906 πρόθυμον
1183 1825 1200 1897 ἢ
1214 1828 1330 1905 γενναῖον
1345 1825 1503 1906 παρέχοντος
1517 1833 1561 1886 τοῦ
1573 1827 1753 1906 Ἀλεξάνδρου,

152 1913 189 1976 είς
210 1907 282 1969 ίκτον
298 1911 353 1978 ίτος
367 1913 463 1978 ἐλάσας
483 1915 529 1980 τῆς
551 1909 696 1989 βασιλείας,
710 1909 755 1967 καί
767 1910 930 1989 χρησάμενος
976 1915 1033 1972 ἀλλ’
1046 1915 1072 1972 ἐν
1086 1913 1226 1992 ἡνιοχείαις
1236 1937 1266 1972 τε
1276 1915 1321 1972 καὶ
1332 1914 1438 1994 τρυφαῖς
1450 1915 1632 1990 σχολάζοντος.

151 1999 190 2076 τῷ
212 1998 390 2080 προειρημένῳ
415 1999 476 2081 βίῳ,
500 1997 579 2064 οὕτως
603 1997 659 2075 ἅμα
684 2001 716 2076 τῇ
745 1997 826 2077 μητρί
850 1996 928 2056 κατί-
1015 2021 1037 2059 κ.
1058 1990 1113 2060 Ἦν
1130 2001 1157 2059 δέ
1175 2023 1214 2068 τις
1228 2001 1254 2058 ἐν
1278 2003 1316 2080 τῷ
1331 2003 1434 2080 στρατῷ
1448 1999 1592 2076 Μαξιμῖνος
1611 2001 1709 2078 ὄνομα,
1723 2002 1754 2060 τὸ

151 2087 271 2164 στρεψεν.
976 2085 1104 2163 μὲνγένος
1115 2085 1189 2166 Θρᾲξ
1208 2085 1411 2164 μιξοόάρθαρος·
1426 2085 1550 2165 πρότερον
1569 2085 1616 2162 μέν
1632 2090 1658 2145 έν
1675 2089 1750 2148 παιδὶ

512 2173 575 2232 Ιίῡ.
976 2172 1131 2248 ποιμαίνων,
1144 2176 1169 2231 ἐν
1184 2175 1257 2250 ἀκμῇ
1268 2171 1295 2231 δθ
1309 2172 1443 2250 γενόμενος
1457 2175 1492 2238 εἷς
1506 2171 1565 2240 τοὺς
1576 2175 1663 2241 ίππεῖς
1677 2197 1755 2252 στρα·

311 2296 410 2356 ME„
416 2295 562 2355 ANM'OZ
584 2295 757 2354 XFBHPOE
975 2257 1068 2323 τιώτας
1081 2259 1182 2335 ταγείς,
1201 2249 1258 2316 εἶτα
1276 2260 1335 2316 κατ’
1347 2258 1432 2336 ὀλίγον
1453 2257 1530 2316 αὐτὸν
1544 2260 1754 2338 χειραγωγούαης

386 2335 412 2354 “
620 2337 632 2354 ⁴
759 2339 766 2354 ⁸
976 2348 1022 2416 τῆς
1048 2343 1145 2422 τύχης,
1169 2344 1215 2402 καί
1238 2346 1315 2402 ἐθνῶν
1339 2343 1423 2424 ἀρχάς
1446 2344 1599 2412 πιστευθείς.
1627 2346 1696 2406 Τότε
1721 2347 1753 2417 δὴ

194 2439 263 2493 Ειτσ.
272 2439 314 2492 De
324 2437 391 2492 virt.
402 2455 433 2510 p.
446 2434 503 2490 830
516 2451 524 2493 ι
535 2430 600 2491 Ὅτι
611 2430 794 2511 Ἀλέξανδροςδ
807 2430 931 2506 Παμαίας
950 2471 955 2554 ,
976 2435 990 2490 δ
1006 2431 1168 2509 Ἀλέξανδρος
1183 2430 1269 2502 πόσης
1284 2431 1361 2490 αὐτὸν
1372 2436 1417 2490 τοῦ
1433 2438 1543 2511 στρατοῦ
1558 2433 1676 2500 νεολαίας
1690 2435 1753 2494 ἐπί.

154 2523 202 2581 σὺν
215 2524 248 2601 τῇ
263 2521 342 2599 μητρὶ
359 2519 437 2598 άρξτς
449 2519 494 2577 ὑπ’
508 2518 592 2597 ἐκείνη
612 2517 643 2576 τδι
657 2517 742 2576 πάντα
762 2515 861 2598 διῴκει,
875 2517 931 2588 ἥτις
977 2541 1081 2590 στησεν,
1100 2523 1134 2586 ὡς
1149 2516 1181 2576 ἀν
1203 2517 1295 2588 ἀσκοίη
1309 2541 1338 2576 τε
1359 2516 1451 2585 αὐτοὺς
1468 2519 1563 2585 καθείς
1583 2519 1613 2578 τὸ
1630 2522 1754 2598 πολεμεῖν

153 2609 317 2686 πανταχόθεν
331 2606 448 2686 έφρούριι
459 2606 507 2676 τήν
519 2605 613 2685 ἀρχήν.
626 2607 746 2673 Δικάζειν
756 2627 783 2662 τε
796 2599 841 2662 οὖν
854 2605 930 2662 αὐτὸν
976 2608 1133 2678 ἐπιτηδείως
1148 2605 1352 2684 παρασκευάζει.
1368 2605 1402 2666 Ὁ
1418 2603 1445 2663 δέ
1458 2605 1524 2681 μετδι
1539 2606 1626 2678 πάσης
1641 2610 1754 2678 σπουδῆς

153 2695 253 2754 ἔπειθεν
266 2694 309 2753 ἐπὶ
319 2695 451 2770 πλεῖστον,
462 2697 496 2758 ὡς
507 2691 538 2750 ἀν
548 2695 574 2750 ἀν
583 2691 680 2757 τούτοις
693 2690 882 2770 ἀσχολούμενος
893 2689 930 2766 μή
976 2691 1007 2750 τά
1017 2691 1227 2772 ἀγκεχειρισμένα
1238 2691 1398 2766 ποιούμενος,
1405 2691 1504 2750 εὔνοιαν
1514 2693 1612 2763 πολλὴν
1620 2693 1693 2774 παρά
1703 2699 1754 2754 τῶν

153 2782 211 2861 ἔχοι
225 2780 313 2860 καιρδν
334 2784 370 2845 τίς
389 2779 419 2838 τὸ
433 2778 592 2849 ἐπιτηδεύειν
613 2801 639 2835 τι
652 2780 704 2835 τῶν
719 2777 927 2856 ἁμαρτημάτων.
976 2782 1140 2857 στρατιωτῶν
1155 2777 1294 2848 ἐκτήσατο.
1312 2775 1392 2837 Ὅθεν
1408 2779 1431 2836 αἱ
1451 2777 1564 2850 νεανίαι,
1580 2781 1606 2836 ἐν
1627 2771 1664 2847 οἷς
1677 2772 1709 2851 ήν
1725 2781 1754 2840 τὸ

154 2869 276 2947 ’λ’πῆρχε
289 2865 316 2924 δέ
331 2868 401 2944 αὐτῷ
414 2864 459 2924 καί
472 2864 576 2946 φυσικόν
590 2855 651 2936 ήθος
669 2873 752 2944 πρᾷον
767 2864 811 2922 καί
823 2862 930 2942 ἥμερον,
976 2864 1042 2923 πολὺ
1056 2866 1154 2936 πλῆθος
1169 2865 1330 2942 [Παιόνων]
1347 2865 1479 2940 μάλιστα,
1493 2869 1526 2943 τῇ
1541 2866 1587 2941 μέν
1602 2869 1707 2947 ἀνδρεία
1721 2873 1754 2947 τῇ

154 2955 191 3022 εῖς
209 2978 238 3014 τε
252 2954 281 3013 τὸ
296 2952 475 3032 φιλάνθρωπον
487 2951 554 3010 πάνυ
568 2951 713 3030 ίπιρρεπίς.
733 2953 777 3014 Et<
788 2973 930 3030 τεσσαρεσ-
976 2951 1125 3028 Μαξιμίνου
1137 2949 1250 3030 ἔχαιρον,
1260 2951 1305 3008 τὸν
1314 2952 1342 3008 δέ
1353 2949 1519 3030 Ἀλέξανδρον
1531 2951 1709 3028 ἐπέσκωπτον,
1719 2959 1755 3023 ὡς

154 3041 306 3100 καιδίκατον
329 3029 372 3098 οδν
386 3039 480 3106 ἐλάσας
500 3037 555 3104 έτας
567 3042 614 3108 τῆς
637 3037 782 3118 βασιλείας,
802 3037 930 3112 ἀναιμωτί
977 3037 1028 3098 ὖπδ
1050 3043 1096 3108 τῆς
1111 3037 1208 3117 μητρὸς
1222 3036 1376 3116 ἀρχόμενον.
1394 3035 1609 3113 Ὗπεμίμνησκαν
1626 3039 1654 3096 δέ
1668 3041 1754 3112 ἀλλή-

153 3121 233 3208 ήρξε,
247 3127 331 3186 καίτοι
345 3129 420 3184 τινῶν
435 3124 568 3202 μεγίσταις
582 3124 675 3190 αἰτίαις
693 3123 882 3196 ὑποπεσόντων,
896 3127 930 3190 ὡς
976 3129 1035 3190 λους
1054 3129 1105 3184 τῶν
1129 3147 1157 3182 τε
1177 3125 1227 3184 ὑπὸ
1239 3125 1296 3191 ταῖς
1313 3126 1450 3191 ἀνατολαῖς
1467 3122 1510 3182 διά
1533 3125 1658 3199 μέλλησιν
1675 3129 1754 3186 αὐτοῦ

155 3215 222 3292 μετδι
242 3214 289 3284 τήν
305 3213 415 3290 Μάρκου
431 3213 551 3282 τελευτήν
572 3212 619 3280 τὴν
644 3209 778 3289 βασιλείαν
793 3207 931 3283 θαυμάζειν
975 3211 1155 3288 πταισμάτων,
1166 3211 1261 3270 καθότι
1276 3209 1356 3288 μηδὲν
1370 3211 1485 3287 γενναῖον
1498 3211 1640 3290 παρέχοιτο
1653 3215 1678 3280 ἐς
1688 3216 1754 3292 Γερ-

154 3301 332 3384 Ἀλεξάνδρου.
349 3299 458 3384 ᾙτιᾶτο
479 3297 506 3356 δὲ
522 3297 568 3357 καί
589 3296 636 3368 τήν
660 3293 776 3374 μητέρα,
799 3292 843 3352 καί
864 3293 932 3353 πάνυ
977 3297 1174 3376 μανοίις’ἐλθών.
1188 3295 1282 3364 Ὀντες
1293 3289 1337 3356 ούν
1349 3299 1393 3356 καί
1403 3297 1488 3363 άλλως
1502 3301 1537 3364 είς
1548 3298 1577 3356 τδ
1591 3309 1754 3377 καινοτομεῖν

154 3387 298 3467 ἤσχαλλεν,
311 3389 378 3465 δρῶν
390 3383 471 3454 αὐτήν
483 3375 561 3442 α’ύσαν
572 3382 779 3463 φιλοχρήματον,
789 3379 834 3438 καί
847 3376 932 3438 πολλδι
977 3386 1129 3456 ἐπιτήδειοι,
1145 3383 1190 3442 καί
1208 3383 1238 3441 τὸ
1258 3383 1305 3459 μὲν
1324 3383 1445 3462 [παρὸν]
1459 3388 1504 3455 τῆς
1525 3387 1608 3464 ἀρχῆς
1623 3385 1689 3464 βαρὺ
1710 3386 1754 3446 διὰ

154 3475 179 3542 l}
206 3478 332 3552 hmpaffiv
359 3472 574 3546 θησαυρίζονσαν.
602 3469 694 3529 Πολλά
720 3467 747 3528 δὲ
773 3468 932 3544 ἠναγκάζετο
977 3476 1059 3548 μῆκος
1069 3471 1182 3538 ἐξουσίας
1196 3469 1465 3548 ἡγούμενοι,ἀκερδές
1475 3495 1502 3528 τε
1512 3471 1572 3544 ήδη,
1588 3472 1675 3544 πάσης
1689 3495 1754 3552 προ-

156 3565 200 3620 ῦπ’
221 3564 300 3632 αὐτῆς
315 3559 447 3640 πράττειν.
460 3549 549 3638 Ἦρχε
562 3557 612 3637 γάρ
627 3557 705 3616 αὐτοῦ
720 3553 932 3635 θπερύαλλόντως
977 3558 1146 3634 ανηλωμένης
1159 3557 1314 3636 φιλοτιμίας,
1327 3557 1513 3616 ἐθουλεύσαντο
1523 3559 1753 3619 ἀποσκευάσασθαι

154 3655 172 3722 ἡ
186 3648 283 3728 μήτηρ.
977 3646 1024 3723 μέν
1037 3645 1080 3704 τὸν
1098 3643 1272 3722 Ἀλέξανδρον,
1287 3646 1400 3704 ἀνειπεῖν
1414 3645 1437 3703 δ’
1448 3647 1626 3726 αὐτοκράτορα
1640 3648 1685 3706 καί
1697 3646 1754 3708 Αύ-

512 3734 577 3792 ῐίιῐ·
977 3754 1084 3811 γουστον
1098 3730 1142 3789 τὸν
1157 3730 1313 3808 Μαξιμῖναν.

196 3835 265 3890 Exc.
285 3835 328 3890 De
342 3832 393 3890 ins.
408 3850 437 3906 p.
463 3836 497 3900 47
522 3847 529 3886 ι
544 3824 610 3887 Ὅτι
624 3823 789 3903 Ἀλεξάνδρου
804 3827 849 3881 τοῦ
870 3825 932 3883 Ma·
1016 3838 1038 3879 ο.
1064 3817 1247 3896 Ἀθροισθῖντις
1260 3809 1304 3876 οὗν
1325 3821 1360 3884 εἰς
1381 3817 1411 3875 τθ
1426 3816 1513 3876 πεδίον
1527 3817 1703 3895 ὡπλισμένα,
1719 3823 1754 3886 ὡς

157 3917 237 3994 μαίας
254 3916 321 3994 μετὰ
341 3914 387 3987 τήν
408 3917 434 3973 ἐν
458 3913 572 3993 Πέρσαις
585 3910 719 3992 συμφορθιν
733 3907 800 3968 κατά
814 3909 861 3979 τήν
876 3909 929 3969 Ἀν·
977 3906 1019 3964 ἐπὶ
1040 3903 1074 3964 τά
1090 3903 1186 3977 συνήθη
1205 3903 1335 3982 γυμνάσια
1357 3903 1513 3985 προελθόντα
1539 3903 1584 3963 καί
1610 3905 1753 3964 ἐπιστάντα

155 4005 271 4082 τιόχειαν
281 4002 468 4082 διατρίόοντος,
479 4000 633 4078 ἀγγέλλεται
642 4001 733 4076 αὐτῷ,
746 3994 787 4054 θτι
801 3999 822 4056 Γ
824 3995 930 4075 ερμανοθ
977 3993 1062 4058 αὐτοῖς
1074 3990 1228 4066 Μαξιμῖνον,
1238 3990 1356 4070 πορφύρορ
1366 3989 1550 4070 περιόαλόντες
1562 3992 1695 4070 βασιλικῇ,
1707 3994 1754 4050 αὖ·

156 4091 250 4163 Ῥῆνον
263 4090 308 4150 καί
320 4087 423 4168 Ἴστρον
435 4086 581 4163 διαδόντες,
600 4085 650 4162 τὴν,
657 4082 796 4160 Ῥωμαίων
809 4087 932 4162 πορθοῦσι
976 4077 1121 4156 τοκράτορα
1133 4076 1342 4157 ἀναγορεύονσιν.
1360 4076 1394 4135 ‘0
1409 4075 1436 4134 δέ
1450 4076 1484 4135 τθ
1499 4077 1546 4152 μίν
1559 4079 1651 4158 πρῶτα
1663 4101 1754 4158 παρῃ-

156 4183 214 4257 γῆν,
226 4177 270 4235 καί
281 4175 314 4236 τθ
325 4175 367 4235 ἐπί
389 4183 445 4241 ταῖς
454 4179 543 4252 θχθαῖς
555 4171 716 4252 στρατόπεδα
730 4169 930 4247 κατατρέχουσι,
976 4173 1059 4235 τεῖτα,
1079 4163 1124 4222 καί
1138 4163 1185 4234 τήν
1199 4162 1333 4244 πορφύραν
1353 4161 1526 4240 ἀπέρριπται·
1539 4167 1574 4230 ῶς
1588 4162 1615 4222 δέ
1629 4162 1754 4224 ένίκειντο

156 4265 243 4332 πολεις
264 4287 292 4321 τι
306 4263 351 4321 καλ
374 4261 465 4337 κώμας
488 4263 647 4338 ίμπιπρθσι·
670 4259 769 4316 δεῖσθαι
782 4254 867 4314 τοίνυν
886 4260 932 4326 τῆς
977 4251 1088 4332 ξιφήρεις
1101 4251 1260 4308 ἀποκτείνειν
1276 4251 1455 4324 ἀπειλοῦντες,
1468 4256 1513 4309 τοῦ
1525 4250 1650 4330 παρόντος
1663 4251 1752 4310 κινδύ·

156 4355 236 4410 αὐτοῦ
248 4347 400 4430 παρουσίας.
412 4347 568 4420 Δηλωθέντα
578 4345 605 4403 δέ
615 4349 697 4402 ταῦτα
709 4344 752 4402 τὸν
767 4342 931 4422 Ἀλέξανδρον
975 4361 1020 4396 νου
1033 4336 1076 4395 τὸν
1092 4335 1219 4412 μέλλοντα
1236 4337 1420 4415 προελόμενος,
1443 4337 1578 4406 ἇνῑδῑῖατῦ
1595 4337 1644 4410 τὴν
1656 4339 1749 4415 τιμήν.

156 4437 280 4515 ἐτάραξε,
295 4436 339 4494 καί
354 4433 413 4502 τοῦς
427 4436 456 4491 ἐκ
475 4439 520 4492 τοῦ
534 4433 676 4511 Ἰλλυρικοῦ
691 4429 852 4510 στρατιώτας
873 4427 929 4487 ἐλύ-
977 4426 1026 4492 Ὡς
1037 4424 1064 4484 δέ
1075 4430 1157 4483 ταῦτα
1172 4423 1285 4503 ἠγγέλθη
1299 4429 1337 4502 τῷ
1352 4424 1525 4506 Ἀλεξάνδρῳ,
1539 4426 1565 4483 ἐν
1580 4427 1690 4504 μεγίστῃ
1705 4451 1753 4486 τα-

156 4547 239 4598 πησε,
252 4525 331 4600 διπλῇ
350 4523 485 4585 δοκοῦντας
499 4523 641 4598 κεχρῆσθαι
655 4525 788 4598 συμφορᾷ,
803 4514 833 4574 ίκ
852 4506 931 4573 τεῶν
977 4517 1046 4593 ραχῇ
1066 4511 1213 4588 γενόμενος,
1234 4510 1406 4590 προπηδήσας
1426 4516 1472 4584 τῆς
1486 4517 1596 4586 σκηνῆς,
1617 4516 1752 4572 ἐνθουσιῶν

166 4633 1744 4658 ,,,-,,,.-....-..--.-----------

156 4715 187 4727 -
197 4687 212 4750 §
223 4695 244 4737 2.
257 4687 347 4742 άλλως
356 4701 385 4733 τι
396 4687 445 4733 καὶ
456 4684 505 4732 τὸν
517 4680 699 4742 ἈντωνῖιιονῖΙ
712 4679 838 4730 Herodian.
853 4697 859 4726 ι
871 4678 945 4732 άλλως
957 4678 998 4738 μὲν
1012 4679 1131 4738 μισοῦντες
1147 4676 1185 4724 τὸν
1203 4675 1348 4735 Ἀντωνῖνον,
1365 4677 1404 4724 καὶ
1416 4675 1623 4726 ἀποσκευάσασθαι
1642 4679 1743 4733 θελαντες

158 4759 339 4820 ἀσχημονοῦντα
360 4755 473 4816 βασιλέα,
492 4752 543 4800 τότε
562 4752 585 4800 δέ
603 4753 643 4798 καὶ
660 4753 706 4797 σία.
718 4775 750 4785 --
761 4746 914 4809 Σοαιμίδι]
931 4745 1044 4804 Σοάγμιδι
1060 4743 1113 4792 cod.
1124 4771 1154 4783 -
1169 4746 1314 4806 μέσηςτῆς
1329 4743 1453 4807 πόλεως]
1474 4745 1551 4802 πάσης
1563 4762 1585 4793 τ.
1600 4763 1626 4794 π.
1645 4745 1700 4794 cod.
1717 4772 1748 4782 -

156 4829 224 4882 τοὺς
235 4821 373 4888 ὀχετοὺς]
386 4823 426 4880 τάς
435 4823 505 4884 ὄχθας
515 4820 584 4878 cod.;
601 4818 727 4868 Herodian.
740 4838 746 4867 ι
757 4820 788 4871 εἰς
798 4817 849 4870 τοὺς
866 4816 959 4879 ὀχετοὺς
969 4813 1092 4876 ἀπερρίφθη
1107 4815 1160 4869 τοὺς
1170 4815 1201 4868 εἰς
1210 4815 1249 4862 τὸν
1259 4813 1343 4872 θύόριν
1352 4815 1456 4876 ποταμὸν
1466 4815 1566 4876 ῥέοντας.

188 4899 227 4946 Fr.
247 4899 296 4944 1⁴0.
312 4893 398 4941 Eadem
412 4892 496 4941 suidas
506 4905 530 4939 v.
541 4891 688 4950 Ἀλέξανδρος.
699 4889 759 4938 Vide
771 4885 898 4935 Herodian.
915 4885 962 4942 Vl,
977 4883 1079 4931 1.-τά
1092 4881 1211 4944 πάντα]
1224 4883 1254 4930 τὰ
1265 4895 1314 4931 om.
1327 4881 1419 4932 suidas.
1432 4909 1463 4918 —
1475 4880 1608 4938 ἀλάτας]
1625 4881 1660 4930 sic
1680 4883 1751 4931 οῑῖοιιι

156 4963 300 5024 Ηοτυθίειι.;
315 4961 382 5024 αρξας
396 4960 477 5019 suid.,
487 4959 529 5021 qui
541 4962 594 5020 post
604 4959 728 5018 fragmenti
739 4957 811 5006 ιοιίια
822 4955 907 5004 ultima
920 4951 1107 5016 ὑπερὸαλλόντως
1122 4954 1137 5010 ἡ
1153 4952 1236 5014 μήτηρ,
1251 4952 1297 5001 alia
1309 4952 1421 5014 quadum
1433 4953 1521 5012 εεειιῖῑ,
1534 4965 1589 5016 quoe
1609 4955 1633 5004 in
1651 4955 1750 5000 antece-

156 5037 228 5086 θιιιιο
239 5033 263 5080 in
278 5035 335 5080 Εκυ.
350 5035 383 5080 De
392 5030 446 5078 ιῖεῑ.
459 5031 590 5092 fragmento
600 5028 719 5090 leguntur.

190 5105 228 5151 Fr.
246 5101 297 5148 ιέι.
312 5097 371 5146 Vide
382 5097 499 5146 Herodian
519 5094 742 5158 V1,6—9.-§2.
754 5091 933 5157 unimam]
943 5093 998 5142 Ηετ.
1011 5094 1058 5152 vl,
1067 5096 1094 5150 θ,
1113 5090 1284 5154 μισοόἆθὸαρνς
1304 5091 1357 5142 cod·
1369 5093 1436 5142 -ῖν
1446 5088 1543 5154 παιδὶ]
1567 5093 1634 5154 {lem
1644 5091 1667 5140 ἐν
1678 5090 1749 5154 πεδίῳ

158 5169 212 5220 oud.
224 5166 334 5216 -τότε
354 5165 405 5229 δὴ]
416 5168 456 5216 τὸν
464 5167 493 5224 δή
502 5167 629 5228 Μαξιμῖνον
637 5168 717 5213 τοῦτον
728 5167 782 5214 Her.
795 5191 824 5204 -
833 5163 848 5226 §
858 5171 880 5214 θ.
892 5165 1063 5228 βούλοιντο]
1076 5165 1196 5228 βούλονται
1208 5163 1262 5214 cod.

274 5267 415 5302 munem
432 5266 524 5303 msron.
544 5268 584 5304 GR·
600 5281 623 5290 ·
636 5267 688 5304 voi..
704 5268 736 5304 Ιθε
1574 5271 1600 5310 ³8
