3908 5732
854 299 1103 359 FRAGMENTA.

178 426 230 482 τῶν
241 427 408 505 στρατιωτῶν
423 425 466 483 καί
481 423 518 502 μὴ
534 426 624 506 παρὼν
639 427 735 508 ᾑρέθη·
748 429 913 508 περιθέμενός
927 455 955 490 τε

179 511 227 582 τὴν
245 512 379 594 πορφύραν
390 515 416 572 ἐν
432 515 603 596 Βουρδογάλῳ
615 516 690 574 πόλιι
703 519 749 587 τῆς
768 517 899 586 Γαλατίας
909 543 955 594 με·

177 600 278 678 γίσταις
291 600 402 660 άνέπεσε
415 607 553 680 ταραχαῖς.

216 708 240 748 π.
263 687 327 748 Ὅτι
341 689 479 756 Ὀδέναθυς
492 689 518 758 ἐξ
531 689 669 759 ἐπιόουλῆς
681 691 828 762 Γαλλιηνοῦ
841 693 954 771 ἀναιρεῖ·

178 799 236 833 ται·
251 775 296 834 καί
309 780 361 835 τῶν
373 779 456 836 ἐκεῖσε
468 776 630 856 πραγμάτων
640 776 862 852 άντιλαμύάνεται
872 781 953 848 Ζηνο·

178 861 238 936 ii«,
253 869 407 922 συνοικοῦσα
423 866 470 940 μέν
482 863 633 943 Ὀδενάθῳ,
646 862 793 944 φρονήματι
806 863 833 922 δέ
846 865 954 944 άνδρείῳ

177 953 312 1030 χρωμένη,
326 952 370 1012 καὶ
380 951 424 1010 διδ
433 957 484 1012 τῶν
495 951 585 1032 ἐκείνῳ
595 952 723 1011 συνόντων
733 951 777 1010 τὸν
788 951 896 1010 θάνατον
909 957 953 1010 τοῦ

175 1038 268 1120 ἀνδρὸς
278 1040 426 1101 ἐκδικοῦσα.

215 1147 240 1186 ³.
262 1124 327 1187 'Ort
346 1127 488 1200 Γαλλιηνδς
508 1126 568 1207 περὶ
586 1127 745 1187 Μεδιόλανον
761 1123 845 1199 πόλιν,
857 1125 903 1184 σῦν
915 1129 953 1204 τῷ

176 1213 281 1295 άδιλφῷ
295 1217 461 1294 Βαλεριανῷ,
474 1220 540 1292 μετὰ
552 1215 598 1284 τὴν
614 1220 658 1272 τοῦ
670 1213 767 1294 πατρὸς
779 1212 912 1284 τελευτὴν,
926 1213 952 1280 δς

176 1297 342 1358 ἐόασέλευσιν
354 1299 483 1367 ἐνιαυτούς
494 1299 534 1371 ii,
545 1299 597 1359 ἀπὸ
608 1306 652 1358 τοῦ
664 1302 807 1375 Δελματῶν
817 1299 951 1378 ἱππάρχου

175 1388 387 1446 κατακτείνιται·
403 1379 475 1455 ούτος
489 1388 515 1446 δὲ
529 1379 560 1459 ἦν
575 1385 772 1467 Ἱέρακλειανδς,
789 1385 815 1453 δς
828 1409 951 1467 συμπρα-

176 1471 283 1548 Εάμενος
301 1475 424 1554 Κλαυδίῳ
445 1475 487 1533 διά
508 1496 575 1541 τινος
592 1478 643 1532 τῶν
663 1473 862 1554 τολμηροτάτων
883 1472 951 1530 κατὰ

173 1558 203 1616 τὸ
217 1560 318 1619 δεῖπνον
329 1560 373 1619 τὸν
386 1560 530 1633 Ιάλλιηνδν
546 1560 717 1638 άποσράττει.

531 1691 596 1752 153.

462 1821 659 1880 ΚΛΑΥΔΙΟΣ.

211 1944 280 2001 Exc.
294 1945 336 1998 De
349 1943 401 1998 ins.
417 1961 447 2015 p.
466 1941 503 1998 58
521 1963 527 1998 :
542 1937 608 2000 Ὅτι
622 1940 666 1997 ἐπί
683 1939 814 1999 Κλαυδίου
834 1945 879 1999 τοῦ
898 1944 949 2019 βα-

172 2027 264 2094 σιλέως
279 2027 401 2106 Αύρίολος
414 2028 457 2085 ἐπὶ
471 2025 562 2106 χρόνον
576 2026 669 2106 συχνόν
683 2025 732 2095 ἔξω
743 2032 789 2098 τῆς
804 2030 949 2098 Ιάλλιηνοῦ

172 2113 340 2185 καταστήσας
363 2113 455 2173 έαυτδν
474 2113 603 2187 ἐξουσίας,
626 2115 839 2193 ἐπικηρυκεύεται
862 2138 949 2195 παρα-

172 2204 264 2280 χρῆμα
276 2203 339 2280 πρὸς
359 2201 498 2278 Κλαύδιον,
513 2202 558 2261 καλ
570 2201 702 2280 παραδούς
715 2201 818 2278 ἑαυτὸν,
833 2200 883 2260 δπδ
897 2205 949 2261 τῶν

172 2289 232 2368 περὶ
247 2288 291 2347 τὸν
306 2288 415 2367 βασιλέα
431 2293 597 2368 στρατιωτῶν
616 2292 760 2368 ἀναιρεῖται
781 2294 814 2368 τῇ
837 2288 879 2347 διδ
900 2289 948 2362 τὴν

1720 319 1776 370 599

1001 437 1060 514 περί
1074 436 1119 506 τὴν
1132 434 1249 513 γνώμην,
1264 436 1307 493 καί
1320 437 1385 494 πολὺ
1399 437 1460 516 πρὸς
1469 438 1592 514 ὠμότητα
1605 441 1701 522 ῥέπων.
1716 447 1776 504 Τῶν

1000 547 1028 580 τε
1050 523 1118 582 κατδι
1138 525 1213 582 πολιν
1238 523 1374 600 ἐπισήμων
1401 524 1504 606 θανάτῳ
1524 528 1634 595 πολλοὺς
1659 531 1775 605 ἐζημίω·

1001 633 1043 667 σιν
1062 612 1112 669 ὑπὸ
1133 609 1260 682 Ζηνοόίας
1276 611 1458 689 ἐλεγχθέντας,
1472 613 1586 690 χαλεπός
1604 639 1642 682 τις
1661 621 1706 674 καί
1730 640 1776 696 φο·

1000 695 1068 763 νικδς
1081 698 1217 776 ὑπάρχων,
1227 698 1272 756 καὶ
1287 700 1387 774 μᾶλλον
1402 700 1541 776 ἀναγκαῖος
1555 701 1699 780 στρατηγὸς
1711 703 1777 783 ἤπερ

1001 785 1100 862 αίρετδς
1118 785 1256 864 βασιλεὺς,
1281 787 1307 843 ἐν
1329 785 1409 844 παντί
1430 785 1457 845 δέ
1478 791 1561 868 καιρῷ
1584 789 1711 868 δυσχερὴς
1731 793 1776 848 καί

999 873 1155 950 ἀπρόσιτος,
1166 879 1201 939 os<
1212 872 1277 950 μηδὲ
1287 879 1331 932 τοῦ
1342 878 1394 932 τῶν
1406 873 1506 932 οἰκείων
1518 874 1627 950 αἵματος
1644 879 1776 954 διαμεῖναι

999 960 1123 1038 καθαρός·
1138 959 1184 1032 τὴν
1199 962 1250 1038 γάρ
1263 966 1308 1018 τοῦ
1323 960 1416 1028 παιδὸς
1428 962 1545 1037 γαμετὴν
1559 964 1603 1021 καί
1619 963 1776 1042 ἀνέγκλητον

999 1047 1166 1126 διεχρήσατο.
1180 1051 1233 1108 Τοῦ
1246 1047 1272 1106 δέ
1284 1051 1336 1106 τῶν
1348 1052 1514 1127 στρατιωτῶν
1527 1049 1659 1126 τάγματος
1669 1053 1713 1110 καί
1725 1057 1776 1112 τῶν

998 1133 1121 1206 έξιτήλων
1139 1135 1184 1194 καί
1204 1137 1395 1210 διαλιλυμένων
1413 1140 1482 1208 ἠθῶν
1495 1141 1530 1204 ὡς
1552 1139 1648 1197 ἐπίπαν
1663 1142 1777 1219 γενναῖος

998 1222 1177 1303 ἐπαναρθωτλς
1190 1214 1233 1294 ἦν,

1357 1327 1418 1384 156.

1038 1453 1105 1508 Exc.
1124 1453 1166 1506 De
1181 1453 1232 1510 ins.
1253 1471 1283 1526 p.
1299 1451 1336 1508 58
1353 1474 1359 1508 :
1374 1448 1440 1511 Ὅτι
1462 1452 1624 1530 Λύρηλιανὸς
1641 1453 1709 1534 έκτῳ
1729 1459 1776 1526 τῆς

997 1535 1136 1612 ἡγεμονίας
1151 1538 1260 1616 ἐνιαυτῷ
1282 1538 1473 1620 διαφθείρεται,
1489 1542 1539 1598 τῶν
1554 1541 1589 1607 εἰς
1609 1541 1689 1620 τάχος
1708 1565 1774 1621 γρει·

997 1623 1096 1704 φάντων
1117 1626 1222 1682 οίκετῶν
1244 1625 1310 1692 τινὸς
1325 1626 1568 1694 κατασκευάσαντος
1583 1629 1653 1708 αὐτῷ
1667 1630 1711 1688 τὸν
1726 1629 1775 1688 θά·

996 1733 1087 1768 νατον·
1103 1710 1129 1778 δς
1140 1711 1187 1783 rip
1202 1717 1245 1772 τοῦ
1258 1711 1347 1792 άνδρδς
1362 1713 1542 1789 μιμησάμενος
1555 1718 1646 1793 χεῖρα,
1661 1716 1725 1795 πρός
1735 1740 1774 1774 τι·

996 1821 1040 1864 νας
1053 1799 1206 1879 χιλιάρχους
1219 1801 1292 1882 αὐτῷ
1313 1823 1341 1858 τε
1354 1803 1392 1880 τῷ
1406 1803 1565 1878 Αὖρηλιανῷ
1579 1801 1665 1881 φίλους
1683 1827 1773 1883 γραμ-

996 1884 1153 1960 ματίδιόντι
1173 1885 1292 1963 ἐκόμισε,
1313 1885 1360 1952 τδς
1379 1889 1430 1944 τῶν
1452 1889 1551 1967 άνδρῶν
1573 1889 1671 1946 τούτοιν
1695 1889 1772 1968 φέρον

995 1973 1168 2054 προσηγορίας
1178 1973 1406 2049 σεσημειωμένας,
1419 1973 1624 2054 ἐπιψευσάμενος
1635 1981 1717 2035 ταῦτα
1729 1981 1773 2036 τδν

996 2060 1159 2139 Αὐρηλιανδν
1175 2061 1393 2140 άναγεγραφέναι.
1420 2063 1455 2120 oi
1477 2061 1547 2120 δὲτὸ
1567 2061 1658 2120 πιστδν
1680 2067 1709 2122 ἐκ
1727 2069 1773 2135 τῆς

994 2151 1039 2204 τοῦ
1057 2143 1183 2223 βασιλέως
1196 2146 1258 2224 πρὸς
1268 2146 1374 2205 άπασαν
1385 2147 1477 2227 πρᾶξιν
1490 2147 1586 2206 άτοπον
1597 2149 1641 2208 καὶ
1654 2150 1769 2230 σκληρὰν

995 2231 1115 2304 ὀξύτητος
1126 2235 1268 2314 εἰληφότες,
1280 2234 1376 2313 φθάσαι
1390 2257 1415 2292 τι
1428 2234 1567 2314 δράσαντες
1577 2233 1666 2314 πρίνη
1681 2242 1772 2294 παθεῖν

995 2318 1125 2396 ἔγνωσαν·
1140 2320 1314 2399 διαφθείρουσί
1332 2344 1361 2379 τε
1382 2321 1459 2378 αὐτόν
1474 2320 1542 2378 κατδι
1558 2323 1640 2399 μέσην
1654 2321 1702 2392 την
1723 2347 1772 2381 πο-

172 2375 317 2435 άπόσταοιν
330 2374 461 2456 ἐχομένων
475 2379 550 2456 ὀργῇ.

529 2487 592 2556 154.

443 2611 673 2672 ΚΥΝΤΙΛΛΟΣ.

210 2732 285 2790 ΙΙιῖδ.
306 2751 338 2807 p.
353 2731 390 2790 58
403 2722 490 2791 ι’Ὃτι
511 2728 652 2794 Κυντίλλος
670 2729 778 2808 άδελφδς
796 2729 945 2807 Κλαυδίου,

169 2816 196 2883 ὃς
206 2815 358 2876 ἐόασίλιυσι
370 2817 522 2892 Ῥωμαίων,
534 2816 591 2893 άμα
602 2819 638 2895 τῷ
647 2819 744 2894 γνῶναι
753 2815 800 2888 τὴν
812 2815 945 2895 βασιλείαν

169 2905 326 2984 Λόρηλιανῷ
336 2902 558 2984 παραδεδομένην,
571 2901 661 2962 έκόντα
676 2908 722 2974 τῆς
733 2905 816 2982 ἀρχῆς
829 2907 947 2974 ἀποστῆ-

167 3013 209 3048 ναι
224 2990 363 3069 [λέγεται]
386 2990 496 3049 καὶτῶν
516 2993 612 3069 ἐατρῶν
630 2993 699 3057 τινὸς
721 2990 842 3066 τεμόντος
860 2989 944 3070 φλέόα

169 3079 254 3156 αὐτῷ,
267 3078 312 3136 καί
330 3077 444 3145 ἐνδόντος
463 3081 553 3157 ῥεῦσαι
569 3074 599 3134 τδ
613 3067 693 3154 αἷμα,
711 3077 802 3156 μέχρις
815 3067 875 3143 αδος
889 3075 945 3156 ἐγέ-

167 3187 235 3226 νετο.

995 2405 1076 2484 ρεῖαν,
1098 2408 1127 2464 ἐκ
1142 2408 1282 2476 Βυζαντίου
1302 2409 1365 2486 πρὸς
1386 2407 1544 2487 Ἡράκλειαν
1563 2409 1648 2482 ἐόντα,
1665 2411 1723 2490 περί
1742 2411 1771 2470 τό

993 2493 1131 2570 λεγόμενον
1149 2495 1244 2554 Καινδν
1269 2493 1400 2577 φρούριον.
1416 2497 1455 2554 Οὐ
1472 2494 1524 2572 μὴν
1538 2496 1702 2575 ἀτιμώρητος
1716 2507 1772 2556 έτε-

992 2579 1082 2640 λεύτα.
1096 2579 1135 2640 Οί
1150 2605 1178 2639 τε
1191 2581 1241 2660 γδρ
1256 2591 1338 2662 φονεῖς
1353 2583 1430 2640 αὐτοῦ
1444 2583 1517 2646 δίκας
1531 2585 1654 2663 ύπέοχον,
1668 2586 1712 2644 καὶ
1725 2589 1769 2644 αὖ·

993 2665 1035 2733 τδς
1048 2671 1100 2734 τοῖς
1114 2669 1190 2735 θείοις
1207 2672 1257 2727 τῶν
1271 2670 1467 2749 αὐτοκρατόρων
1479 2671 1494 2700 ⁴¹
1507 2671 1646 2751 ἐψηφίσθη.

1352 2809 1418 2871 157.

1288 2921 1470 2982 'trition

1032 3051 1106 3109 lhid.
1118 3071 1149 3126 p.
1167 3051 1225 3125 59:
1241 3047 1306 3110 'Osi
1317 3049 1434 3109 Ίάκίτου
1448 3051 1481 3108 τδι
1498 3054 1545 3121 τῆς
1556 3051 1663 3128 Ῥώμης
1678 3056 1768 3112 άναδε·

992 3135 1101 3208 ξαμένου
1121 3135 1257 3215 βασίλεια,
1279 3133 1379 3194 Σκύθαι
1396 3135 1438 3194 δεδι
1453 3141 1497 3208 τῆς
1516 3137 1663 3204 Μαιώτιδος
1677 3139 1770 3215 λίμνης

991 3222 1204 3303 ἐπεραιώθησαν·
1218 3221 1261 3288 οῦς
1275 3221 1497 3300 καταπολεμήσας
1515 3225 1558 3283 ἐπὶ
1576 3227 1623 3296 τὴν
1641 3225 1768 3304 Εὐρώπην

990 3309 1149 3389 ἐξώρμησεν.
1175 3307 1260 3370 Ἔνθα
1288 3309 1320 3378 δὴ
1348 3309 1392 3368 καί
1420 3313 1455 3376 είς
1473 3311 1614 3383 ἐπιδουλὴν
1638 3315 1768 3388 ἐμπεσὼν,

990 3397 1016 3465 ἐξ
1032 3398 1114 3464 αἰτίας
1136 3398 1279 3476 ἀναιρεῖται
1300 3399 1415 3456 τοιᾶσδε.
1435 3397 1573 3478 Μαξιμίνῳ
1588 3397 1656 3474 γένει
1668 3399 1768 3476 προσή·

206 3487 274 3544 Εκτ.
292 3489 334 3542 De
348 3490 414 3544 virt.
438 3507 469 3562 p.
487 3487 542 3545 835
557 3505 564 3546 :
579 3485 643 3546 'oo
658 3481 848 3566 Αὖρηλιανθςό
864 3486 942 3561 βασι·
990 3507 1060 3543 κοντι
1079 3483 1126 3555 τὴν
1149 3487 1245 3564 Συρίας
1260 3483 1344 3564 ἀρχὴν
1363 3485 1557 3564 παραδέδωκεν.
1577 3477 1661 3551 oio<
1680 3493 1731 3552 τοῖς
1743 3488 1768 3543 ἐν

165 3570 224 3638 λεδς
239 3571 272 3629 τὰ
288 3573 401 3649 πολέμια
416 3574 503 3640 δεινῶς
523 3565 554 3645 ἦν
571 3572 730 3649 ἠσκημένος,
752 3572 892 3637 άκάθεκτος
916 3569 943 3628 δὲ
989 3571 1059 3630 τέλει
1076 3572 1228 3651 τραχύτατα
1251 3573 1474 3652 προσφερόμενος,
1491 3575 1527 3640 τίς
1549 3572 1641 3654 φθόνον
1654 3571 1709 3649 άμα
1722 3574 1767 3631 καί

525 3246 588 3303 155.

424 3367 679 3436 ΑΥΡΗΜΑΝΟΣ.

166 3735 284 3797 situatum
299 3750 445 3798 purpuram
457 3741 570 3800 sumpsit
587 3751 596 3784 ι
610 3737 747 3787 seditiones
756 3738 854 3786 rnuiios
871 3738 985 3804 miiitum
996 3737 1112 3798 personui.
1125 3735 1182 3798 -§
1198 3745 1220 3787 ε.
1239 3741 1296 3787 iimo
1310 3741 1406 3799 srrmpto
1422 3752 1435 3786 e
1447 3739 1541 3788 zosimo
1554 3741 1562 3786 Ι
1573 3774 1583 3799 ,
1593 3743 1637 3798 36,
1655 3741 1688 3787 t:
1703 3739 1769 3786 Ἐπεὶ

165 3805 189 3852 δέ
204 3807 325 3868 διστρῖόων
342 3807 403 3854 κατὰ
418 3809 459 3864 τὴν
476 3807 580 3870 Ἔρεσον
590 3809 630 3856 καῖ
639 3825 691 3857 τινα
699 3809 813 3866 γενέθλιον
828 3807 893 3868 ἄγων
902 3808 981 3868 ἑορτὴν
990 3807 1013 3861 ἐξ
1023 3808 1144 3864 ἐπιδουλῆς
1156 3805 1268 3869 ἀνῃρέθη,
1278 3813 1324 3855 τῶν
1334 3809 1410 3856 ἐκεῖσε
1421 3807 1565 3869 πραγμάτων
1575 3807 1768 3868 δντιλαμδάνεται

165 3877 279 3934 Ζηνοθῖα,
293 3881 436 3924 συνοικοῦσα
448 3877 489 3940 μὲν
503 3877 638 3938 Ὀδανάθῳ,
655 3878 781 3940 φρονήματι
793 3876 816 3924 δὲ
827 3875 922 3938 ἀνδρείῳ
941 3877 1049 3938 χρωμένη
1058 3877 1097 3923 καῖ
1108 3875 1146 3924 διὰ
1161 3882 1208 3925 τῶν
1221 3875 1304 3938 ἐκείνῳ
1316 3876 1432 3925 συνόντων
1442 3878 1483 3934 τὴν
1498 3877 1553 3933 ῖσην
1568 3879 1707 3940 εἰσφέρουσα
1717 3884 1766 3932 τοῖς

165 3945 299 4006 πράγμασιν
308 3947 448 4007 ἐπιμέλειαν.
460 3972 489 3982 -
500 3945 678 4008 Γαλλιηνσῦ]
691 3947 747 3992 iiiuc
756 3957 840 3992 vereor
851 3957 882 3992 no
895 3943 925 3991 rio
937 3957 981 3992 suo
995 3945 1058 3994 mois
1066 3945 1159 3994 dederit
1170 3948 1304 4007 εκυετριοτ.
1318 3949 1421 3995 suorum
1434 3945 1525 3994 insidiis
1537 3947 1766 3996 Odenatiruosoirin·

164 4015 249 4062 tusost
261 4027 309 4064 seo.
325 4015 445 4063 Zosimom
456 4017 481 4064 et
499 4016 629 4064 Pollionem
646 4015 670 4063 in
690 4014 755 4074 Trig.
771 4015 829 4076 Tyr.
846 4025 868 4062 o.
888 4014 1040 4075 li‚Synorli.
1062 4027 1085 4076 p.
1105 4019 1164 4076 ³82,
1176 4018 1204 4064 c.
1217 4015 1272 4078 -§
1284 4021 1306 4065 s.
1326 4007 1444 4077 Εκοδτρῖα
1462 4027 1475 4064 e
1490 4016 1577 4064 zosim.
1597 4019 1621 4078 i,
1638 4023 1684 4076 ιο,
1697 4021 1719 4065 3.
1737 4043 1768 4052 —

163 4082 195 4139 ὃς
207 4083 380 4146 σνμπραῑ.]
392 4085 500 4147 όσνμπρ.
512 4084 566 4133 rod.

196 4154 235 4202 Fr.
252 4155 302 4202 tii.
321 4155 378 4202 iius
391 4151 474 4201 iisdem
485 4154 562 4202 serbis
571 4152 644 4200 nabo
653 4165 692 4214 ορ.
705 4152 826 4200 zosimum
840 4153 863 4210 1,
875 4154 901 4199 tt
912 4187 919 4210 ,
931 4157 954 4200 t.

194 4223 233 4270 Fr.
250 4225 302 4270 154.
320 4222 467 4283 Εκεοεῖρῖειι
482 4225 569 4271 zosim.
583 4225 606 4282 Ι,
616 4226 655 4270 ⁴7.
667 4247 697 4256 -
715 4219 889 4281 Κύντιλλος]
900 4221 1075 4276 κυντίλιοςυοδ.
1085 4247 1117 4258 -
1133 4221 1191 4284 δμα
1202 4226 1241 4284 τῷ
1252 4221 1308 4285 γν.]
1321 4221 1371 4282 ἅμα
1381 4223 1406 4270 δέ
1417 4226 1452 4282 τῷ
1463 4237 1499 4281 γν.
1518 4220 1572 4270 cod.
1585 4241 1616 4253 -·
1632 4222 1767 4286 λέγεται]

162 4292 280 4353 supplevi.
293 4291 430 4355 -τινὸς]
450 4297 516 4353 Zos.;
533 4295 599 4356 πρὸς
612 4291 869 4354 σωκ-ἐνδόντος]
883 4293 987 4348 εὐδόντος
1000 4291 1053 4340 cod.
1073 4321 1102 4332 -
1120 4291 1206 4355 αιίος]
1224 4295 1293 4354 Zos.;
1312 4291 1410 4346 ἀνσυδος
1428 4290 1481 4340 uid.
1501 4293 1615 4340 ceterum
1633 4303 1664 4339 οκ
1681 4292 1766 4340 οοδωιι

161 4361 255 4410 zosimo
264 4361 302 4411 roi
311 4375 341 4410 εκ
351 4365 497 4412 Josnoosuo
506 4364 586 4412 hausit
596 4368 671 4412 iinon.
683 4362 772 4411 chron.
786 4361 841 4410 cod.
857 4363 922 4411 i’aris
931 4367 975 4412 δεῖ
985 4399 992 4424 ,
1004 4374 1028 4423 ρ.
1040 4368 1085 4412 290
1096 4362 1133 4411 od.
1145 4365 1253 4410 emmer.

193 4433 232 4480 Fr·
250 4437 300 4480 155.
315 4432 403 4480 Eodem
414 4431 498 4482 suirios
507 4447 530 4481 τ.
543 4433 690 4494 Αὐρηλισνός.
703 4427 802 4493 Ειιιῖορ.
817 4433 864 4489 lx,
876 4440 890 4480 υ
902 4451 908 4480 :
920 4433 1105 4482 Aurelianus...
1115 4435 1158 4480 oir
1169 4433 1195 4478 in
1209 4431 1388 4491 heliopoleos,
1399 4429 1481 4478 ononi
1494 4432 1580 4480 tanton
1593 4429 1724 4479 ιιιιπιοιῖῖσῖ
1740 4434 1765 4480 ei

161 4499 198 4549 ad
206 4500 388 4550 crudelitatem
398 4505 573 4564 propensioris
586 4536 601 4549 ..
616 4503 746 4550 Plurimos
758 4501 853 4550 nobiles
864 4502 1113 4565 capiteomnium
1124 4503 1454 4562 suousetsonouinorius‚
1465 4513 1496 4549 oe
1511 4503 1673 4549 necessarius
1682 4505 1764 4562 monis

161 4571 188 4618 in
199 4569 357 4632 quibusdum
366 4584 444 4633 quom
460 4573 487 4620 in
497 4571 553 4620 uilo
568 4571 693 4620 amabitis
710 4573 861 4631 imperator,
883 4574 947 4619 trux
961 4573 1031 4619 omni
1045 4574 1169 4632 ternpore,
1183 4569 1322 4630 otiumfiiii
1334 4571 1428 4616 sororis
1441 4569 1506 4629 (filii
1522 4573 1614 4618 uxoris
1630 4583 1678 4618 ooo.
1691 4571 1761 4619 ioan.

162 4643 221 4689 Esc.
232 4641 240 4700 )
252 4641 402 4701 interfector
413 4657 423 4692 .·
435 4640 580 4704 disciplinis·
594 4644 679 4690 tomen
689 4641 817 4689 miiitoris
829 4643 855 4688 oi
867 4651 968 4688 morum
977 4639 1166 4689 dissolutorum
1179 4651 1276 4702 moono
1287 4652 1320 4688 ou
1330 4643 1408 4700 poris
1418 4643 1559 4689 corrector.

192 4711 233 4758 or.
251 4715 302 4760 tiro.
317 4713 418 4774 Eutrop.
430 4712 446 4760 Ι.
460 4712 476 4759 i.
498 4709 650 4760 :Occiditur
664 4714 731 4759 seroi
746 4713 786 4758 sui
797 4709 915 4770 froude,
930 4713 975 4772 qui
987 4709 1023 4758 od
1040 4708 1167 4772 quosdam
1185 4709 1314 4758 militares
1333 4712 1420 4769 viros,
1438 4714 1535 4760 amicos
1548 4713 1644 4771 ipsius,
1659 4713 1764 4759 nomino

159 4778 271 4839 pertulit
281 4779 411 4830 adnotato
421 4816 428 4841 ,
434 4780 510 4841 jaiso
523 4793 630 4828 osonum
641 4780 696 4840 ejus
707 4781 843 4840 inuitatus,
855 4783 982 4841 iunqrurm
997 4779 1154 4828 Aurelianus
1166 4781 1234 4839 ipsos
1243 4780 1353 4840 puroroi
1364 4779 1488 4828 occidere.
1509 4783 1603 4841 Itouno
1621 4782 1649 4826 ui
1665 4793 1763 4839 prorue·

159 4851 271 4909 nrroiur,
280 4850 314 4898 oi
323 4850 413 4900 iisdem
422 4849 574 4910 iniorsrcius
584 4854 622 4899 esi
636 4853 662 4898 in
676 4852 777 4898 itineris
788 4849 869 4897 medio
879 4849 949 4910 quoii
959 4851 1029 4898 inter
1042 4851 1289 4910 Consurniinopoiim
1299 4851 1324 4897 et
1341 4851 1494 4899 tierncieom
1509 4853 1547 4898 est
1557 4852 1649 4898 stratu
1661 4853 1763 4898 vereris.

160 4921 240 4968 Locus
260 4919 474 4982 coropnrurium
492 4921 526 4980 (Ι.
545 4919 775 4980 canopo-orrum)
787 4919 946 4981 appellatur.
960 4923 1028 4968 Mors
1043 4925 1128 4969 ionun
1146 4922 1200 4980 ejus
1213 4920 1301 4969 inuito
1314 4933 1363 4970 non
1375 4921 1443 4982 suit.
1465 4924 1559 4970 sternii
1576 4933 1678 4982 quoque
1695 4923 1764 4969 iniri·

159 4988 231 5036 diuos
241 4988 346 5047 suferri.
357 5019 387 5030 -
398 4990 454 5051 πρός
465 5005 527 5044 τινας
536 4987 685 5051 χιλιάρχους]
695 4989 750 5050 πρός
759 5005 819 5044 τινος
832 4991 954 5052 χιλιάρχου
964 4991 1018 5039 cod.
1029 4990 1120 5042 Deinde
1133 4991 1206 5038 codex
1218 4993 1291 5053 φέρων
1302 4994 1327 5040 ot
1339 4995 1544 5054 σεοημειιιιμένων.

190 5059 229 5105 Fr.
251 5062 301 5106 toi.
319 5059 375 5108 ΙΙιυο
384 5059 502 5120 exscripto
512 5061 568 5106 snut
578 5071 608 5104 on
626 5059 719 5106 zosimo
730 5063 737 5118 ς
749 5061 771 5114 Ι,
785 5063 814 5106 oi
825 5063 845 5116 i,
858 5061 927 5118 cujus
944 5059 1016 5108 verbo
1028 5061 1132 5107 iooooos
1148 5059 1172 5108 in
1186 5059 1308 5108 nonnuliis
1322 5059 1447 5122 integriora
1460 5059 1563 5120 ρτεοθοῖ,
1575 5071 1648 5120 quom
1667 5063 1690 5108 in
1701 5049 1760 5108 *orii-
