3908 5732
813 370 1064 432 rusonnurs.
1680 381 1732 434 ενι
1817 343 1819 353 ”

133 501 211 568 αύτδς
221 500 248 559 δέ
262 499 361 566 Ἰλλούς
383 497 439 574 ἅμα
451 497 567 578 Λεοντίῳ
587 497 816 578 δεανυκτερεύσας,
837 501 915 570 ἀνῆλ-
1323 509 1389 568 αι5.

135 593 177 646 θεν
200 589 236 654 εῑε
254 587 286 692 εξ
303 587 426 667 Χίονιν
446 583 585 690 τερένων»
604 587 655 697 ui<
675 585 916 694 'iguisufiwh
1002 615 1071 668 axe.
1093 614 1136 668 ne
1156 612 1220 669 ιιη.
1240 630 1272 686 p.
1289 611 1345 668 ass
1357 629 1365 670 ι
1379 606 1442 670 'oe
1454 613 1468 668 e
1481 607 1601 688 essuri<
1616 611 1743 670 ἐνιπε-

134 677 204 734 χαῗὰ
214 698 307 753 μίχθθν
319 672 618 782 ἀπθδῑμξανξντωνγκαί
628 696 712 779 ταξου
726 675 915 780 βαξῑλεωὶῑθ·
962 718 1016 760 σιος
1026 697 1069 754 ἐπὶ
1083 695 1113 756 τὸ
1130 705 1217 776 χεῖρον
1229 696 1337 776 τραπείς
1349 705 1437 756 πᾶσαν
1454 703 1520 773 θμοῦ
1535 697 1582 769 τήν
1603 703 1649 768 τῆς
1664 702 1742 757 πολι·

134 784 212 828 νωνοῖ
224 759 419 872 ξίέθυμίνθζννθ
440 783 484 818 ²²²
500 763 514 793 ⁴
531 765 778 870 μοναίῇίξεέαθιτου
791 762 915 870 §mh-⁰
963 783 1034 849 τείας
1048 783 1263 863 άριστοκρατείαν
1278 787 1436 860 μετέστησε,
1450 785 1496 852 τέες
1520 785 1567 861 μέν
1581 785 1665 866 ἐρχδς
1678 786 1744 844 inei-

87 927 98 948 *
135 851 161 908 lv
173 853 255 910 είκονι
270 851 405 928 βασιλειας
418 846 610 925 διαγενομένου.
636 851 779 925 θπομενων
792 847 818 908 οέ
829 851 915 916 αὐτοις
962 892 1009 938 ,ας
1024 873 1185 946 mmm„
1199 869 1606 952 ,αγωῑςάδυωησωυμχωρῶχ
1622 872 1744 952 ,αγπρός

134 939 163 998 ὠ
179 941 253 1043 θεῖον
263 935 429 1046 ἐγδξθλῑλίων
446 937 555 1046 θΞίδθῶνν
570 933 629 1043 'fb‘
644 935 760 1038 μάλξστα
773 937 857 996 αὐτῶν
873 937 913 996 ’θ’
962 979 992 1034 γε
1006 959 1151 1036 χρημάτων
1164 959 1303 1038 ἀκόρεστον
1319 958 1459 1035 ἐπιθυμίαν
1474 959 1595 1038 τραπείς·
1619 965 1654 1026 ὡς
1668 959 1744 1029 κενδις

134 1048 191 1132 νθξθς
208 1026 405 1100 ῑπῑλῑίαμθδθῑι
426 1046 484 1090 ³⁰⁰<
501 1024 604 1131 λθῑίξουί
624 1025 652 1128 31
665 1046 718 1132 '‘⁰‘f
735 1023 835 1102 ἅνῗθοῑθ
850 1029 913 1084 ἀπῑ·
963 1047 1079 1102 ἐντεῦθεν
1092 1043 1211 1122 γενέσθαι
1235 1045 1388 1121 καταλόγων
1404 1045 1447 1112 τθς
1460 1046 1603 1126 ἐπαρχίας,
1618 1047 1663 1105 καί
1679 1047 1744 1128 πρὸς

134 1136 260 1193 7977716717
268 1114 292 1184 ⁴2
306 1111 469 1190 ἃπολλαλοῦ
484 1135 516 1190 'h
531 1134 606 1190 9⁰⁶²*
617 1135 668 1168 των
681 1133 766 1170 TW
781 1111 912 1192 ῑῖθΥασῗο·
961 1129 992 1188 τὸ
1008 1130 1086 1201 αίηθες
1099 1129 1144 1188 καί
1153 1130 1222 1198 ξένον
1238 1135 1462 1214 καταπεπλῆχθαι
1479 1133 1537 1200 τοίις
1552 1134 1657 1216 ἄνδρας.
1672 1136 1742 1194 Ούδέ

175 1223 198 1264 ε.
223 1200 405 1278 Ἀγγελθείσης
422 1200 449 1258 δέ
462 1204 509 1270 τ’ής
525 1198 609 1259 Ἰλλοῦ
627 1199 672 1258 καί
683 1199 805 1259 Λεοντίου
823 1205 914 1280 φυγῆς,

135 1292 149 1347 δ
164 1288 256 1372 Ζήνων
269 1288 436 1365 Κοετομένην
448 1287 594 1366 στρατηγὸν
609 1285 740 1367 ἑκατέρων
753 1290 915 1348 ποιεῖταιδυ-

134 1377 248 1453 νάμεων,
263 1377 388 1456 Λογγῖνον
396 1374 423 1434 δέ
434 1374 476 1433 τὸν
489 1377 518 1434 ἐκ
533 1376 684 1456 Καρδάμων
693 1375 846 1457 μάγιστρον.
860 1379 914 1438 Καὶ

133 1464 164 1522 τὸ
177 1463 224 1540 μέν
236 1463 397 1544 Θευδερίχοο
417 1464 513 1533 πλῆθος
531 1463 723 1536 ἀνεκαλέσατο,
739 1461 799 1544 τούς
815 1464 842 1522 δὲ
861 1469 913 1523 τῶν

135 1551 235 1630 Ῥόγων
247 1551 332 1628 μένειν
347 1551 399 1629 [ἐν]
410 1555 442 1630 τῇ
454 1549 528 1630 χύρφ
543 1549 712 1629 προσέταξεν.
728 1549 776 1611 Ἐν
786 1552 812 1610 δέ
827 1555 914 1632 τῇτοῦ

133 1639 258 1718 φρουρίου
269 1637 410 1718 προαεδρίφ
417 1639 543 1706 πολλάκις
553 1637 685 1714 συμύολαί
695 1638 912 1716 διηγωνίσθησαν.

135 1727 235 1808 Βηρίνα
248 1725 275 1784 δὲ
286 1731 343 1803 μετ’
354 1725 448 1798 ἐνάτην
460 1725 563 1808 ἡμέραν
575 1729 621 1796 τῆς
635 1729 661 1784 ἐν
672 1729 785 1808 φρουρίῳ
795 1749 915 1807 καταφυ-

133 1817 181 1892 γῆς
194 1819 337 1894 περιθεῖσα
365 1813 531 1887 ἐτελεύτησε,
552 1811 598 1872 καί
616 1815 642 1870 ἐν
670 1813 808 1894 μολιόδίνῃ
827 1817 914 1891 ἐταρι·

133 1899 214 1980 χεύθη
227 1901 347 1982 λάρνακι.
365 1901 444 1960 iiiii
458 1900 510 1976 μήν
523 1899 568 1959 καί
581 1901 688 1979 Μάρσος
703 1899 770 1976 μετὰ
780 1902 803 1959 λ’
814 1899 915 1980 ἡμέρας

135 1987 287 2065 ἀποθανὼν,
300 1994 333 2068 τῇ
345 1988 389 2067 ἴση
405 1989 536 2066 παρεδόθη
551 1993 628 2068 ταφῇ.
642 1989 677 2048 ‘0
689 1988 715 2045 δέ
737 1987 837 2053 Ἰλλυῦς
845 2035 853 2060 ,
866 1988 913 2059 τήν

133 2081 179 2134 τοῦ
191 2077 312 2156 φρουρίου
323 2077 440 2157 φυλακήν
452 2077 592 2157 ἐπιτρέψας
607 2076 718 2155 Ἰνδακῷ
731 2073 872 2154 Κοττούνη,
884 2077 913 2133 τὸ
942 2109 947 2119 ·

133 2162 223 2222 λοιπὸν
242 2165 382 2242 ἐσχολαζεν
395 2167 420 2222 έν
434 2163 577 2241 ἀναγνώσει
595 2161 714 2242 βιύλίων.
731 2161 785 2220 Καὶ
801 2164 814 2219 θ
830 2161 913 2221 Λεόν-

133 2272 185 2316 τιος
194 2253 220 2309 ἐν
233 2251 340 2327 νηστείφ
355 2273 383 2308 τε
402 2253 446 2309 καί
459 2250 558 2330 θρήνοις
570 2251 686 2308 διετέλεε.
706 2248 913 2325 Ἐμεεονεκτεῖτο

132 2337 160 2396 δέ
175 2339 204 2394 ἐκ
218 2335 353 2396 τούτουτδ
365 2338 424 2418 περὶ
437 2337 481 2396 τόν
495 2337 606 2396 Ἰλλοῦν·
623 2336 694 2396 καίθ
713 2340 913 2404 ἀντεκάστελλος

132 2426 159 2484 δέ
171 2424 221 2484 ὑπὸ
232 2429 284 2483 τῶν
304 2423 374 2483 ἔνδον
387 2423 530 2500 Ῥωμαίοις
541 2425 686 2503 προεδόθη,
701 2427 736 2490 ὣς
748 2426 774 2481 ἐν
792 2423 911 2502 άπογνιύ·

133 2510 238 2579 σειτοὺς
252 2513 312 2592 περὶ
325 2513 370 2570 τὸν
383 2512 483 2572 Ἰλλοῦν
496 2513 622 2587 γενέσθαι.

171 2621 194 2662 7.
218 2599 336 2660 Ὑπάτου
352 2599 377 2658 δέ
393 2606 438 2659 τοῖν
460 2600 586 2678 Λογγίνου
601 2597 669 2658 κατδτ
683 2597 727 2658 τὸν
742 2599 800 2670 ἑξῆς
814 2601 912 2658 άποδε-

131 2686 267 2764 δειγμένου
278 2688 370 2767 χρόνον
386 2691 449 2762 (nn.
467 2691 533 2766 tao),
546 2685 588 2746 δτε
605 2686 765 2769 Θευδίριχος
782 2688 861 2746 πάλιν
876 2689 912 2756 είς

134 2775 279 2834 ἀπόστασιν
294 2768 360 2848 εἶδε,
376 2777 421 2834 καί
433 2775 466 2834 rh
487 2776 547 2854 περὶ
559 2775 607 2846 τήν
628 2775 738 2856 Θρᾴκην
757 2776 912 2852 ἐλυμαίνετο

131 2863 231 2940 χοιρία,
246 2863 308 2941 (καί)
321 2868 335 2922 θ
349 2863 440 2933 Ζήνων
457 2864 520 2942 πρὸς
531 2864 575 2922 τόν
591 2863 736 2940 Ὀδόακρυν
747 2863 776 2921 τὸ
785 2867 836 2920 τῶν
849 2863 911 2924 Ῥό-

132 2973 185 3026 γων
200 2951 361 3022 ἐπανέστησε
374 2951 461 3028 γένος,
471 2954 504 3017 in
516 2949 581 3026 ἔγνον
592 2957 682 3009 τοῦτον
693 2949 756 3028 πρὸς
766 2949 813 3021 τήν
826 2950 911 3010 ’litei

132 3036 288 3118 συμμαχίαν
302 3038 572 3117 παρασκευαζόμενον.
587 3040 721 3116 Λαμπρὰν
734 3036 762 3095 δέ
776 3039 912 3109 ἀναδησα-

133 3124 219 3200 μένων
227 3125 301 3195 νίκην
307 3128 358 3182 τῶν
366 3126 426 3202 περὶ
438 3127 481 3184 τόν
494 3125 651 3205 Ὀδύακρον,
668 3125 732 3202 πρὸς
744 3125 771 3182 δέ
785 3125 829 3182 καὶ
847 3149 913 3183 που·

134 3212 238 3291 ψάντων
250 3214 320 3291 δῶρα
335 3216 372 3292 τῷ
387 3213 489 3282 Ζήνωνι
498 3215 549 3270 τῶν
566 3214 698 3293 λαφύρων,
709 3215 909 3290 ἅποπροσποιη·

960 1215 1011 1298 γδρ
1028 1216 1118 1286 όπλοες
1140 1217 1198 1285 τοὺς
1223 1219 1342 1288 ἐπιόντας
1357 1220 1504 1301 βαρύάρους
1526 1221 1655 1298 ήμύνετο,
1672 1221 1742 1280 άλλδ

960 1304 1080 1383 χρήμασι
1090 1305 1137 1377 τήν
1149 1306 1252 1385 εἰρήνην
1265 1307 1436 1384 ἐξωνούμενος
1445 1308 1563 1368 διετέλεε.
1581 1311 1651 1387 Πρὸς
1665 1309 1693 1367 δέ
1711 1331 1741 1384 γε

960 1393 1060 1458 τούτοις
1074 1393 1119 1450 καὶ
1138 1393 1184 1460 τδς
1205 1397 1255 1452 τῶν
1270 1394 1450 1453 τελευτώντων
1475 1395 1563 1462 ούσίας
1588 1399 1740 1476 ἐπολυπρα·

960 1480 1067 1556 γμόνει,
1083 1481 1170 1552 κοινήν
1184 1481 1267 1540 ἅπασι
1279 1484 1438 1562 δωρούμενος
1445 1481 1493 1553 τήν
1507 1483 1609 1544 πενίαν.
1622 1474 1673 1543 Ὧν
1687 1484 1738 1562 γδρ

963 1566 1039 1636 αὐτὸς
1051 1567 1184 1644 ἑλοίμύανε
1196 1567 1242 1636 τίς
1256 1570 1354 1642 οὐσίας,
1363 1570 1460 1637 τούτοις
1468 1571 1526 1648 μετ’
1535 1569 1622 1648 ὀλίγον
1631 1571 1741 1628 διεδίδου

960 1657 998 1732 τῷ
1008 1658 1054 1726 τῆς
1067 1655 1199 1724 εύσεύείας
1210 1656 1311 1736 τρόπῳ·
1324 1658 1368 1714 καὶ
1380 1648 1416 1716 ὧν
1435 1656 1546 1734 ἐγύμνου
1563 1657 1667 1716 πόλεων
1681 1655 1742 1724 τοὺς

961 1743 1139 1820 ἐνοικοῦντας,
1154 1744 1201 1810 τὰς
1212 1743 1349 1820 οέκοδομδς
1365 1743 1481 1804 άνενέου·
1501 1748 1536 1810 ὡς
1546 1745 1592 1802 καὶ
1607 1743 1654 1816 τήν
1669 1747 1741 1820 ἐνεγ-

960 1826 1075 1905 καμίνην
1092 1831 1247 1909 [ἐπιμελῶς]
1263 1835 1413 1908 κοσμῆσαι,
1439 1831 1486 1889 καὶ
1502 1831 1572 1910 τρισὶ
1587 1831 1739 1911 περιόαλεῖν

960 1917 1106 1996 στεφάνοις.

1024 2010 1027 2016 ’
1316 2017 1383 2073 α16.

999 2117 1072 2173 lbid.
1087 2137 1117 2193 p.
1135 2117 1191 2175 853
1207 2139 1214 2174 ε
1229 2116 1295 2178 Ὅτε
1311 2118 1353 2176 ἐπὶ
1364 2123 1409 2176 τοῦ
1423 2117 1591 2177 ἰθναστασίου
1603 2124 1649 2176 τοῦ
1661 2123 1740 2197 βασι·

958 2199 1025 2267 λε’ως
1040 2203 1121 2260 δειναί
1132 2211 1187 2270 ταῖς
1201 2203 1270 2262 κατδ
1280 2203 1382 2276 Λιόύην
1395 2205 1502 2264 πολεσιν
1513 2205 1664 2286 ἐπέσκηψαν
1679 2206 1742 2264 θλί-

959 2293 1016 2370 ψεις
1031 2290 1082 2349 θπδ
1092 2294 1144 2348 τῶν
1154 2290 1323 2368 καλουμένων
1335 2296 1471 2361 Μαζεκῶν.
1486 2292 1621 2354 Ἐδέδοντο
1631 2293 1682 2373 γδιρ
1697 2301 1741 2352 θυ·

958 2379 1073 2457 γατρεδῷ
1082 2377 1202 2458 Μαρίνου
1216 2381 1241 2446 ἐς
1254 2380 1405 2457 ήγεμονίαν,
1422 2379 1495 2459 άνδρθ
1508 2380 1557 2461 νέῳ
1572 2379 1617 2438 καὶ
1631 2379 1697 2438 πολύ
1710 2380 1740 2440 τδ

958 2469 1052 2544 κοῦφον
1067 2465 1234 2542 κεκτημένοι·
1259 2467 1304 2524 καί
1319 2469 1377 2542 μετ’
1392 2469 1488 2525 ἐκεῖνον
1505 2459 1577 2534 αὖθις
1597 2469 1740 2546 Βασσιανῷ

957 2555 995 2632 τῷ
1006 2552 1089 2614 παιδί.
1104 2551 1136 2612 ‘0
1153 2553 1178 2611 δέ
1193 2527 1229 2620 οίς
1241 2551 1335 2632 ἔπραξε
1355 2554 1483 2620 παντοίοις
1504 2555 1550 2622 τὰς
1567 2561 1611 2612 τοῦ
1629 2553 1680 2632 πρὸ
1697 2557 1741 2612 αύ-

958 2644 1003 2697 τοῦ
1017 2637 1140 2718 ἄρξαντος
1151 2640 1376 2718 ύπερύαλλόμενος
1391 2641 1542 2718 ἀσελγείας,
1565 2641 1644 2699 ἔδωκε
1656 2641 1739 2701 Λίύυ-

960 2746 1000 2780 σιν
1010 2727 1138 2802 αἱρεῖσθαι
1152 2725 1186 2782 τδ
1197 2726 1326 2806 πρότερα,
1343 2727 1482 2786 καὶταῦτα
1497 2736 1550 2794 τοῖς
1568 2729 1615 2802 μέν
1633 2727 1738 2799 πενίας,

958 2812 1009 2878 τοῖς
1022 2811 1049 2868 δέ
1064 2813 1177 2870 θανάτου
1193 2815 1301 2890 μνήμην
1310 2815 1515 2894 καταλείψαντα.
1524 2814 1633 2884 Οὕτως,
1648 2817 1670 2872 εί
1687 2815 1738 2873 δέοι

960 2901 1054 2970 εἰπεῖν,
1066 2897 1092 2957 οί
1110 2921 1137 2956 τε
1153 2899 1196 2980 ἀφ’
1208 2899 1318 2976 αίματος
1330 2901 1375 2958 καί
1388 2901 1478 2966 ἁπλῶς
1494 2899 1541 2978 [οἱ]
1556 2898 1602 2970 τήν
1620 2899 1742 2978 Μαρίνου

957 2985 1200 3064 παρευτυχήσαντες
1225 2987 1344 3062 εύνοεαν,
1369 2989 1421 3053 τοῖς
1441 2987 1545 3046 Areios
1569 2987 1742 3066 διαφερόντως

957 3073 1003 3132 καὶ
1017 3073 1168 3150 Αἰγυπτίων
1182 3073 1372 3154 ἐνεφορήθησαν
1385 3073 1528 3150 κτήμασιν.

1315 3218 1382 3268 217.

131 3299 242 3376 σάμενος
257 3299 380 3372 συνήδετο
392 3301 444 3367 τοῖς
455 3306 619 3379 πραχθεῖσιν.
630 3305 665 3360 Οἱ
674 3301 745 3382 δέτῇ
761 3301 844 3360 'itinn
863 3301 908 3360 καί
999 3303 1083 3378 (cod.
1097 3303 1240 3375 vatican.)
1262 3323 1269 3358 ε
1286 3299 1464 3378 Λογισάμενος
1485 3299 1667 3364 Ἰουστινιανδς
1685 3298 1736 3370 τήν

130 3386 255 3446 Λεοντίου
266 3384 462 3466 προεδρεύοντες
472 3387 624 3468 πολεορκίφ,
643 3386 709 3464 μετδ
735 3387 765 3446 τό
779 3389 911 3466 ἐπιτυχεῖν
959 3387 1078 3458 δαπάνην
1092 3392 1143 3444 τῶν
1162 3389 1291 3447 τοσούτων
1306 3389 1432 3466 χιλιάδων
1458 3387 1510 3444 δεῖν
1529 3386 1615 3466 ἔκρινε
1638 3387 1739 3462 μᾶλλον

132 3479 177 3531 τοῦ
194 3476 374 3555 ἐντιφρουρίου
386 3477 491 3540 πολλοῖς
503 3477 692 3554 μηχανήμασιν
711 3479 835 3554 ἐχρῶντο.
851 3475 911 3534 ’Av-
958 3474 990 3533 δι’
1001 3473 1094 3550 ὀλίγων
1104 3473 1192 3555 δώρων
1209 3475 1370 3551 συμθάλλειν
1387 3474 1508 3544 ἀλλήλοις
1523 3475 1580 3539 τοὺς
1592 3475 1642 3531 τῶν
1660 3477 1738 3530 ἐθνῶν

131 3563 338 3636 τικαθεζομένων
351 3563 378 3620 δέ
400 3567 451 3620 τῶν
466 3563 685 3640 στρατευμάτων,
709 3563 754 3620 καί
775 3565 800 3628 ἐς
822 3563 911 3639 λόγους
958 3555 1102 3642 ἄρχοντας,
1117 3560 1159 3620 ίνα
1178 3561 1236 3630 τούς
1251 3563 1298 3638 μὲν
1311 3562 1377 3639 μήτε
1390 3568 1505 3620 τοσαῦτα
1520 3563 1625 3636 δαπανᾷ
1647 3562 1683 3633 εἷς
1695 3561 1738 3617 τὀν

131 3647 230 3728 φιλίους
250 3652 362 3719 ἀνῆλθον
386 3649 485 3716 Ἰλλοῦς
508 3673 536 3708 τε
559 3651 604 3707 καὶ
618 3649 739 3721 Ἰωάννης
759 3653 772 3707 δ
788 3649 909 3727 Σκύθης,
958 3649 1068 3726 στρατὸν
1081 3650 1143 3726 μήτ’
1158 3653 1277 3730 ὀχλεῑταε
1289 3649 1402 3720 πέμπων
1417 3647 1476 3708 κατ’
1487 3649 1582 3718 αὐτῶν,
1598 3649 1692 3704 ἐκεῖνοι
1707 3645 1735 3702 δέ

131 3737 176 3795 καί
188 3739 356 3815 γραμμάτιον
369 3737 431 3817 πρός
454 3737 497 3796 τὸν
512 3726 826 3818 Ζήνωναδιεπέμψαντο,
842 3741 912 3796 hco-
958 3739 1080 3807 ἀλλήλοις
1097 3738 1168 3796 αέτία
1186 3747 1280 3818 φθορᾶς
1294 3741 1419 3816 γίνοιντο,
1436 3737 1450 3795 δ
1469 3738 1534 3806 δῆτα
1548 3735 1612 3800 τέως
1625 3733 1671 3792 ἐπὶ
1687 3737 1739 3800 τοῖς

131 3830 279 3902 μιμνήσκον
294 3825 370 3884 αὐτὸν
381 3827 436 3887 '⁴⁴¹0

959 3829 1055 3884 ἐκεῖθεν
1068 3831 1113 3883 τοῦ
1125 3825 1229 3905 Ἴστρου
1236 3825 1343 3892 Οὔννοις
1353 3823 1609 3901 ἐποίησεν.Ἐγραψε
1617 3821 1667 3900 γθιρ
1675 3821 1739 3899 πρὸς

131 4019 162 4033 --
178 3993 220 4046 τίς
235 3993 267 4041 τδ
286 3993 416 4054 Χὲρρεως
429 3990 488 4054 φρ]
506 3991 576 4046 εῑςτδ
589 3990 780 4053 Χερρεσφρούρεον
800 3990 853 4039 cod.
871 4019 902 4032 -
915 3990 1201 4054 ἀπολεμπανόντων]
1217 3990 1407 4052 δπολιπαρόντων
1419 3988 1472 4036 cod.
1493 3987 1612 4043 -Ε’καὶ
1628 3984 1658 4048 *1
1677 3985 1738 4034 torte

131 4061 176 4110 tuit
190 4060 238 4118 εξη’
251 4061 320 4122 μόνον
339 4087 370 4097 -
381 4061 592 4125 ἀπεχώρησαν]
603 4063 619 4110 i.
633 4060 925 4122 ἀποχωρῆσαεέκελευσαν.
938 4063 1131 4128 -είργαστο]
1143 4062 1279 4126 εἰργάσαντο
1292 4062 1345 4110 cod·
1357 4060 1445 4122 -§6.
1455 4061 1503 4108 τὸν
1513 4059 1544 4107 ἐκ
1559 4055 1733 4120 Καρδιίμων]

130 4134 247 4196 Κάρδιμα
259 4135 338 4182 iocum
353 4147 400 4182 non
413 4134 476 4183 nori.
491 4134 610 4194 Longinus
620 4133 661 4181 itte
669 4145 727 4180 nuni
735 4135 771 4180 est
782 4133 852 4181 irater
865 4135 978 4194 zenonis,
989 4131 1031 4195 qui
1047 4147 1086 4182 an.
1100 4139 1141 4182 1811
1151 4132 1233 4180 consui
1252 4132 1312 4180 init?
1329 4129 1434 4179 ostendit
1445 4132 1510 4176 certe
1522 4129 1586 4175 tiunc
1597 4126 1628 4176 ab
1640 4129 1735 4174 toanua

130 4203 247 4264 designari
259 4205 387 4252 rechiario
399 4204 426 4252 ἐκ
439 4203 582 4265 Καρθάμων,
595 4202 638 4252 nisi
650 4203 748 4250 sortasse
762 4202 894 4251 Cordama
905 4206 941 4251 est
953 4216 1039 4251 nomeu
1051 4201 1154 4262 cessioni,
1167 4201 1191 4249 in
1207 4215 1255 4262 qno
1265 4215 1307 4263 per
1317 4201 1399 4262 piures
1408 4211 1483 4246 annos
1492 4197 1549 4245 iiius
1559 4209 1615 4245 enm
1628 4196 1735 4244 detinue-

131 4277 178 4321 int.
190 4274 227 4322 Gi.
239 4274 375 4322 Titlemont.
389 4287 411 4334 p.
428 4281 480 4323 5111.
496 4303 524 4315 -
542 4279 597 4321 τῶν
614 4271 736 4334 Ῥόγων]
746 4277 793 4320 τῶν
804 4271 893 4334 potins
905 4271 975 4333 cod.;
991 4277 1037 4321 τῶν
1051 4273 1147 4320 Ῥοδίων
1159 4271 1257 4320 dederat
1267 4273 1374 4318 Cramer.
1389 4271 1497 4317 Fortasse
1507 4271 1558 4314 erat
1568 4271 1615 4314 τῶν
1627 4265 1735 4326 'tissime

130 4344 194 4392 sicut
206 4343 229 4390 in
243 4343 321 4392 iutinis
331 4343 487 4405 scriptoribus
502 4343 606 4406 populus
621 4343 661 4392 iiie
671 4343 744 4390 niodo
759 4347 825 4404 Puni
838 4343 909 4392 modo
927 4346 1002 4405 ducii
1014 4346 1123 4391 roratur.
1134 4369 1165 4380 -
1178 4338 1355 4403 περιθεῖσα]
1367 4339 1430 4396 Quid
1440 4349 1512 4385 nunu
1522 4337 1568 4386 teni
1578 4337 1609 4385 sit
1619 4348 1736 4397 reponen-

130 4413 189 4462 durn
207 4415 294 4464 irescio.
313 4421 349 4464 An
366 4417 539 4477 παραλυθεῖσαθ
557 4415 714 4476 Theophanes
730 4427 752 4476 p.
764 4421 822 4474 701,
834 4423 865 4465 ³:
886 4413 969 4476 Ιθηρίνη
987 4414 1012 4461 δέ
1024 4413 1072 4462 ἐκεῖ
1082 4413 1119 4472 (711
1131 4412 1224 4473 Papirio
1235 4411 1312 4469 cast.)
1328 4411 1451 4465 νοσήσασα
1463 4407 1609 4467 ἐτελεύτησε,
1626 4407 1665 4454 καὶ
1678 4405 1737 4466 μετὰ

130 4483 214 4546 χρόνον
234 4485 376 4546 ἀνεκομίσθη
386 4487 417 4540 εἰς
437 4486 464 4533 τὸ
474 4483 595 4540 Βυζάντιον
609 4485 655 4533 ὑπὸ
672 4484 795 4546 Ἀριάδνης.
818 4485 855 4533 ct.
870 4488 956 4544 duagr.
972 4485 1021 4540 111,
1035 4485 1073 4533 ui.
1086 4505 1116 4516 -
1136 4479 1150 4542 §
1168 4483 1191 4528 7.
1205 4478 1291 4542 νίκην]
1300 4476 1409 4527 odoacer
1423 4481 1511 4526 ravam
1524 4479 1645 4536 tingorum
1658 4487 1737 4532 renem

132 4555 190 4602 sicit
202 4553 226 4602 d.
244 4561 270 4603 15
284 4557 343 4603 tior.
354 4568 394 4602 an.
410 4557 464 4612 tsi,
475 4555 510 4603 uti
522 4555 587 4602 disco
601 4569 632 4602 σε
644 4554 797 4603 'iiitemontio
815 4568 838 4616 p.
858 4559 919 4613 520,
931 4552 973 4615 qui
986 4554 1070 4600 tentem
1089 4550 1146 4598 citat
1165 4549 1288 4598 Ennadern
1303 4547 1327 4596 iu
1344 4552 1457 4609 Panegyr.
1475 4545 1616 4595 Theoderici
1637 4558 1660 4606 p.
1680 4549 1736 4592 198.

130 4653 161 4665 -
174 4624 244 4687 πρδς
257 4623 296 4687 δέ]
310 4625 412 4686 προσήδε
424 4623 507 4672 codex.
520 4649 548 4659 -
562 4613 787 4686 ιἰπομιμνῆσκον
801 4623 905 4688 αὐτόν]
920 4624 1104 4686 ὑπομιμνήσκων
1118 4620 1172 4671 eod.
1186 4621 1447 4682 F.huoptpsr'1nrtosrs;.
1461 4617 1561 4679 Reliqua
1573 4617 1682 4696 desunt..

162 4697 202 4744 Fr.
212 4700 266 4742 715.
278 4694 365 4743 Eadem
375 4693 459 4744 suidas
467 4706 490 4741 ν.
499 4693 745 4751 Ἆναστάσιος.-τήν
754 4699 803 4752 τῆς
812 4693 963 4750 πολιτείας
975 4691 1281 4757 θιριστοκρατείαν]τὴν
1290 4691 1448 4753 parentant<
1459 4683 1736 4764 ὰρεστοκρατίανὸυεμοε.

130 4795 162 4807 -
172 4769 206 4814 De
214 4764 260 4814 tide
268 4765 410 4814 narrationis
417 4765 587 4826 Bernhardyus
596 4765 697 4812 conterri
705 4765 774 4826 juhet
783 4764 951 4813 itudticherum
961 4763 985 4811 in
996 4763 1107 4812 Priscian.
1117 4775 1140 4824 p.
1151 4769 1181 4811 uu
1191 4775 1228 4823 sq.
1236 4763 1324 4818 -τὴν
1334 4755 1549 4821 ἐνεγκαμένην]
1559 4775 1570 4798 ν
1580 4753 1737 4816 dyrrachium

130 4849 176 4898 sc..
185 4839 213 4886 nt
223 4837 325 4886 testetur
334 4836 450 4896 Euagrius
461 4839 508 4896 ru,
521 4841 556 4884 tu.
571 4853 582 4876 ν
594 4837 761 4883 Praenesti.
775 4835 881 4895 Procopii
891 4837 949 4882 Gaz.
961 4839 1074 4894 Panegyr.
1085 4846 1107 4881 c.
1118 4839 1141 4880 1.
1154 4831 1415 4892 Bernhardy-vocem
1424 4830 1536 4891 ἐπιμελῶς
1545 4821 1735 4874 addidiesuida.

162 4910 201 4957 Pr.
220 4913 274 4956 716.
293 4907 382 4955 Endera
394 4906 480 4954 Suidas
493 4905 509 4955 i.
525 4905 651 4966 1.-θυγ.
667 4902 1056 4967 11αζικῶν]1αζινῶν8υἰδ.οι1.
1075 4901 1136 4951 hied.
1148 4929 1179 4942 -
1195 4905 1218 4952 Μ
1225 4899 1345 4964 spisso]
1360 4903 1395 4948 sic
1404 4901 1481 4948 codex
1499 4900 1524 4946 et
1535 4895 1620 4948 suidas
1639 4893 1736 4942 habent.

130 4977 240 5026 valesius
259 4977 350 5037 scripsit
370 4975 466 5038 Μαρίνῳ
494 4993 506 5015 ι
521 4976 552 5022 st
565 4987 641 5034 quum
655 4975 774 5023 tiarinrun
793 4974 908 5023 anastasii
923 4976 1033 5036 nepotem
1047 4973 1127 5020 nutius
1138 4971 1277 5029 tradiderit,
1296 4969 1452 5020 Endiicherus
1466 4969 1489 5017 iu
1504 4967 1579 5016 Prisc.
1595 4977 1618 5026 p.
1636 4967 1680 5042 71,
1695 4963 1738 5011 ant

131 5048 190 5097 iiind
207 5047 342 5110 (Μαρίων)
355 5045 471 5107 probabat
483 5046 526 5092 aut
538 5047 593 5092 ante
611 5045 740 5106 θνγατριθῷ
756 5056 829 5092 arun
841 5043 926 5092 Marini
938 5045 1152 5094 commemoratum
1166 5041 1317 5103 opinabatur.
1335 5059 1348 5082 ν
1369 5039 1461 5089 Bernh
1478 5065 1510 5079 -
1521 5031 1620 5096 αὖθις]
1633 5031 1736 5093 ὃυιεθεες

132 5119 196 5174 εὐθὺς
209 5120 282 5178 Εκοε
296 5117 350 5166 dein
365 5119 474 5177 Βασιανῷ
483 5114 550 5164 Suid.
563 5140 590 5150 -
600 5117 649 5163 καὶ
661 5112 773 5178 ἁπλῶς]
783 5127 830 5162 um.
844 5112 935 5164 suidas.
