3792 5728
765 342 1006 406 abacorum.
1645 370 1678 423 m

108 473 176 530 αὐτοῦ
187 471 340 551 θεράποντές
354 474 404 530 είσι
416 471 573 552 στρατηγοὶ,
590 474 661 550 αύτῷ
676 470 702 530 δὲ
714 475 737 530 οἱ
749 481 801 540 τοῖς
818 478 864 547 βα·
911 477 937 540 ές
958 475 1005 547 τὴν
1026 477 1134 556 οκηνλν,
1148 482 1162 537 δ
1176 484 1220 538 τοῦ
1235 479 1358 562 Ὀρέστου
1378 483 1466 566 πατὴρ
1482 477 1530 557 ἧκε
1544 487 1635 564 λέγων,
1649 495 1683 557 ὡς

105 559 222 620 dirimo
242 559 383 636 Ῥωμαίων
412 560 541 634 ὁμότιμοι.
566 558 692 618 Ἐσεσθαι
715 559 743 617 δὲ
766 561 812 617 οὐκ
831 562 866 626 εἰς
911 562 1070 644 ἀμφοτέρους
1083 570 1149 640 ὑμᾶς
1163 567 1286 638 ’Λττόλας
1301 571 1343 627 ἐπὶ
1359 571 1388 629 τὸ
1402 575 1544 648 συμπόσιον
1558 597 1681 653 παραχα-

103 647 195 724 propria
212 652 258 716 τῆς
278 646 411 743 παρούσης
434 649 504 726 αὐτῷ
527 647 658 720 δυνάμεως
677 645 799 716 αὔξησιν·
816 667 864 716 ση-
910 651 962 720 λεί,
976 649 1128 726 γενήσεσθαι
1141 653 1168 711 δέ
1182 655 1244 712 αύτδ
1256 656 1315 735 περὶ
1331 657 1352 716 θ’
1366 662 1411 728 τῆς
1424 659 1532 739 ἡμέρας.
1547 661 1592 727 Ὡς
1602 662 1629 720 δέ
1638 663 1681 720 τὸν

103 736 192 806 μείνειε
206 733 250 791 καί
262 740 339 792 τοῦτο
353 735 396 792 τὸν
413 733 470 791 θεὸν
481 732 510 790 τὸ
524 740 567 791 τοῦ
588 730 676 811 Ἄρεος
696 732 865 812 ἀναφήναντα
910 735 998 813 καιρὸν
1011 737 1172 816 ἐρυλοίξαμεν
1185 741 1229 798 καί
1243 742 1286 798 iri
1300 743 1329 801 τδ
1341 745 1441 802 δεῖπνον
1453 747 1587 816 κληθέντες
1600 772 1682 828 παρε-

103 819 173 898 ξίρος,
186 819 249 898 ὅπερ
263 818 292 878 δν
304 819 373 898 ἱερὸν
386 819 431 877 καὶ
442 818 513 899 παρὰ
525 823 578 892 τῶν
590 823 723 878 Σκυθικῶν
738 819 865 898 βασιλέοιν
910 821 1035 898 γενόμεθα
1050 827 1125 900 ἡμεῖς
1138 849 1165 883 τε
1178 826 1223 884 καί
1236 831 1260 886 οἱ
1274 830 1325 906 circo
1340 834 1390 888 τῶν
1404 831 1528 910 ἐσπερίων
1543 832 1682 910 Ῥωμαίων

102 907 246 980 τιμώμενον,
256 899 300 964 οἷα
312 908 345 976 δὴ
357 911 394 986 τῷ
405 906 488 986 έρόριρ
497 910 548 964 τῶν
560 906 680 981 πολέμων
691 907 866 982 ἀνακείμενον,
910 908 1048 988 πρέσὸεις,
1063 910 1173 988 ἔστημεν
1188 915 1230 971 ἐπὶ
1242 921 1288 974 τοῦ
1305 919 1381 976 οὐδοῦ
1395 917 1469 976 ἀντία
1482 919 1603 989 Ἀττήλα.
1631 922 1683 980 Καὶ

103 995 124 1048 ἐι
137 1003 182 1060 τοῖς
192 994 276 1052 πύλαι
289 997 460 1072 ἀφανισθῆναι
472 993 588 1072 χρόνοις,
601 985 656 1050 εἶτα
671 991 714 1051 διὰ
725 993 783 1071 βοὸς
795 997 864 1073 εύρε·
910 995 1004 1054 κύλικα
1018 999 1041 1054 οἱ
1055 999 1165 1076 οἰνοχόοι
1186 1001 1254 1059 κατδι
1275 1006 1304 1060 τὸ
1326 1003 1463 1082 ἐπιχώριον
1478 1007 1602 1064 ἐπέδοσαν
1617 1007 1683 1078 ἔθος,

103 1085 166 1149 οἶμαι
177 1083 227 1154 lei.
241 1084 276 1136 sr.
294 1101 345 1152 ιο,
358 1103 389 1157 p.
404 1085 470 1158 96).
910 1084 945 1148 ὣς
959 1083 1005 1139 καί
1026 1087 1095 1159 ἡμᾶς
1109 1085 1159 1164 πρδ
1180 1091 1225 1157 τῆς
1239 1086 1313 1166 έδρας
1327 1090 1491 1158 ἐπεύξασθαι.
1508 1085 1549 1150 ού
1565 1093 1597 1162 δὴ
1611 1115 1682 1170 γενο-

138 1168 185 1226 lieri
196 1167 309 1227 ίκύστου
324 1169 407 1246 λέγειν
419 1193 445 1226 τι
454 1169 513 1248 περὶ
525 1171 575 1226 τῶν
587 1169 757 1226 καθεστώτων
774 1170 865 1245 poulo·
911 1168 1002 1244 μόνον,
1013 1175 1060 1240 τῆς
1071 1170 1172 1238 κύλικος
1186 1176 1392 1251 ἀπογευσάμενοι
1406 1176 1449 1234 ἐπὶ
1462 1177 1519 1244 τούς
1527 1179 1628 1256 θρόνους
1639 1181 1683 1250 ηλ-

103 1255 185 1326 piam,
198 1254 358 1332 Ὀνηγησίου
372 1255 564 1328 ύπεξιλθόντος,
577 1257 641 1334 παρ’
653 1255 730 1314 αὐτὸν
742 1256 865 1331 ἤλθομεν,
910 1263 997 1332 θομεν,
1011 1248 1041 1314 ού
1055 1256 1105 1315 ἔδει
1120 1260 1287 1327 καθεσθέντας
1300 1263 1420 1324 δειπνεῖν.
1435 1263 1505 1343 opt<
1520 1264 1546 1322 δέ
1560 1274 1612 1332 τοῖς
1629 1267 1681 1324 τοί-

103 1341 139 1396 καί
153 1340 313 1420 ἐπειρώμεθα
327 1343 388 1420 περὶ
401 1346 453 1400 τῶν
475 1341 690 1418 ἐσπουδασμένων
712 1341 862 1418 μανθάνειν.
909 1363 964 1418 χοις
973 1347 1017 1400 τοῦ
1025 1343 1165 1417 οἰκήματος
1171 1345 1265 1412 πάντες
1271 1350 1387 1425 ὑπῆρχον
1395 1352 1418 1406 οἱ
1428 1349 1512 1428 δίφροι
1522 1349 1547 1418 ἐξ
1558 1350 1682 1428 ἑκατέρας

103 1427 132 1484 ‘o
150 1427 175 1484 δέ
193 1451 247 1485 τισι
264 1427 390 1506 πρότερον
410 1427 549 1508 βαρύόρυις
571 1429 723 1506 διαλεχθείς,
739 1428 863 1486 πυθέσθαι
909 1430 1031 1507 πλευρᾶς.
1046 1429 1091 1488 Ἔν
1105 1431 1247 1510 μεσωτοίτῳ
1258 1433 1285 1489 δέ
1297 1425 1360 1502 ἧστο
1373 1434 1415 1492 ἐπὶ
1425 1433 1512 1507 κλίνης
1522 1440 1535 1492 θ
1546 1437 1680 1512 Ἀττήλας,

103 1513 209 1592 μεταρδ
224 1514 374 1590 Μαξεμίνου
394 1515 517 1593 ἐπέτρεπε
541 1516 600 1572 τίνα
623 1509 756 1590 Ῥωμαῖοι
783 1513 864 1591 ἄνδρα
909 1514 996 1592 έτέρας
1019 1515 1148 1583 ἐξόπισθεν
1170 1520 1257 1589 κλίνης
1280 1521 1446 1598 ὑπαρχούσης
1470 1525 1558 1600 αὐτῷ,
1575 1527 1631 1598 μεθ’
1650 1526 1681 1594 ἣν

104 1606 145 1658 τῶν
155 1604 285 1659 ιἰπατικιῗιν
295 1601 369 1680 παρὰ
383 1601 427 1659 τὸν
437 1602 562 1672 Ἀστύλον
575 1601 778 1680 πρεσύευύμενον
791 1600 863 1658 στελ·
910 1601 1006 1677 βαθμοί
1017 1621 1082 1669 τινες
1091 1604 1133 1661 ἐπὶ
1143 1603 1189 1674 τὴν
1198 1610 1276 1663 αὐτοῦ
1287 1611 1379 1682 ἀνῆγον
1387 1607 1472 1680 εὐνὴν,
1482 1612 1681 1685 καλυπτομένην

104 1691 189 1748 λουσιν.
203 1688 249 1755 Ὦς
260 1688 289 1746 δέ
305 1687 443 1766 παρελθὼν
454 1689 491 1754 εἰς
501 1687 549 1758 τὴν
560 1687 657 1759 σκηνλν
671 1687 787 1767 ἔφραζον,
799 1686 864 1765 ἅπερ
909 1687 1007 1754 ὀθόναις
1020 1689 1065 1746 καί
1085 1689 1210 1756 ποικίλοις
1233 1693 1455 1770 παραπετάσμασι
1476 1695 1573 1770 κόσμου
1592 1698 1681 1774 χάριν,

104 1775 177 1850 εἶρητό
191 1799 249 1850 μοι,
270 1774 316 1833 καί
333 1773 382 1832 ότι
401 1775 440 1832 δεῖ
457 1775 539 1852 λέγειν
554 1766 589 1832 ὧν
610 1774 687 1853 χύριμ
703 1778 717 1831 θ
734 1773 865 1852 βύρόαρος
909 1774 1026 1852 καθάπερ
1038 1776 1080 1832 ἐπὶ
1092 1779 1143 1834 τῶν
1155 1777 1307 1854 γαμούντων
1318 1777 1446 1852 ’Ἔλληνές
1458 1805 1485 1838 τε
1497 1783 1541 1839 καὶ
1553 1781 1682 1858 Ῥωμαῖοι

105 1866 167 1930 ἡμῶν
181 1863 287 1920 ἐπύθετο
302 1861 359 1936 ἅμα
373 1865 411 1942 τῷ
424 1861 562 1940 Μαξιμίιῳ
578 1861 780 1938 βουλευσόμενος
794 1863 860 1918 ἐπα·
909 1862 1139 1930 κατασκευάζουσι.
1160 1865 1212 1923 Καὶ
1233 1865 1339 1945 πρώτην
1360 1864 1407 1941 μέν
1423 1867 1538 1942 ἐνόμιζον
1556 1871 1606 1926 τῶν
1627 1872 1681 1928 δει-

105 1952 183 2014 ιίλθον
203 1953 238 2015 ύις
259 1949 303 2006 τὸν
328 1948 497 2025 Ὀνηγήσιον,
518 1948 612 2025 λέγειν,
632 1953 667 2014 ὡς
685 1948 799 2006 ἐθέλουσι
818 1945 864 2023 μέν
908 1948 1037 2007 πνούντων
1052 1949 1122 2017 τάξιν
1137 1950 1184 2020 τὴν
1198 1955 1225 2008 έν
1238 1952 1308 2032 δεξιᾷ
1324 1959 1369 2010 τοῦ
1383 1954 1508 2027 Ἀττηλα,
1523 1954 1680 2033 δευτέρανδέ

106 2035 219 2110 Ἰἰιμαῖοι
239 2034 318 2094 αὐτὸν
336 2036 410 2114 παρδι
431 2044 497 2114 σφᾶς
517 2034 622 2094 ἐλθόντα
641 2037 692 2092 τῶν
712 2033 864 2113 έμριύόλων
909 2033 955 2104 τὴν
968 2035 1109 2111 εὐώνυμον,
1123 2031 1682 2119 ένῇἐτυγχάνομενόντες,προκαθεσθέντος

106 2121 169 2179 ἕνεκα
179 2123 357 2200 διαλέγεσθαι,
369 2125 392 2180 εἰ
402 2121 429 2180 δέ
441 2121 530 2180 τούτου
540 2121 715 2200 διαμάρτοιεν,
723 2121 865 2199 ἐκπέμψειν
908 2125 984 2196 ἡμῶν
1008 2124 1131 2202 Βερίχου,
1153 2125 1225 2203 παρὰ
1250 2125 1363 2193 Σκύθαις
1385 2117 1414 2184 εθ
1433 2126 1565 2204 γεγονότος
1582 2129 1681 2208 ἀνδρός.

108 2209 201 2284 βασιλέα
217 2210 245 2268 δν
261 2210 383 2288 βούλεται
401 2208 632 2288 πρεσόευσόμενον.
652 2209 706 2268 Καὶ
726 2207 797 2273 εὐθὺς
816 2231 863 2283 με·
909 2206 943 2266 Ὁ
964 2209 1015 2285 γδρ
1036 2209 1190 2286 ’Ὸνηγήσιος
1205 2211 1248 2268 ἐπὶ
1263 2212 1351 2291 δίφρου
1365 2205 1430 2283 ἧστο
1448 2216 1475 2271 έν
1494 2212 1563 2294 δεξιᾷ
1576 2220 1622 2284 τῆς
1636 2221 1680 2273 τοῦ

107 2297 173 2354 τιέναι
184 2319 215 2370 με
228 2298 273 2354 τδν
292 2297 438 2372 θΙαξιμῖνον
460 2295 683 2374 παρεκελεύσατο,
707 2293 752 2352 καί
765 2295 863 2366 ἥκοντα
911 2294 1036 2370 βασιλέως
1050 2297 1147 2367 κλίνης.
1164 2297 1279 2374 Ἀντικρθ
1293 2298 1320 2356 δὲ
1332 2304 1378 2356 τοῦ
1401 2300 1558 2372 Ὀνηγησίου
1579 2303 1622 2360 έπλ
1643 2303 1681 2360 δί·

108 2385 170 2440 αὐτόν
189 2377 235 2461 ἦγε
254 2381 329 2461 παρδι
350 2383 394 2440 τὸν
418 2382 554 2454 Ἆπόλαν.
574 2382 631 2442 Καὶ
649 2381 741 2459 μικρὸν
758 2381 864 2459 θστερον
909 2404 973 2460 φρου
990 2381 1138 2450 ἐκαθέζοντο
1151 2383 1195 2442 δύο
1215 2388 1265 2442 τῶν
1280 2383 1389 2456 Ἀττήλα
1408 2387 1516 2444 παίδων·
1528 2391 1541 2445 θ
1554 2387 1605 2466 γὰρ
1619 2413 1681 2466 πρε-

108 2469 233 2536 leubildi
250 2475 265 2528 δ
279 2469 423 2546 Μαξιμῖνος
444 2470 540 2547 ἔλεγεν,
555 2468 650 2527 ἐθέλειν
665 2469 709 2527 τὸν
733 2467 865 2548 βόρύαρον
911 2466 1033 2546 σθύτερος
1044 2470 1087 2527 έπὶ
1099 2474 1144 2539 τῆς
1156 2470 1252 2528 ἐκείνου
1266 2463 1331 2540 ἧστο
1344 2472 1448 2548 κλίνης,
1463 2475 1509 2530 οὐκ
1520 2475 1609 2551 ἐγγὺς,
1623 2476 1682 2533 ἀλλ’

110 2557 186 2630 δύμον
196 2555 213 2628 ἢ
224 2557 370 2615 Ἀνατολιον
382 2555 400 2625 ἢ
413 2555 545 2634 Σινάτορα
556 2553 756 2633 πρεσύεύεσθει·
770 2551 806 2629 μὴ
815 2554 866 2631 γὰρ
910 2555 951 2611 ἐπ’
966 2553 1061 2632 σῖκρου,
1075 2557 1144 2613 αἰδοῖ
1162 2560 1205 2614 τοῦ
1223 2556 1319 2635 πατρὸς
1336 2557 1437 2636 βλέπων
1454 2561 1477 2624 ἐς
1491 2563 1549 2635 γῆν.
1570 2560 1681 2619 Πόντιον

108 2643 133 2697 δν
143 2641 294 2722 α’λλονπαρθ
308 2641 366 2708 τοὺς
380 2640 528 2720 εἰρημένους
539 2641 663 2709 δέξεσθαι.
677 2641 731 2701 Καὶ
740 2644 775 2708 ὡς
787 2643 866 2698 αὐτοῦ
910 2639 937 2698 δέ
964 2641 990 2698 έν
1015 2639 1105 2721 κόσμῳ
1136 2640 1314 2715 καθεστώτων,
1340 2643 1476 2724 παρελθὼν
1507 2645 1619 2724 οἰνοχόος
1644 2650 1681 2725 τῷ

110 2729 310 2807 ἀποκριναμένου,
332 2727 369 2803 μὴ
392 2733 488 2806 χρῆναι
510 2729 553 2786 iri
576 2727 622 2798 ι-λν
644 2728 786 2808 πρεσύείαν
809 2725 867 2794 τούς
909 2727 1021 2808 Ἀπαιόλη
1035 2727 1104 2787 οίνου
1121 2728 1254 2788 κισσύὸιον
1274 2730 1416 2789 ἐπιδίδωσι.
1437 2731 1581 2806 Δεξάμενος
1596 2733 1623 2792 δέ
1638 2733 1681 2792 τὸν

110 2815 187 2894 ἄνδρας
195 2819 323 2874 καλοῦντα
335 2815 466 2882 ὑπόπτους
476 2821 600 2874 καθιστᾶν
612 2817 729 2893 βασιλεῖ,
738 2815 867 2894 εἰρηκέναι
909 2819 941 2893 τῇ
952 2814 1021 2878 τέξει
1030 2819 1132 2894 πρῶτον
1142 2817 1282 2887 ἠσπάζετο.
1293 2815 1327 2877 ‘0
1337 2817 1365 2876 δέ
1375 2819 1412 2897 τῷ
1424 2821 1557 2898 ἀσπασμῷ
1567 2821 1682 2894 τιμηθεὶς

109 2903 142 2958 rio
154 2902 281 2974 λττόλαν,
294 2905 317 2960 εἰ
332 2903 370 2978 μὴ
385 2900 483 2961 ἕλοιντο
496 2910 577 2960 ποιεῖν
593 2901 610 2958 δ
627 2901 762 2980 βούλεται,
777 2900 866 2968 όπλοις
909 2901 1069 2962 διανίστατο·
1083 2903 1128 2960 καὶ
1138 2905 1167 2960 οθ
1176 2902 1300 2982 πρότερον
1311 2907 1398 2974 ἱζῆσαι
1408 2905 1478 2981 θέμις
1491 2898 1532 2975 ἦν,
1545 2907 1604 2985 πρὶν
1615 2906 1632 2977 ἢ
1644 2911 1682 2987 τῷ

109 2987 134 3043 τί
145 2990 267 3065 matida
281 2989 502 3067 διακριθήσεσθαι.
518 2989 727 3048 Ἐπανελθόντων
742 2988 769 3046 δέ
787 2993 862 3064 ἡμῶν
910 2988 1017 3067 οἰνοχόην
1033 2989 1240 3067 ἀπογευσάμενος
1253 2985 1270 3059 ἢ
1285 2989 1329 3048 καλ
1344 2989 1439 3049 ἐκπιὼν
1454 2992 1572 3050 ἀπέδωκε
1584 2995 1614 3052 τδ
1627 3018 1681 3052 κισ-

110 3154 178 3212 amr,
193 3155 382 3204 illisorroooasa
398 3154 550 3218 exercituum
567 3152 712 3214 duceo‚aibi
729 3166 785 3202 vero
801 3154 865 3200 viros
907 3153 980 3202 armis
992 3167 1017 3203 se
1027 3155 1200 3202 controversias
1216 3153 1412 3216 disceptaturum.
1447 3158 1555 3205 Reversis
1572 3157 1640 3206 nobis
1657 3159 1680 3205 in

111 3231 271 3290 imperatoribus
288 3231 403 3280 Romania
419 3230 533 3292 dignitate
546 3245 622 3294 parea.
641 3234 673 3280 at
690 3231 756 3278 breui
768 3230 865 3292 quidem
907 3231 1152 3290 tentorium,eccead
1165 3245 1208 3280 noa
1217 3232 1308 3280 Orestis
1318 3235 1391 3293 pater,
1404 3251 1415 3274 ι
1427 3235 1475 3281 Vos
1485 3233 1580 3294 ambae,
1589 3235 1680 3295 iuquit,

111 3307 256 3367 dtipoieotiee
267 3307 426 3356 occasionem
444 3308 510 3368 sore,
521 3307 586 3368 quod
596 3311 621 3356 et
630 3307 703 3367 deus,
714 3307 797 3356 Martia
810 3320 865 3356 eme
907 3307 937 3356 ed
946 3308 1081 3356 corrririum
1095 3307 1287 3367 iudicialibus,
1304 3307 1343 3356 θυι
1355 3321 1412 3356 uero
1422 3307 1480 3357 illud
1493 3308 1523 3356 ad
1533 3322 1621 3358 nonam
1634 3309 1680 3358 dici

112 3385 204 3432 orroeon
214 3387 346 3445 protracto,
356 3383 511 3444 portenderit.
523 3383 566 3433 liic
574 3383 637 3432 ensis
644 3385 759 3444 tanquam
767 3395 833 3432 sacer
841 3385 865 3432 ei
909 3386 1000 3436 boram.
1012 3407 1023 3428 ι
1035 3390 1152 3446 Tempore.
1162 3385 1272 3434 condicto
1282 3385 1420 3447 observato,
1431 3387 1457 3434 ut
1467 3386 1588 3446 reninms,
1598 3389 1622 3436 el
1633 3401 1680 3434 una

112 3457 263 3508 cartellorum
277 3459 372 3522 prasidi
384 3459 519 3520 delicatus,
529 3459 694 3522 aseptbarum
705 3459 799 3522 regibus
807 3459 864 3509 olim
907 3475 1003 3524 qrroque
1019 3466 1182 3512 Romanorum
1195 3461 1383 3512 occidentalium
1400 3461 1481 3522 legati,
1495 3460 1604 3512 stetimus
1615 3463 1640 3512 io
1652 3463 1680 3512 ii·

111 3537 222 3596 rddotur,
238 3542 263 3586 et
283 3537 366 3586 multis
381 3538 476 3588 secutis
493 3551 541 3586 non
556 3537 635 3600 risus,
651 3537 719 3586 boris
735 3537 865 3586 ministerio
908 3541 1189 3590 mioecmnaoulieoram
1205 3541 1286 3589 Attila.
1301 3540 1681 3601 'rrrmpinceroamutmoaestiu

111 3615 234 3664 rourum
245 3617 358 3676 temporis
371 3618 463 3664 erutus.
907 3617 953 3664 illis
972 3617 1118 3678 regionibus,
1133 3617 1231 3664 calicem
1251 3615 1413 3674 tradiderunt,
1430 3617 1458 3664 ul
1475 3617 1529 3664 onte
1543 3615 1678 3664 accubitum

135 3694 188 3738 irum
201 3692 231 3740 ita
241 3691 392 3754 deprecanti
403 3704 483 3740 rerum
496 3693 559 3740 statu
571 3689 762 3752 confabulemur,
774 3694 864 3754 ooope-
907 3694 964 3742 rota
976 3694 1115 3742 taceremus.
1128 3694 1182 3749 Quo
1194 3693 1256 3740 iacto
1265 3727 1272 3751 ,
1282 3694 1307 3740 et
1315 3692 1388 3742 calice
1396 3690 1536 3752 depastam,
1548 3691 1599 3753 ipsa
1607 3692 1679 3752 solia,

109 3780 150 3813 um
166 3771 223 3818 toras
238 3769 339 3831 prodiit,
357 3770 488 3830 adquam,
507 3772 576 3819 ulex
596 3768 783 3818 eodiaeererirus
811 3782 866 3830 qoae
908 3770 932 3820 in
958 3771 1044 3832 quibua
1068 3783 1111 3818 nos
1127 3769 1235 3820 redentor
1255 3783 1349 3818 coenare
1366 3769 1503 3831 oportebat,
1523 3769 1677 3819 ascendimus.

108 3849 252 3896 ueroeam
259 3846 385 3894 commissa
393 3847 494 3901 irruant,
503 3845 652 3894 amandinus.
685 3846 727 3894 lile
737 3844 866 3907 veropriua
908 3847 993 3896 Omnia
1004 3848 1085 3896 ooliba
1099 3847 1161 3895 eirca
1169 3847 1268 3909 parietes
1278 3846 1382 3895 cubiculi
1398 3845 1428 3894 ab
1440 3849 1540 3907 utraque
1555 3850 1621 3906 purte
1631 3847 1679 3895 dis·

107 3935 154 3968 τυιιι
170 3924 244 3972 arecio
262 3925 349 3985 quibua
368 3923 476 3972 barbaris
494 3923 639 3982 collocutos,
655 3937 760 3985 qrrmrere
778 3935 816 3971 me
835 3935 864 3970 ex
908 3926 1060 3986 positaerant
1070 3944 1076 3973 :
1086 3924 1212 3974 ruediusin
1222 3923 1282 3974 lecto
1292 3924 1388 3972 sedebat
1399 3923 1497 3982 attilas,
1508 3925 1583 3972 allero
1594 3924 1678 3974 lectoa

107 4001 223 4050 itarimioo
232 4003 317 4062 juaaii,
331 4015 403 4062 quem
420 4001 520 4050 Romani
536 4015 564 4048 er
580 4001 744 4050 consularibus
761 3989 865 4062 legatum
908 4003 973 4060 tergo
985 4003 1073 4060 atrato,
1084 4014 1145 4062 pone
1155 4013 1228 4060 quern
1240 4003 1308 4047 erant
1319 3999 1417 4059 quidam
1427 3998 1525 4058 gradus,
1537 4000 1578 4059 qui
1590 3999 1619 4047 ad
1629 4000 1680 4060 ejus

106 4074 131 4121 ad
143 4079 231 4126 ,attilam
238 4081 316 4126 meent
324 4078 428 4126 micauri.
462 4078 494 4125 Ut
504 4077 528 4124 in
538 4077 668 4126 tentorium
678 4076 745 4134 reni,
755 4077 780 4125 et
789 4076 864 4126 blaxi-
907 4077 985 4126 cubile
996 4078 1114 4131 serebant.
1132 4078 1209 4126 linteis
1220 4076 1325 4124 candidis
1335 4079 1358 4124 et
1368 4075 1439 4124 rariia
1452 4077 1568 4136 tapetibus
1583 4081 1680 4126 ornatus

107 4153 176 4212 mino,
189 4167 242 4214 quae
252 4153 312 4202 mibi
321 4155 450 4214 Onegesiua
468 4153 574 4213 dixerat,
590 4153 674 4213 retuli,
690 4151 770 4201 babita
780 4152 810 4201 ‹le
820 4165 848 4210 eo
856 4187 864 4213 ,
907 4154 982 4214 gretia
993 4156 1143 4214 conlectum,
1155 4153 1231 4200 sirrrile
1241 4151 1374 4208 cubilibus,
1386 4164 1440 4212 qum
1454 4152 1552 4200 iloomui
1563 4155 1586 4200 et
1602 4154 1678 4202 Graeci

106 4228 162 4286 «pud
179 4229 283 4278 barbaria
295 4229 486 4292 roapoadeodum
500 4232 575 4289 meet,
591 4229 772 4288 deliberatione,
791 4228 864 4288 redii,
907 4229 1175 4280 nubentibusadoroare
1185 4241 1227 4289 pro
1238 4241 1303 4276 ruore
1318 4227 1414 4276 babent.
1428 4231 1457 4276 Et
1469 4227 1571 4287 primum
1581 4229 1679 4288 quidem

106 4303 194 4364 «iiiique
204 4307 332 4368 ooegesio‚
351 4308 470 4356 Romanos
482 4318 622 4367 magnopere
637 4304 785 4364 dmiderare,
798 4305 864 4354 illum
908 4307 1062 4356 convivarum
1080 4306 1159 4354 locum
1172 4306 1223 4364 eius
1234 4304 1367 4362 trabebant,
1379 4303 1420 4364 qui
1432 4303 1461 4350 ad
1479 4304 1557 4352 Aitibe
1569 4304 1678 4354 dextram

105 4395 191 4432 marum
209 4398 263 4434 eum
282 4385 355 4434 elota
367 4384 584 4434 controuersiarum
600 4383 780 4445 disceptatorem
797 4384 826 4432 ad
839 4397 865 4433 ae
907 4385 1020 4444 sedebat,
1032 4384 1163 4434 εευυιιιΙιιιιι
1174 4383 1237 4443 ejus,
1247 4383 1287 4444 qui
1298 4381 1327 4429 ad
1340 4381 1424 4429 laeuam
1437 4399 1444 4428 :
1455 4380 1478 4428 in
1486 4395 1534 4442 ιιιιο
1544 4395 1586 4431 nos
1598 4387 1622 4432 et
1636 4387 1677 4433 Be·

105 4459 215 4510 arrulere.
227 4463 281 4518 Qua
297 4475 339 4522 spe
350 4461 369 4508 ai
381 4459 527 4519 exciderint,
539 4461 719 4521 imperatorem,
731 4473 802 4522 quem
820 4461 864 4510 sibi
906 4461 1001 4520 riebus,
1019 4460 1055 4508 rir
1066 4459 1129 4520 apud
1144 4459 1244 4520 sepibus
1257 4457 1354 4517 nobilis,
1374 4455 1415 4505 sed
1430 4458 1543 4506 bertelius
1559 4460 1679 4520 superiora

107 4537 203 4598 btmrrii,
214 4539 319 4600 legatum
328 4539 465 4588 mimorum.
477 4539 601 4600 Extemplo
616 4551 655 4588 me
664 4539 820 4588 Maximinum
828 4553 864 4588 ar·
908 4538 968 4587 loeo.
980 4541 1038 4587 Nam
1046 4536 1174 4596 Onegeaius
1183 4534 1206 4582 in
1215 4535 1271 4584 seila
1281 4533 1311 4582 ad
1320 4533 1428 4582 dextram
1439 4533 1493 4594 regii
1504 4533 1576 4594 tbori,
1587 4538 1633 4584 eta
1644 4550 1678 4586 re·

108 4615 275 4676 amoram,
288 4628 375 4677 quern,
384 4617 413 4664 ul
425 4617 505 4676 venit,
515 4615 546 4664 ad
556 4615 652 4664 Attilam
662 4615 770 4664 deduxit.
797 4615 864 4666 Unde
907 4618 976 4678 gioria
995 4615 1102 4675 Onegesii
1115 4613 1163 4662 duo
1177 4627 1207 4661 er
1221 4613 1300 4662 Attilm
1313 4611 1367 4658 filiis
1384 4611 1505 4660 sedebam.
1518 4613 1600 4660 Senior
1614 4614 1677 4662 enim

108 4700 147 4734 ιιιιιι
166 4691 239 4739 mollo
257 4697 309 4752 poet
322 4691 466 4740 araximinos
482 4704 602 4752 reversus,
614 4691 720 4740 narrarit
736 4691 863 4741 barbarum
907 4695 931 4742 in
946 4693 1179 4753 eodemqoopater,
1193 4691 1287 4750 tbrono,
1299 4689 1489 4750 nonprope,sed
1503 4689 1677 4738 multomiolra

110 4765 161 4812 lrl'e
171 4765 331 4828 imperatorem
344 4767 374 4816 ad
385 4781 411 4818 ae
425 4769 519 4818 mittere
538 4767 627 4828 legatus
647 4771 689 4816 aut
705 4769 806 4816 domum
822 4770 864 4817 oui
907 4771 1076 4829 accumbebat,
1090 4769 1166 4818 oeulis
1176 4781 1224 4830 prm
1240 4767 1329 4828 pudore
1341 4769 1436 4828 propter
1446 4768 1518 4828 patris
1528 4768 1676 4827 praesentiam

110 4843 229 4891 amtotium
245 4848 285 4892 aot
301 4846 456 4904 seruatorem,
472 4857 549 4906 nopae
567 4843 628 4892 ullos
644 4843 703 4892 alios
719 4847 803 4904 praeter
821 4843 864 4893 bos
906 4861 998 4909 semper
1008 4843 1252 4905 interromconjoctia.
1262 4843 1379 4892 omnibus
1388 4843 1471 4892 ordine
1480 4842 1676 4904 scientiamque

111 4917 260 4969 alruiamrum.
293 4925 323 4970 Et
333 4935 410 4985 quum
420 4923 562 4978 Maximinos
577 4921 690 4983 objiceret
702 4921 799 4970 minimo
808 4935 862 4970 eoo·
907 4927 987 4976 Attilae
996 4928 1047 4973 erat
1062 4938 1076 4970 a
1090 4924 1189 4984 poculis,
1203 4922 1334 4983 ingrediens
1344 4924 1449 4983 pateram
1458 4921 1505 4968 vini
1517 4920 1597 4968 tradit.
1610 4923 1676 4970 lianc

113 4997 179 5043 redire
192 4999 289 5060 legulos,
300 5002 341 5062 qui
351 5001 381 5050 ad
392 5015 418 5050 sc
436 5003 571 5060 mittantur,
582 5000 725 5062 designando
742 5004 864 5061 suspectos
907 5005 948 5052 ubi
958 5002 1068 5064 suscepit,
1076 5002 1210 5062 prorirrrurrr
1219 4998 1475 5060 ordioosoluturit,qrri
1484 4997 1625 5057 salutatione
1635 4999 1674 5047 bo·

114 5071 232 5132 macaron·
242 5079 351 5138 reddere,
361 5080 460 5130 Attilam
470 5079 629 5141 respondisse,
639 5081 658 5128 si
670 5079 719 5128 brec
727 5080 861 5140 abuuerint,
906 5084 1003 5130 narolus
1023 5080 1134 5140 surrexit,
1146 5091 1224 5138 neque
1240 5077 1304 5138 prius
1317 5090 1371 5125 eum
1386 5075 1468 5124 sedere
1483 5074 1517 5123 ias
1529 5076 1590 5136 oroi,
1602 5087 1674 5136 quam
