3916 5728
765 341 933 420 ttulistis
953 342 1202 404 nunditiam!

181 483 258 538 lraud
287 481 417 557 proxime
444 471 485 536 aul
505 479 588 536 lesbi
611 477 756 532 historiam
790 476 961 551 pertineant.
1009 481 1085 560 μάρος
1100 479 1195 552 eigs-'qn
1217 478 1319 542 Ἑλλάδ
1320 503 1336 538 α
1352 483 1396 537 ’και
1386 476 1459 550 τὴν
1475 478 1526 559 βάρ
1528 471 1787 558 δαφοεαύθιςέσκι·

183 574 285 626 Verum
293 570 330 625 ad
338 566 580 640 alieunllyrsilum
589 565 657 622 data
665 564 964 620 occasioneaberrssse
1008 569 1100 638 δάσθη.
1119 568 1185 646 Περι
1197 559 1234 626 ὧν
1248 565 1328 633 πολυς
1339 565 1370 626 δν
1384 565 1424 640 τίη
1438 566 1525 643 λόγος,
1545 570 1568 626 εί
1583 568 1727 647 βουλοίμην
1740 570 1788 642 τὴν

180 657 321 732 exfragm.
330 653 421 732 γίαρ.
434 657 493 714 εσίι.
504 654 639 729 Αροίίοιι.
647 653 822 727 lcolligitur.
832 651 964 710 Ceterum
1008 655 1144 734 ιἰκρίθειαν
1159 654 1277 736 γράφειν.
1300 653 1406 732 Ὀλίγον
1421 651 1448 712 δέ
1462 654 1614 731 κατέμεινεν
1629 657 1656 713 ἐν
1668 655 1786 737 Ἰταλια,

180 747 268 802 homo
296 756 393 800 noster
424 745 551 798 curiosus
571 741 717 816 quidem'
710 760 740 796 ιιι
762 741 889 796 historiis
908 740 965 794 suis
1007 745 1060 801 τῶν
1070 741 1233 825 Αύοριγινων
1242 740 1361 822 προνοία
1376 739 1525 820 ίίφῶτον
1495 765 1542 817 μεν
1553 733 1597 800 ουν
1609 766 1655 813 της
1668 745 1788 824 οίκοφθο·

180 835 357 906 multusque,
384 831 434 887 sed
456 849 552 885 rerum
575 839 624 885 aut
647 847 787 884 novarum
808 839 856 883 aut
878 826 964 901 plane
1009 829 1065 910 ρίας
1079 837 1136 896 ταῖς
1145 829 1252 888 πόλισιν
1265 827 1482 909 ἐδόκειαῦχμῷή
1495 832 1689 936 γῆκαιιωθεῑσα
1702 830 1788 910 ἄρξαι,

183 359 240 410 its

180 920 372 976 abstrusamm
380 936 466 992 quam
475 915 833 990 pateratcupldlot'fulsse
841 913 962 972 videtur.
1008 916 1127 988 ἡνίκα*
1099 940 1145 976 ουτ
1145 917 1210 976 ’ἐπί
1229 918 1282 984 τοῖς
1296 916 1410 994 δένδρεσι
1430 916 1650 996 χαρπὸςοῦδςὶς*
1636 922 1732 998 ωραῖος
1744 943 1789 997 γε.

180 1010 207 1064 ls
218 1009 252 1064 iis
263 1027 325 1081 qua·
340 1009 375 1064 de
386 1007 565 1080 Tyrrhenieis
580 1005 700 1078 Pelasgis
710 1003 791 1058 affert
804 1003 853 1076 (ir.
870 1001 903 1078 a)
920 1002 965 1058 di·
1007 1004 1097 1064 νίοθαι
1118 1004 1256 1082 διέμεινεν,
1278 1003 1336 1062 ἀλλΙ
1359 1003 1427 1080 ὠμοί
1451 1003 1606 1085 κατέρρεον·
1628 1004 1682 1064 οὔθ’
1703 1007 1788 1066 ὁπόσα

180 1113 261 1152 versa
273 1113 389 1169 prorsus
403 1095 527 1161 miscuit,
539 1094 649 1165 ineptas
659 1091 846 1164 etymologias
858 1108 965 1164 propo·
1009 1090 1168 1172 σπερμάτων
1182 1091 1276 1150 όνέντα
1301 1089 1430 1176 βλαστούς
1444 1089 1587 1165 ἀνθήσειεν,
1605 1090 1653 1159 ἕως
1678 1095 1789 1174 στάχυος

180 1183 272 1240 nitir.
289 1183 344 1238 3et
360 1188 394 1250 Δγ
411 1181 532 1236 fabulam
553 1181 648 1236 nescio
667 1179 743 1234 unde
757 1186 900 1252 arreptam
915 1195 963 1232 ex·
1009 1183 1095 1257 ἀκμῆς
1115 1179 1172 1246 τοὺς
1192 1178 1262 1238 κατὰ
1284 1179 1363 1256 νόμον
1381 1177 1494 1258 ἐπλήρου
1509 1179 1630 1258 χρόνους·
1653 1179 1712 1240 οὔτε
1735 1182 1788 1242 πόα

180 1271 260 1326 bibet
274 1269 308 1329 fr.
324 1271 341 1326 6
352 1290 360 1338 ;
373 1268 460 1326 anilia
470 1269 629 1324 hariolator
641 1267 741 1342 fragm.
758 1274 784 1332 ἐς.
1009 1267 1128 1340 κτήνεσιν
1138 1267 1230 1349 ἐφύετο
1244 1265 1366 1347 διαρκής·
1377 1269 1430 1324 τῶν
1443 1289 1472 1325 τι
1483 1265 1609 1342 ναμάτων
1622 1267 1655 1326 τθ
1669 1269 1717 1346 μέν
1729 1273 1789 1328 σύκ-

1009 1358 1049 1416 ίτι
1063 1357 1183 1416 πίνεσθαι
1204 1359 1334 1416 σπουδαῖα
1355 1345 1401 1428 ἦν,
1419 1349 1453 1413 πθ
1468 1354 1490 1414 δ’
1504 1355 1670 1428 ὑπελίμπανε
1685 1355 1788 1436 θίρους,

473 1404 676 1465 ΛΕΣΒΙΑΚΑ·
1008 1443 1042 1502 sd
1054 1443 1076 1502 δ’
1086 1447 1122 1510 είς
1135 1443 1207 1510 τέλος
1219 1442 1405 1504 άπισὸέννυτο.
1418 1440 1528 1522 Ἀδελφθ
1541 1443 1568 1500 δὲ
1580 1440 1678 1509 τούτοις
1693 1445 1790 1522 ἐγένετο

562 1555 586 1595 ι,
1009 1531 1110 1610 περίτι
1124 1531 1264 1609 προὸάτων
1276 1531 1321 1589 καί
1336 1533 1465 1609 γυναικῶν
1483 1529 1569 1608 γονάς.
1588 1529 1627 1591 Ἦ
1645 1531 1697 1611 γδρ
1710 1532 1790 1610 ἐξημ·

1009 1615 1104 1678 όλοῦτο
1117 1617 1150 1676 τά
1170 1616 1289 1697 ίμύρυα,
1311 1615 1415 1688 ἥκατθ
1435 1615 1493 1684 τοίις
1514 1618 1604 1684 τόκους
1618 1618 1789 1700 διεφθείρετο,

1009 1704 1078 1763 ἐστιν
1095 1704 1170 1764 θκαί
1183 1705 1230 1771 τίις
1245 1703 1372 1783 φερούσας
1388 1703 1662 1780 συνδιαλυμηνάμενα.
1679 1709 1712 1768 Ei
1724 1707 1752 1766 δι’
1764 1731 1789 1766 τι

1009 1792 1129 1873 διαφύγοι
1143 1793 1187 1852 τθν
1199 1795 1229 1852 ἐκ
1238 1796 1288 1850 τῶν
1299 1791 1399 1850 ὠδίνων
1408 1790 1532 1865 κίνδυνον,
1543 1791 1687 1872 ἶμπηρονῆ
1700 1795 1790 1862 ἀτελὲς

1008 1879 1070 1950 ἢδί
1090 1879 1173 1952 άλλην
1195 1879 1252 1938 τινθ
1270 1877 1353 1958 τύχην
1374 1879 1496 1959 βλαφθὲν,
1515 1878 1653 1960 τρέφεσθαι
1675 1883 1789 1960 χρηστὸν

1009 1970 1056 2028 οὐκ
1070 1961 1110 2042 ἦν.
1124 1965 1237 2028 Ἔπειτα
1253 1966 1343 2024 zai-rb
1359 1965 1425 2025 ἄλλο
1438 1969 1552 2039 πλῆθος,
1567 1966 1598 2026 τὸ
1612 1970 1638 2027 ἐν
1651 1971 1723 2047 άκμῇ
1737 1969 1789 2044 μά·

1008 2058 1101 2132 λιστα,
1121 2057 1248 2114 ἐκακοῦτο
1265 2053 1350 2120 νόσοις
1362 2053 1408 2112 καί
1428 2054 1546 2120 θανάτοις
1565 2053 1639 2132 παρδ
1654 2055 1686 2112 τό
1702 2055 1789 2116 είκότα

1009 2147 1121 2222 συχνοῖς.
1136 2141 1344 2248 Μαντευομίνρις
1356 2140 1378 2199 δ’
1387 2142 1483 2211 αὐτοῖς,
1490 2140 1548 2198 τίνα
1558 2141 1645 2213 θεῶνῆ
1659 2143 1789 2219 δαιμόνων

1008 2229 1175 2310 παραὸάντις
1195 2229 1257 2288 τάδε
1275 2227 1423 2306 πάσχουσι,
1443 2228 1527 2286 καί’
1501 2251 1527 2286 τι
1548 2227 1690 2300 ποιήσασιν
1704 2231 1791 2297 αθτυῗς

1007 2319 1130 2431 λωφῆσαι
1147 2317 1180 2375 vt
1193 2314 1264 2374 δεινίι
1281 2317 1368 2387 ἐλπίς,
1385 2319 1399 2374 θ
1414 2314 1470 2380 θεὸς
1488 2317 1597 2387 άνιῖλεν,
1616 2314 1655 2374 ότι
1670 2317 1790 2396 τυχόντες

559 2413 586 2449 ²·
1008 2396 1226 2464 ωνέθουλοντο
1200 2427 1248 2462 ουκ
1262 2401 1556 2474 άπάδοσανθεύξαντο,
1570 2403 1639 2462 stit
1651 2406 1790 2486 προσοφεί

219 2467 415 2579 Dionys-lini.
435 2511 468 2562 A.
486 2508 520 2564 ll.
536 2509 547 2560 l
556 2547 563 2573 ‚
581 2503 630 2573 αδ,
641 2524 670 2578 γι.
689 2503 725 2577 59
740 2504 776 2558 R.
792 2518 801 2559 t
816 2499 852 2556 Οί
866 2497 893 2557 δέ
908 2499 964 2557 Πι-
1007 2494 1081 2550 λουσι
1091 2492 1123 2549 τό
1138 2491 1260 2550 πλείστου
1274 2488 1343 2557 οίςια.
1357 2491 1392 2550 0t
1405 2488 1456 2572 γδρ
1470 2490 1613 2598 Πελαφγοί,
1627 2493 1774 2602 ἀφορίας
1745 2517 1791 2550 αυ-

220 1653 323 1710 Strabo
336 1655 361 1726 Ι,
374 1673 403 1726 γι.
415 1665 470 1708 bo:
484 1648 553 1709 Ἡδὲ
567 1645 692 1709 Ιἰλντισσα
698 1651 774 1718 νῆσος
785 1637 818 1718 ἦν
829 1645 964 1726 πρότερον,

180 1741 215 1805 ὡς
229 1737 362 1817 ίίίυρσίλος
373 1737 451 1816 φησί·
463 1741 509 1808 τῆς
521 1735 572 1814 [δὲ]
584 1734 687 1795 Λέσθου
697 1732 860 1810 καλουμένης
872 1731 965 1812 πρότε-

181 1848 224 1905 ρον
234 1821 343 1897 Ἴσσης,
357 1823 402 1882 καί
413 1824 460 1895 τὴν
470 1829 547 1895 νῆσον
558 1820 699 1884 Ἄντισσαν
708 1823 844 1882 καλεῖσθαι
857 1819 963 1889 συνέύη·

180 1917 225 1970 νῦν
239 1913 266 1970 δέ
281 1917 327 1982 τῆς
347 1911 449 1972 diutina
471 1911 543 1976 πολις
564 1910 643 1972 ἐστίν.
660 1915 703 1968 De
719 1915 779 1966 Issa
792 1912 906 1966 nomine
925 1911 961 1969 ci.

181 2002 302 2059 Diodor.
316 2007 348 2074 V,
361 2002 394 2058 δι
406 2023 414 2072 ;
426 2001 571 2076 Lycophr.
583 2000 658 2059 Cass.
672 2017 744 2072 2¹93
757 2000 877 2072 Hesycb.
888 2009 908 2054 t.
923 1999 963 2066 ll,

180 2109 208 2164 p.
232 2091 288 2160 67;
303 2091 400 2165 Steph.
420 2092 484 2162 Byz.
509 2077 536 2146 vi
558 2081 652 2154 Ἰσσα,
675 2089 724 2160 qui
742 2087 837 2142 insulas
859 2103 965 2140 nomen

179 2195 235 2252 pro
255 2179 370 2233 nomine
383 2177 460 2232 urbis
473 2175 566 2230 habet.
589 2175 631 2233 Cf.
650 2176 740 2231 Tzeta.
761 2173 799 2227 ad
813 2171 883 2246 Lyc'.
906 2173 925 2229 i.
943 2173 962 2230 l.

181 2266 309 2323 Etutatb.
324 2265 360 2320 ad
372 2267 457 2322 Dion.
471 2267 501 2321 P.
521 2263 587 2319 536.
602 2267 634 2318 V.
650 2260 749 2317 Plehn.
762 2261 848 2318 Lesb.
866 2278 897 2333 p.
914 2259 941 2312 3.

179 2589 274 2668 λασγοί
286 2593 385 2660 πολλῆς
399 2590 444 2648 καί
457 2591 554 2668 ἀγαθῆς
574 2590 663 2669 χώρας
686 2591 732 2664 (in
752 2587 850 2661 ltalia)
864 2583 961 2664 κρατεί-

180 2700 284 2753 σαντες,
299 2677 386 2744 πόλεις
401 2701 428 2736 τε
448 2677 611 2756 προσελαόον
631 2675 676 2734 καί
690 2675 772 2742 άλλας
791 2671 862 2732 αὐτοί
880 2695 962 2730 κατα-

180 2765 353 2830 σκευάσαντες
374 2764 489 2842 μεγάλην
502 2765 548 2823 καί
559 2767 668 2842 ταχεῖαν
681 2763 796 2820 ἐπίδοσιν
817 2758 912 2818 ἔλαθον
924 2760 959 2825 τίς

180 2853 300 2931 ἀνδρείαν
314 2854 359 2911 καί
377 2855 488 2912 πλοῦτον
504 2852 549 2911 καί
566 2851 614 2922 τὴν
630 2851 712 2921 ἄλλην
734 2848 868 2928 εὐωχίαν,
884 2839 916 2918 ἧς
931 2849 960 2906 ού

180 2939 261 3000 πολύν
271 2939 371 2998 ὤναντο
380 2941 486 3020 χρόνον·
495 2940 553 2997 ἀλλ’
562 2939 640 3010 ἡνίκα
655 2939 753 3015 μᾶλλον
763 2944 815 3001 τοῖς
827 2933 961 3010 σύμπασιν

180 3027 266 3086 άνθεῗν
282 3027 398 3100 ἐδόκουν,
415 3028 555 3104 δαιμονίοις
571 3025 624 3084 τισὶ
645 3026 731 3104 χολαις
745 3021 961 3100 ἐλαστρηθέντες,

180 3118 204 3172 oi
217 3113 264 3190 μέν
280 3113 332 3172 ὑπὸ
342 3119 393 3172 τῶν
406 3113 480 3173 θείων
493 3117 641 3191 συμφορῶν,
652 3115 675 3170 αἱ
688 3110 715 3170 δὲ
730 3109 780 3168 ὑπὸ
793 3112 845 3167 τῶν
856 3129 962 3218 πρρσοι-

179 3200 292 3260 κούντων
304 3200 443 3282 βαρόάρων
454 3199 644 3298 ἐξεφθάρησαν·
658 3198 688 3257 τὸ
702 3195 730 3257 δέ
742 3197 904 3255 πλεῖστον’
875 3197 960 3253 αυτιῗιν

348 3396 397 3454 bii
412 3394 536 3456 REBUS
558 3393 791 3455 bussiolium.

203 3595 303 3644 'Antissa
316 3593 493 3656 insuiapridem
506 3593 564 3656 tuit,
578 3596 605 3643 ut
616 3593 728 3653 Myrsilus
740 3591 790 3642 ait:
803 3589 868 3653 qitod
878 3589 960 3638 antem

178 3675 230 3720 tum
242 3671 310 3721 Lesbi
328 3685 415 3720 nomen
429 3675 478 3720 issa
492 3673 568 3734 osset,
581 3671 659 3720 insuia
669 3669 788 3732 appellata
801 3653 838 3718 σαί
849 3666 961 3717 Antissa:

178 3763 243 3798 nuno
251 3763 307 3799 vero
320 3763 346 3798 ea
358 3748 417 3797 urbs
425 3751 461 3797 nsi
470 3749 547 3798 Lesbi.

1006 2581 1059 2645 τοῖς
1068 2578 1208 2656 γενομένης
1219 2579 1288 2635 ἐν
1255 2601 1288 2656 τη
1302 2601 1337 2655 γη
1319 2576 1451 2636 ’πάντων
1466 2580 1623 2656 χρημάτων,
1639 2578 1743 2648 εὔξαντο
1754 2584 1792 2661 τῷ

1007 2666 1051 2726 Διί
1067 2665 1111 2724 καί
1123 2669 1161 2745 τῷ
1172 2664 1313 2724 Ἀπόλλωνι
1336 2667 1380 2722 καλ
1400 2668 1453 2731 τοῖς
1471 2664 1608 2746 ίίαὸείροις
1631 2666 1787 2726 καταθύσειν

1008 2753 1116 2820 δεκάτας
1124 2757 1176 2810 τῶν
1186 2751 1435 2832 προσγενησομένων
1446 2752 1580 2810 ἁπάντων·
1590 2753 1754 2824 τελεσθείσης
1763 2755 1791 2814 δέ

1007 2845 1053 2912 τῆς
1063 2844 1150 2948 είγγῆς,
1159 2841 1303 2917 ἐξελόμενοι
1312 2843 1419 2918 καρπῶν
1429 2863 1456 2898 τε
1466 2840 1511 2898 καί
1523 2842 1697 2918 βοσκημάτων
1707 2841 1792 2900 ἁπάν-

1006 2953 1059 2988 των
1069 2951 1099 2987 το
1087 2928 1206 3005 λάχος,
1219 2927 1346 2986 ἐπέθυσαν
1361 2928 1412 2992 τοῖς
1424 2931 1532 3005 θεοῖς,
1518 2953 1553 2995 ως
1565 2927 1596 2998 δὴ
1611 2928 1680 2987 κατὰ
1691 2929 1789 2988 τούτων

1008 3016 1094 3093 μόνων
1094 3015 1249 3091 ἐὐξάμενοι
1258 3018 1350 3075 Ταῦτα
1360 3014 1387 3076 δέ
1399 3015 1531 3093 Μυρσίλος
1542 3019 1556 3073 ό
1567 3015 1676 3082 Λέσθιος
1685 3016 1790 3096 ίστόρη

1007 3129 1050 3163 κεν
1062 3103 1150 3181 όλίγου
1158 3103 1210 3162 δεῖν
1224 3110 1276 3168 τοῖς
1289 3103 1375 3169 αὐτοῖς
1386 3039 1496 3178 όνόμρασι
1504 3103 1610 3184 γράφων
1624 3095 1651 3162 οἵ
1639 3129 1661 3171 ις
1672 3103 1765 3182 ἐγὼ
1735 3128 1791 3177 νυν,

1007 3191 1075 3263 πλὴν
1089 3189 1188 3250 όσον’
1162 3213 1192 3248 ου
1208 3190 1362 3267 Πελασγούς
1375 3161 1503 3249 καλίῑ
1464 3213 1522 3257 τους
1536 3189 1701 3270 ἀνθρώπως,
1722 3191 1791 3250 ἀλλὰ

1006 3372 1054 3408 non
1063 3359 1166 3420 amptius
1174 3357 1203 3404 ad
1213 3363 1296 3419 potuim
1306 3359 1384 3406 essent
1395 3357 1500 3418 idoneas,
1511 3358 1598 3418 partim
1608 3360 1691 3407 asiais
1702 3358 1791 3408 θεύσε-

1006 3437 1073 3496 rent,
1092 3433 1179 3498 partim
1191 3435 1264 3484 etism
1280 3447 1336 3482 cum
1349 3434 1456 3484 lontibus
1474 3435 1702 3486 ramatensium
1718 3437 1791 3485 etism

1007 3516 1098 3577 pecoris
1110 3515 1135 3564 et
1153 3515 1280 3563 mulierum
1297 3513 1394 3562 ioetibus
1409 3514 1538 3563 accidebat„
1558 3517 1618 3564 Nam
1630 3517 1673 3563 aut
1687 3515 1791 3564 abortiri

1006 3595 1077 3643 totus
1088 3593 1253 3655 ejiciebantur,
1265 3595 1309 3642 aut
1328 3593 1373 3642 ΙιιΙ
1366 3605 1417 3654 ipso
1436 3595 1506 3655 partu
1524 3593 1670 3643 interibant:
1680 3595 1791 3643 nonnulii

1005 3671 1077 3721 etiam
1086 3671 1203 3720 matribus
1209 3670 1374 3733 ‚aquibusin
1391 3673 1460 3720 utero
1470 3671 1618 3732 terebantur
1627 3671 1701 3721 exitio
1712 3675 1789 3722 erant

1006 3747 1097 3805 Quodsi
1108 3747 1166 3810 quid
1180 3747 1364 3811 partusdoiorns
1374 3760 1402 3796 ae
1411 3749 1547 3810 periculum
1557 3750 1666 3809 vitamet,
1676 3749 1789 3798 mutilum

555 3823 582 3872 2.
1006 3841 1035 3877 ac
1044 3829 1212 3891 imperfectum
1222 3827 1381 3888 nascebatur5
1396 3831 1438 3877 aut
1449 3828 1496 3876 aiio
1507 3828 1588 3890 atiquo
1599 3829 1658 3877 vitio
1668 3828 1784 3878 adsutum

209 3903 414 3966 Pelasgiampium
431 3915 460 3951 ac
479 3903 582 3952 ieraeem
592 3903 759 3964 εςιιιιιιαιιιιίε
778 3901 823 3950 sibi
842 3903 961 3962 parantes,
1005 3904 1266 3968 mdrgnumeratquod
1280 3905 1392 3954 aleretur.
1413 3905 1539 3955 nauseet
1556 3905 1648 3966 mique
1660 3905 1791 3958 multitudo

178 3983 296 4048 urbesque
308 3985 422 4045 oeperunt
433 3986 457 4030 et
468 3983 544 4030 airas
538 3995 581 4044 ipsi
600 3981 760 4042 andnimaina,
775 3980 843 4030 brevi
855 3979 961 4038 viribus
1006 3982 1132 4032 hominum
1139 3983 1277 4044 prasinus
1287 3981 1451 4042 aduitrmum
1466 3995 1539 4030 varrus
1548 3995 1577 4030 ao
1589 3981 1707 4032 sanantis
1724 3995 1791 4036 uior-

178 4061 278 4109 ioriunis
292 4062 317 4109 et
330 4061 414 4108 deteris
423 4059 543 4109 felicitatis
552 4059 660 4121 partibus
669 4058 739 4108 vaide
748 4057 887 4117 suntabsit,
898 4057 962 4106 onds
1006 4061 1094 4110 borum
1105 4062 1130 4109 et
1140 4059 1357 4121 mortisgenen'bus
1367 4059 1536 4109 afflictabatur.
1550 4062 1631 4115 Quum
1642 4061 1726 4112 autem
1737 4072 1791 4108 ora·

177 4137 356 4186 tamentructus
368 4149 415 4186 ιιοιι
425 4136 465 4185 diu
480 4139 644 4198 perceperunt.
661 4136 708 4185 sed
717 4147 792 4197 quum
805 4134 910 4184 maxime
924 4147 961 4184 re·
1005 4141 1087 4189 eninm
1101 4138 1287 4196 consuluissent,
1306 4140 1334 4187 ut
1345 4139 1472 4188 seirentob
1486 4137 1555 4199 ouius
1568 4137 1606 4187 dei
1619 4141 1662 4187 aui
1674 4137 1791 4188 daemonis

177 4213 223 4263 biit
233 4213 345 4262 omnibus
354 4213 439 4262 llorere
447 4213 593 4272 viderentur.
604 4213 709 4276 quadam
717 4211 791 4260 ‘illiti
808 4211 914 4261 numinis
928 4211 962 4260 irs
1006 4217 1089 4266 oilensi
1102 4217 1161 4265 imin
1174 4216 1227 4264 baed
1237 4215 1299 4264 main
1311 4215 1356 4265 sibi
1367 4216 1518 4276 assiderent,
1528 4216 1552 4264 et
1562 4215 1651 4276 quibus
1660 4215 1792 4265 rationdms

176 4293 289 4354 exagitati
300 4293 387 4354 partim
395 4292 624 4344 ciadibusdisinitus
632 4292 744 4340 immissis
755 4291 865 4354 partima
879 4291 962 4340 vicinis
1006 4307 1034 4344 τε
1043 4293 1154 4342 remediis
1162 4293 1248 4341 borum
1262 4293 1382 4342 malorum
1396 4292 1549 4342 atrocitatem
1562 4304 1577 4339 a
1590 4303 1616 4340 se
1627 4289 1705 4340 sedari
1723 4305 1792 4354 nomo

176 4371 283 4420 barbaris
297 4369 367 4419 deleti
377 4371 505 4431 periemnt.
517 4372 621 4420 Maxima
638 4374 717 4420 tamen
731 4371 837 4433 ipsorum
848 4383 902 4432 pars
920 4383 963 4434 per
1005 4370 1149 4432 sperandum
1159 4373 1233 4429 asset,
1250 4369 1310 4418 deus
1322 4369 1457 4430 respondit,
1468 4381 1508 4418 eos
1518 4369 1568 4418 soti
1581 4371 1704 4430 compotes
1715 4369 1792 4418 iactos

177 4448 277 4498 Graeciae
295 4461 324 4496 ac
340 4447 498 4496 barbarorum
518 4449 624 4509 regiones
638 4461 721 4500 rursus
741 4449 776 4496 est
793 4449 905 4510 dispersa.
927 4451 962 4498 De
1005 4461 1053 4496 non
1063 4447 1204 4509 tiersnivisse
1215 4459 1271 4508 aute
1288 4449 1417 4506 voverant,
1430 4446 1471 4496 sod
1481 4459 1519 4496 res
1529 4448 1598 4509 longe
1610 4447 1790 4508 pretiosissimas

176 4523 265 4586 uiribus
277 4526 296 4574 si
308 4527 419 4572 accirrnie
429 4524 532 4572 scribere
542 4524 627 4572 veliem
637 4562 644 4584 ,
655 4523 752 4586 longum
765 4526 833 4573 esset.
849 4525 884 4573 ab
898 4523 959 4572 ΑΙιο·
1005 4524 1050 4573 diis
1059 4523 1139 4573 αιίίιυυ
1151 4523 1245 4573 debere.
1264 4526 1346 4580 Quum
1358 4525 1421 4572 enim
1442 4525 1529 4586 Pelasgi
1540 4524 1564 4572 in
1576 4537 1634 4586 agro
1647 4537 1692 4573 suo
1702 4525 1788 4574 sterili·

177 4601 279 4662 riginum
292 4599 439 4662 prouidentia
458 4601 527 4662 pauci
545 4600 570 4648 in
590 4601 657 4650 italia
671 4606 819 4649 manserunt.
841 4602 959 4650 Malorum
1003 4603 1052 4649 tate
1060 4613 1188 4662 rerumque
1198 4601 1307 4648 omnium
1315 4601 1565 4662 penuriaiabnrarent‚
1573 4601 1638 4662 iovi,
1647 4601 1750 4662 Apollini
1760 4601 1790 4662 (i)

177 4679 257 4741 igitur,
267 4693 322 4742 οιιιυ
330 4679 430 4728 iarniiias
442 4679 595 4739 desolabant,
607 4680 726 4741 pracipes
739 4693 811 4728 causa
821 4680 960 4729 civitatibus
1003 4685 1028 4728 et
1036 4679 1157 4729 cabirisse
1167 4693 1247 4729 rerum
1259 4680 1379 4739 omnium,
1387 4683 1445 4741 qum
1454 4679 1478 4728 in
1487 4681 1608 4742 postemm
1621 4683 1790 4738 nascerentur,

176 4757 303 4807 videbatur
318 4757 368 4820 ipsa
380 4757 500 4816 sterilitas,
511 4770 566 4817 quse
578 4771 646 4818 agros
654 4759 774 4816 vastarat,
792 4757 858 4819 quod
873 4771 917 4808 neo
933 4759 957 4808 in
1004 4757 1109 4806 decimas
1119 4758 1242 4806 oblaturos
1255 4758 1379 4806 noverant
1401 4756 1448 4806 sod
1464 4769 1540 4818 quum
1551 4758 1602 4805 voti
1611 4757 1711 4806 inissem
1721 4769 1789 4805 com·

176 4835 301 4885 arboribus
312 4836 354 4884 niti
367 4834 582 4896 tructususnnead
595 4835 758 4884 maturitatem
774 4835 908 4895 inserent,
918 4835 958 4885 sed
1004 4839 1071 4898 potos
1087 4837 1155 4894 laub,
1172 4837 1267 4898 frugum
1288 4836 1397 4886 omnium
1411 4839 1435 4886 et
1451 4836 1543 4898 penoris
1558 4835 1637 4886 omnis
1655 4836 1789 4898 portionem

176 4913 256 4963 aoerbi
265 4912 415 4972 deciderent,
426 4925 470 4961 noc
479 4913 638 4971 uiissemina,
649 4925 704 4974 quae
712 4927 808 4973 germen
817 4915 959 4975 emisissent,
1003 4918 1145 4965 exemerunt
1157 4919 1183 4966 et
1199 4915 1245 4966 diis
1256 4915 1410 4978 obtulerunt,
1425 4916 1493 4979 quasi
1511 4929 1555 4978 pro
1570 4915 1703 4966 soliabisoa
1718 4915 1791 4966 rebius

176 4992 202 5040 et
217 4989 344 5051 florerent,
354 4991 486 5051 legitimum
505 4992 599 5050 tempm
618 4989 758 5050 implerent,
772 4995 796 5039 et
818 4990 847 5039 ad
867 4991 976 5052 justam·
1006 4995 1062 5042 vota
1069 4993 1114 5042 diis
1124 4994 1241 5042 iecissent.
1252 4994 1450 5055 biymiiusautem
1460 4993 1558 5044 Lesbius
1567 4993 1621 5042 beo
1634 4991 1731 5054 (iisdem
1741 4993 1791 5042 iere

177 5067 297 5129 spicarum
309 5066 498 5129 magnitudinem
513 5067 677 5128 semestrem
691 5081 734 5115 nec
744 5071 824 5128 pecori
841 5067 961 5118 suiiioeret
1005 5069 1084 5118 serbis
1095 5069 1183 5131 quibus
1194 5081 1238 5130 ego
1249 5083 1314 5119 nunc
1331 5083 1389 5120 usus
1399 5072 1408 5131 )
1419 5071 1448 5128 ‚in
1462 5071 1559 5122 historia
1572 5082 1615 5118 sna
1632 5069 1723 5120 tradit:
1743 5071 1789 5118 nisi

176 5143 291 5205 pabulum
301 5180 310 5206 ,
325 5144 391 5208 quod
406 5146 470 5195 terra
489 5144 654 5208 producebat:
674 5143 782 5207 adeoquo
793 5157 864 5206 aqum
873 5145 959 5208 partim
1005 5146 1071 5211 quod
1083 5148 1192 5199 homines
1210 5147 1267 5198 istos
1280 5161 1329 5198 non
1340 5149 1462 5212 Pelasgos,
1477 5148 1517 5198 sed
1528 5147 1787 5212 Tyrrhenosappeiiat.
