3842 5726
208 363 244 414 tt
819 352 977 416 nullutn
999 349 1182 414 sstulerit

208 502 254 558 ιι,
273 503 284 538 ι
304 503 311 539 :
330 485 404 540 Tunc
420 481 496 560 (362)
514 496 543 540 et
555 485 731 544 Artemius...
748 485 887 558 supplicio
899 489 981 558 capi·
1025 484 1105 562 φανῆ.
1115 484 1302 541 Posteriorern
1313 483 1407 541 locum
1417 483 1527 558 plenius
1537 481 1654 538 habete.
1665 501 1692 538 v.
1702 483 1802 540 Νεωτε·

205 572 257 626 tali
271 573 402 627 multatus
416 582 466 628 est.
484 571 549 626 Post
559 589 638 643 quem
650 571 784 626 Marcelli
797 589 834 628 ex
848 576 982 644 magistro
1027 569 1114 650 ρίζειν,
1126 572 1176 627 ubi
1191 589 1198 625 :
1211 595 1223 622 α
1237 565 1271 628 Ὁ
1283 566 1309 626 δὲ
1326 565 1455 648 βοίρύαρος
1464 566 1522 626 οὐδὲ
1531 567 1574 626 ἐπὶ
1584 567 1632 639 τήν
1642 567 1802 646 νεωτερίζον·

204 665 323 732 equitum
348 669 378 714 et
394 659 518 732 peditum
537 658 635 729 filius,
661 669 693 712 ut
710 662 846 729 injectans
868 663 982 732 imperio
1027 679 1075 714 σοιν
1092 655 1125 714 τθι
1143 655 1288 734 πράγματα
1299 655 1383 734 τύχην
1395 654 1471 733 ἔσχεν
1487 655 1632 732 ἀνενεγκεῖν
1643 653 1691 726 τήν
1708 655 1802 727 αἰτίαν,

204 756 315 806 mam,
328 738 447 812 Pabllffl
460 737 566 792 deletui
580 747 622 792 (ἀί
632 749 726 792 ‘Wie-
1026 746 1060 810 ὡς
1070 741 1101 801 ἀν
1110 741 1214 818 ίννομύν
1222 766 1279 801 τινα
1287 741 1331 800 καί
1343 741 1467 824 ὕπαιθρον
1479 741 1672 819 ἀγωνισάμενος
1680 741 1778 821 μάχην,
1789 770 1801 794 ν

1026 833 1108 888 Prior
1118 832 1199 888 locus
1209 843 1337 907 spectare
1350 833 1420 886 mihi
1433 831 1544 888 videtur
1558 831 1595 888 ad
1608 833 1762 887 Maximum
1776 844 1804 888 et

569 873 614 934 18'
1028 920 1151 974 l'riscnm
1162 919 1278 974 Persicae
1288 918 1475 992 expeditionis
1483 920 1585 978 socios.
1599 918 1641 975 ef.
1654 921 1764 993 Eunap.
1775 921 1803 974 in

242 1011 310 1066 Exc.
326 1010 368 1065 De
382 1017 453 1064 sent.
469 1027 500 1082 p.
525 1004 583 1080 ²59
599 1025 607 1061 ι
627 1003 692 1064 Ὅτι
709 1006 814 1085 κρατεῖν
832 1009 866 1072 ὡς
886 1004 981 1064 ἀπίπαν
1028 1007 1082 1064 Vit.
1096 1007 1212 1062 Maximi
1222 1024 1252 1081 p.
1270 1004 1328 1076 57:
1344 1001 1469 1079 Μαξίμου
1479 1001 1559 1062 δὲκαὶ
1570 1003 1686 1082 Πρίσκου
1696 1027 1804 1064 συνεπο-

204 1093 292 1152 είωθτν
305 1093 331 1150 ἐν
343 1091 390 1168 μίν
399 1088 454 1158 τοῖςΙ
463 1090 578 1170 ἀπείροις
589 1089 619 1150 rb
629 1090 717 1163 πλέον,
729 1093 756 1150 lv
769 1092 796 1150 δὲ
807 1101 860 1159 τοῖς
872 1091 981 1164 ίπιατή-
1027 1089 1110 1164 μένων
1129 1091 1187 1150 κτλ.
1205 1094 1345 1151 Αιιιιιιίιιιι.
1361 1094 1514 1149 Marcellin.
1537 1095 1630 1166 XXV,
1646 1093 1675 1167 3,
1702 1093 1750 1164 23,
1767 1095 1802 1149 de

204 1203 266 1254 μοσι
288 1180 318 1238 τδ
332 1179 560 1257 γεγυμνασμένον·
581 1181 610 1238 οὗ
624 1177 675 1258 γάρ
697 1181 724 1236 iv
738 1183 790 1246 τοῖς
805 1179 872 1257 μετά
889 1179 982 1260 τέχνης
1026 1181 1138 1236 iuliano
1152 1180 1324 1236 moribundo
1340 1198 1347 1240 ε
1364 1183 1431 1255 Ipse
1444 1200 1505 1236 cum
1522 1183 1651 1237 Maximo
1668 1193 1697 1235 ei
1710 1183 1804 1238 Prisco

203 1269 309 1344 ἀπαντᾷ
320 1265 350 1324 τδ
363 1265 512 1345 παράλογον
524 1269 568 1336 τῆς
580 1265 674 1344 τύχης,
685 1267 744 1324 ἀλλ’
759 1269 785 1324 ἀν
797 1274 850 1333 τοῖς
863 1265 981 1346 ἀτίχνοις
1023 1267 1197 1341 philosophis
1207 1286 1290 1340 super
1296 1274 1453 1324 animorum
1465 1267 1632 1324 subtimitate
1640 1271 1804 1344 perplexius

201 1353 291 1432 χύιραν
310 1352 366 1432 ἔχει
387 1352 416 1410 τὸ
442 1351 600 1429 αὐτόματον,
620 1351 710 1431 ὥσπερ
733 1355 782 1411 κείν
806 1362 863 1419 ταῖς
888 1354 981 1420 οίλλαις
1026 1357 1180 1428 disputans,
1199 1355 1295 1410 hiante
1316 1359 1399 1412 latius
1417 1354 1531 1428 suffossi
1548 1359 1644 1412 luteris
1657 1359 1802 1416 τιιιίιισνσ...

202 1437 358 1515 ἀπιστήμαις
371 1441 471 1518 δρῶμεν
486 1439 515 1498 τὸ
527 1437 649 1517 προτεθὲν
664 1441 714 1518 οὐχ
724 1439 773 1498 barb
788 1443 839 1498 τῶν
854 1439 980 1522 ἀπείρων,
1026 1444 1118 1498 medio
1126 1447 1210 1498 noctis
1219 1442 1331 1498 homme
1340 1449 1403 1499 nita
1413 1456 1454 1500 est
1464 1446 1613 1502 absolutus.
1626 1446 1669 1501 De
1681 1447 1804 1500 sissimo

202 1527 260 1586 ἀλλ’
271 1526 321 1586 tat
334 1530 386 1586 τῶν
395 1527 593 1601 μελεπησαίντων
606 1527 800 1602 ἀκτελούμενον.
1026 1530 1064 1588 cl.
1080 1533 1164 1586 etiam
1173 1532 1345 1603 Eunap.Vit.
1360 1533 1434 1586 Max.
1442 1550 1473 1604 p.
1485 1539 1521 1601 47
1533 1550 1540 1589 :
1552 1520 1607 1590 ’Ἦν
1619 1528 1645 1587 δὲ
1657 1527 1722 1608 ἀνὴρ
1733 1521 1805 1597 οὗτος

242 1634 265 1673 ε.
281 1610 344 1672 Ὅτι
363 1620 416 1670 πᾶν
432 1611 506 1692 ἔργον
520 1619 636 1692 κρεῖττον
651 1613 805 1693 ἀπορρήτοις
819 1613 982 1693 στρατηγού-

203 1723 296 1776 μενον·
310 1699 383 1766 ὅστις
393 1699 420 1758 δὲ
431 1703 457 1759 ἐν
469 1699 578 1780 πολέμῳ
591 1699 699 1778 κρύπτει
712 1699 745 1758 sl
755 1700 879 1773 πλείονα,
896 1700 981 1780 κρείτ-

203 1810 256 1845 των
271 1787 341 1846 ίστὶν
355 1785 372 1858 ἢ
386 1791 400 1846 ὁ
413 1785 470 1863 μετ’
485 1784 567 1866 ίργων
581 1784 741 1866 θρασύτητος
760 1791 876 1868 φανερῶς
888 1785 979 1848 ἐπιών.

242 1895 265 1937 a.
284 1872 347 1934 Ὅτι
364 1873 494 1941 θκιινικδς
508 1873 662 1952 Ἡριίκλειος
674 1874 878 1953 ,ἀκροασόμενον
892 1872 981 1932 ίκοίλει

203 1962 247 2021 τὸν
260 1959 400 2020 Ἰονλιανδν
416 1965 451 2028 ὡς
470 1963 496 2027 ἐς
518 1960 566 2032 τὴν
584 1962 717 2040 βασιλείαν
733 1961 877 2043 ὠφελήσων
891 1962 980 2022 αὐτόν.

202 2047 236 2108 Ὁ
249 2047 276 2106 δὲ
290 2047 464 2124 θαυμαίσαςτίι
477 2052 524 2119 τῆς
538 2049 703 2129 ὑποσχέσεως
715 2049 778 2128 ὕψος
792 2049 899 2125 ἑτοίμως
911 2047 980 2119 ὑπή-

201 2155 305 2192 κουσεν.
323 2133 401 2194 Ἐπεί
416 2133 444 2192 ii
459 2133 531 2213 παρά
547 2133 622 2202 δόξαν
639 2135 797 2208 ἀπήντησεν,
818 2134 982 2203 θ’ίονλιανὸς

202 2219 362 2301 ἀντιγράψας
385 2220 462 2298 λύγον
479 2221 527 2291 τὴν
548 2224 639 2280 ἑαυτοῦ
655 2223 764 2299 δύναμιν
779 2221 883 2305 ἐξέφηνε
895 2221 939 2280 καί
952 2221 982 2281 τδ

201 2310 248 2377 τῆς
259 2308 362 2388 Ιφύσεως
373 2306 581 2389 ἀνυπέρθλητον.
589 2311 625 2369 Οἱ
639 2308 666 2368 δὲ
679 2311 834 2377 ἀκούσαντες
847 2311 983 2370 καταπλα·

149 2449 151 2454 ,
200 2393 286 2472 γε’ντες
297 2395 344 2467 τήν
357 2393 466 2470 δύναμιν
479 2401 524 2453 τοῦ
539 2396 628 2470 λόγον,
643 2397 761 2478 καθάπερ
777 2403 834 2458 θεοῦ
847 2395 979 2478 προσεκύ-

200 2504 283 2553 νησαν
294 2481 341 2553 τὴν
353 2482 557 2563 φιλανθρωπίαν,
571 2481 612 2541 θτι
625 2483 669 2542 τδν
683 2485 818 2562 βασιλικὸν
832 2485 912 2563 θυμθν
928 2483 980 2543 διί-

200 2570 263 2627 λυσε
277 2571 369 2649 λογικῇ
383 2569 527 2652 φιλοτιμίᾳ.
540 2569 573 2630 Ὁ
587 2569 615 2629 δὲ
625 2571 672 2629 καί
686 2571 766 2654 ἑτέρῳ
780 2573 854 2655 λόγῳ
870 2572 913 2632 τὸν
930 2575 981 2631 ab·

201 2653 245 2714 τδν
258 2654 361 2714 κυνικὸν
374 2655 505 2732 ἐτίμησεν.
765 2677 775 2690 ·

242 2743 269 2816 §.
288 2743 315 2800 3.
333 2741 553 2821 Ἡράκλειος]
572 2769 584 2796 α
601 2745 697 2802 Codex
716 2747 746 2803 h.
761 2747 779 2805 l.
792 2744 976 2824 Ἡράκλειτοςς

201 2841 230 2886 nt
241 2831 314 2888 inira
327 2833 357 2886 in
367 2833 451 2888 rebus
463 2835 598 2906 Procopii
609 2835 720 2906 tyranni
733 2833 808 2889 idem
824 2835 915 2890 codex
928 2837 981 2891 ha-

200 2919 250 2974 bet
262 2915 425 2994 Ἧροίκλειος.
440 2921 531 2975 Ριίοιί
543 2920 658 2974 lectioni
671 2921 745 2976 iavet
757 2922 857 2977 Suidas
866 2943 874 2992 3
884 2934 980 2996 poste-

199 3007 270 3060 riori
281 3017 374 3062 textus
387 3007 492 3061 iuliani
507 3009 537 3062 in
551 3009 680 3064 oratione
695 3020 794 3064 contra
807 3010 882 3065 hunc
894 3010 977 3083 Cyni·

201 3111 268 3148 cum
281 3093 328 3149 ed.
345 3096 440 3150 Petav.
454 3117 466 3144 ν
481 3093 549 3152 Μαι.

569 3223 616 3281 19.

240 3325 341 3380 Suidds
353 3344 381 3383 ν.
396 3321 484 3384 ‘Tne
493 3322 541 3404 ίθρ
552 3347 613 3396 ιον,
624 3325 673 3383 ίιπθ
684 3323 727 3384 τὸν
740 3322 814 3404 ἀέρα·
829 3325 874 3384 καί
886 3325 950 3384 θπα
959 3349 980 3384 ι·

200 3413 272 3488 θρον
282 3409 385 3486 ὁμοίαις.
395 3411 534 3478 Εύνύττιος·
546 3437 558 3465 ε
570 3409 690 3488 Μοίξιμύς
696 3435 724 3470 τε
733 3412 778 3470 καὶ
785 3412 897 3492 Πρίσκος
903 3412 980 3490 λόγου

1026 1617 1077 1672 τῶν
1090 1612 1300 1684 διαπλησθέντων
1310 1618 1356 1684 τῆς
1369 1615 1491 1674 Αίδεοίον
1503 1615 1604 1695 σοφίας.
1617 1614 1760 1676 Ἰουλιανού
1774 1615 1801 1674 δὲ

1026 1707 1071 1760 τοῦ
1085 1700 1287 1780 βασιλεύσαντος
1302 1700 1399 1774 ἠξιώθη
1411 1701 1529 1779 γενέσθαι
1541 1701 1705 1769 διδάσκαλος.
1718 1696 1802 1770 θύτας

1026 1788 1131 1846 πάντων
1145 1787 1314 1867 ἀνῃρημένων
1337 1791 1388 1849 ὑπὸ
1403 1794 1447 1848 τοῦ
1462 1790 1644 1850 Κωνσταντίον
1663 1791 1761 1866 (ταῦτα
1776 1789 1803 1847 δὲ

1027 1876 1053 1934 ἐν
1067 1877 1120 1941 τοῖς
1129 1873 1196 1932 κατά
1209 1874 1350 1934 Ἰουλιανδν
1367 1875 1549 1956 ἀκριθίστερον
1561 1875 1740 1954 γέγραπται),
1758 1875 1803 1934 καί

1026 1963 1179 2043 ψιλωθέντος
1192 1966 1238 2021 τοῦ
1257 1961 1358 2040 γε’νους,
1373 1961 1513 2030 Ἰουλιανὸς
1531 1963 1698 2044 περιελείφθη
1711 1963 1803 2039 μόνος,

1027 2052 1061 2109 δι’
1072 2049 1176 2122 ἠλικίαν
1187 2048 1381 2129 περιφρονηθείς
1393 2049 1439 2108 καί
1450 2049 1596 2132 πραότητα.

1391 2193 1438 2233 20.

1065 2305 1166 2363 Suidas
1179 2324 1208 2364 v.
1218 2298 1311 2374 Ὶλη·
1326 2301 1469 2380 Εὖνοίπιος·
1486 2329 1498 2354 ι
1511 2299 1580 2361 Τύτε
1591 2297 1619 2358 δί
1628 2297 1673 2372 ίλη
1685 2301 1736 2357 τιῗιν
1750 2323 1802 2358 κα-

1025 2390 1181 2472 ταφροίκτων
1191 2388 1293 2450 ἱππίων
1305 2387 1370 2469 ύπάρ
1381 2389 1440 2456 τοὺς
1449 2389 1472 2448 ν’
1487 2391 1512 2456 ἀς
1524 2387 1582 2455 τοίις
1593 2387 1805 2468 ὀπισθοφύλακας

1026 2479 1185 2558 κατερράγη.
1203 2501 1216 2530 ν
1308 2541 1310 2548 Ι

1065 2591 1078 2618 ε
1093 2567 1267 2624 Crediderim
1281 2566 1356 2621 hunc
1368 2565 1464 2620 locum
1477 2563 1644 2637 pertinuisse
1656 2563 1692 2618 ad
1705 2581 1805 2618 narra-

1026 2656 1132 2711 tionem
1145 2657 1261 2710 Persicae
1274 2653 1380 2708 Juliani
1394 2651 1596 2726 expeditionis,
1613 2662 1642 2705 et
1658 2651 1724 2706 inde
1735 2670 1804 2724 pro·

1025 2743 1122 2798 secisse
1133 2745 1275 2798 Zosimum
1287 2742 1336 2814 qui
1347 2742 1403 2794 haec
1413 2758 1472 2793 non
1484 2739 1623 2794 absimilia
1633 2738 1732 2806 habet,
1745 2740 1801 2806 111,

1027 2829 1075 2900 αθ,
1092 2831 1110 2886 6
1129 2849 1136 2888 :
1150 2830 1184 2887 Ol
1200 2827 1301 2905 Πέρσαι
1314 2823 1497 2903 συνταχθέντες
1509 2825 1544 2889 τίς
1555 2827 1651 2894 πλῆθος
1662 2823 1715 2888 τοῖς
1725 2824 1803 2900 ὠρα-

1025 2922 1079 2991 γοῖς
1089 2919 1135 2974 τοῦ
1141 2913 1283 2990 Ῥωμαίων
1291 2909 1484 2992 στρατεύματος
1491 2909 1626 2982 ἀδοκήτοις
1637 2911 1778 2968 ίπίπεσον.
1791 2937 1804 2961 ι

1028 3003 1117 3062 lions·

1064 3240 1164 3297 Suidns
1173 3257 1202 3296 ν.
1213 3236 1297 3294 Οἰσν
1306 3234 1392 3300 ίνας·
1403 3233 1542 3300 Εὗνύιτιος·
1554 3261 1566 3286 ο
1577 3235 1613 3294 Οἱ
1626 3233 1655 3292 δὲ
1665 3237 1718 3292 τῶν
1730 3233 1806 3312 Πύρ·

1026 3330 1076 3383 θων
1089 3323 1202 3389 οίσυίνας
1212 3322 1323 3389 ἀσπίδας
1332 3321 1435 3400 ἔχοντες
1445 3320 1491 3382 καί
1498 3321 1580 3402 κραίνη
1587 3320 1688 3380 οἰσύινα
1701 3320 1804 3390 πλοκήν

1024 3434 1082 3470 τινα
1103 3411 1213 3488 πάτριον
1232 3407 1410 3485 πεπλεγμένα.
1432 3433 1471 3462 νε
1494 3411 1619 3466 Valesius
1639 3411 1699 3466 haec
1716 3413 1805 3467 verba

201 3495 250 3572 μίν
258 3497 421 3574 μετειχίτην,
429 3501 474 3568 τῆς
481 3497 507 3556 δὲ
515 3501 566 3555 τῶν
574 3501 665 3556 κοινῶν
671 3500 716 3557 καί
723 3498 854 3577 θπαίθρων
860 3497 982 3578 πραγμύ-
1025 3501 1157 3556 admovet
1167 3501 1316 3554 Ammiano
1332 3499 1438 3567 XXIV,
1456 3517 1483 3568 a,
1498 3517 1527 3572 9,
1541 3499 1591 3553 ubi
1602 3498 1806 3554 describuntur

204 3605 255 3641 των
269 3584 359 3661 πείρας
372 3584 520 3662 ἐλάχιστον.
534 3584 612 3644 »Kal
627 3575 710 3652 edite·
726 3613 738 3637 ι
751 3585 841 3651 Ὡςάν
856 3585 979 3666 θπαιθρύν
1024 3589 1114 3642 Persae
1140 3586 1306 3640 Pirisaborae
1333 3586 1453 3640 civitatis
1480 3604 1487 3640 ι
1516 3583 1675 3656 defensores
1702 3583 1807 3640 obtecti

199 3691 258 3726 τινα
269 3669 314 3727 καλ
324 3667 429 3746 ἔννομον
440 3670 633 3747 ἀγωνιούμενος
643 3670 743 3750 μαίχην,
754 3699 766 3723 ν
781 3671 906 3744 τοντίστι,
916 3694 980 3750 προ·
1026 3681 1110 3730 scutis
1123 3675 1393 3746 viminefismissimo
1405 3677 1491 3730 tectis.
1512 3696 1525 3720 ν
1542 3673 1637 3732 Borss.

1021 3839 1080 3888 iram
1093 3837 1383 3899 litterariadisreptatione
1391 3836 1507 3886 dissolvit.
1540 3834 1805 3886 Demdeiulisnusaiia

231 3925 260 3972 in
271 3923 387 3986 imperitis
396 3922 537 3986 plerumque
545 3937 659 3974 οιιιιιετνε
667 3926 789 3988 prevalet,
799 3925 978 3989 insipientibus
1020 3913 1429 3978 q⁰⁰<l¹¹⁰⁰f³ll⁰¹¹⁰⁰l¹¹l⁰¹¹fflull¹¹⁸
1439 3914 1485 3962 ὅθ·

199 3999 309 4050 eruditio.
341 4003 425 4062 neque
447 4001 511 4050 enim
530 4000 633 4050 sortunae
656 4002 778 4053 temeritas
798 4006 850 4051 arte
871 4003 977 4065 proditis
1387 4010 1428 4061 ιφ,

601 3843 643 3893 18.

200 4077 320 4137 usuvenit,
328 4076 370 4126 sed
384 4077 483 4128 rudibus
495 4090 564 4128 ossus
577 4077 689 4142 ¹fortuitus
699 4077 845 4129 dominatur.
858 4081 897 4130 Sic
910 4083 934 4129 cl
951 4081 976 4129 in
1049 4107 1167 4156 mlum
1176 4107 1201 4155 et
1218 4106 1309 4155 ΡΜ,
1320 4105 1462 4155 eruditionis
1472 4103 1571 4167 (lumem
1582 4105 1652 4154 mm
1664 4105 1802 4166 mmm,

198 4155 251 4204 ⁸¹ll⁸
262 4155 392 4244 Midili
404 4155 435 4242 ἕξ]
443 4157 591 4218 limbum
602 4157 731 4208 mmm
740 4157 870 4221 lleloe»
878 4159 921 4208 δαί
931 4159 976 4208 ⁵⁰¹¹
1018 4183 1059 4234 sori
1068 4181 1204 4246 reipublice
1213 4181 1322 4244 gerendae
1331 4184 1356 4231 et
1371 4193 1452 4230 rerum
1463 4179 1607 4230 subdiaiium
1618 4180 1742 4230 minimam
1755 4181 1803 4229 lra-

199 4231 271 4280 lenes
282 4231 396 4282 devenire
406 4232 524 4282 videmus.
1018 4259 1106 4310 nebant
1113 4259 1231 4308 notitiam.

231 4308 736 4370 nouodvuopuemnnsresecretoduoum
742 4309 976 4373 oonsiliodirigiprm
1050 4336 1168 4386 Barbarus
1178 4349 1236 4385 wo
1248 4347 1293 4384 ,ω
1306 4336 1330 4384 γι,
1347 4334 1628 4397 importunam&
1637 4334 1804 4382 mmmm

198 4385 254 4433 slat,
272 4388 334 4434 sane
344 4385 385 4446 qui
393 4385 449 4433 belii
465 4385 533 4447 plura
541 4387 612 4448 celat,
623 4387 700 4449 potior
707 4389 744 4437 est
752 4388 793 4438 illo
803 4389 845 4452 qui
857 4389 975 4438 factorum
1017 4414 1087 4471 solet,
1097 4413 1192 4474 culpam
1203 4412 1311 4461 conferre
1320 4415 1427 4474 potem,
1438 4413 1506 4474 qum
1517 4413 1609 4473 mmm
1626 4411 1724 4473 aliquod
1737 4425 1804 4473 prm,

198 4463 298 4511 audacia
307 4463 430 4512 manifeste
438 4464 523 4550 utitur.
664 4541 670 4551 1
1018 4490 1167 4552 „ummo
1178 4488 1432 4539 mmefflmmjsm

230 4546 254 4588 t.
262 4539 384 4588 Heraclius
391 4541 731 4602 cynicuslulianumiuvrlavit
740 4543 976 4603 utseprseoeptorem

199 4615 301 4678 audiret,
308 4630 351 4667 ocu
359 4631 432 4678 regno
441 4617 714 4669 administraudouiilem
721 4620 839 4668 loturum.
852 4623 875 4669 is
883 4622 974 4681 autem,

137 4721 142 4729 ·
198 4695 386 4758 magnitudinem
397 4697 702 4758 μιοιιιίεεοιιιιοιιιίιιιίιιιιε,
710 4699 917 4748 alacritermorem
926 4711 975 4760 ges·

199 4774 239 4826 sit.
270 4775 976 4838 nox,quumsessimspemeveninet,tutimusoontn

199 4853 266 4902 ilium
278 4851 385 4902 oratioue
405 4853 506 4916 scripta,
528 4854 648 4916 ingenium
665 4867 735 4904 suum
748 4857 906 4916 naturamque
923 4853 976 4902 exi·

199 4931 272 4981 mium
285 4931 466 4982 demonstrarit·
481 4933 632 4995 Quicumque
642 4946 699 4982 vero
712 4931 827 4994 scriptum
839 4931 898 4980 iilud
911 4932 975 4992 lege·

199 5009 271 5068 runt,
281 5010 334 5056 ium
345 5007 486 5069 eloquentiis
495 5009 723 5071 simsuspexerunl,
735 5009 788 5056 tum
800 5007 919 5070 praecipue
930 5011 974 5056 lu-

199 5084 256 5133 liaui
265 5083 429 5145 elementiam,
440 5087 553 5148 tanlquam
563 5086 615 5146 dei,
627 5085 728 5135 osculati
745 5085 811 5145 sunt,
818 5083 861 5145 qui
872 5083 974 5145 regalem

1385 4577 1428 4629 ²0.

1048 4673 1118 4721 'iuno
1126 4663 1208 4720 autem
1216 4671 1323 4732 equiturn
1333 4670 1549 4732 ealaphraclorum‚
1556 4670 1571 4718 i.
1583 4683 1604 4719 e.
1611 4669 1683 4719 armis
1692 4669 1803 4731 undique

1018 4748 1273 4807 munitorum,iurma,
1285 4759 1340 4809 quae
1351 4745 1581 4808 quadringentorum
1589 4759 1716 4795 numerum
1729 4759 1802 4808 supe·

1019 4823 1099 4885 rabat,
1110 4823 1134 4872 in
1145 4823 1244 4886 agminis
1259 4821 1380 4872 novissimi
1391 4823 1503 4872 custodes
1514 4823 1695 4885 impressionem
1707 4823 1773 4874 tecit.

1383 4915 1428 4964 21.

1049 5004 1129 5054 Parthi
1145 5018 1201 5053 vero
1212 5004 1307 5066 clypeos
1318 5003 1435 5054 vimineos
1444 5004 1563 5054 habebam
1571 5040 1579 5067 ,
1591 5006 1616 5055 et
1632 5004 1712 5068 galeas
1730 5005 1802 5054 vimi·

1019 5094 1076 5132 neas
1084 5081 1210 5144 plicatione
1219 5080 1323 5142 quadarn
1334 5081 1411 5144 patria
1422 5081 1529 5144 plicatas.
