3890 5726
804 339 1050 402 FRAGMENTA.
1674 359 1727 411 257

127 490 170 528 νον
187 465 214 538 l}
226 467 372 540 έπιόουλῆς
383 491 412 528 τι
432 469 477 528 καί
490 469 615 546 μελέτης,
629 471 698 531 ὥστε
714 473 830 551 έπισχεῦν
844 481 909 552 σφᾶς
957 495 1006 548 μου
1020 473 1142 553 χαλεπά,
1158 477 1203 534 καί
1221 475 1268 547 τήν
1290 475 1472 556 περιμάχητον
1496 477 1582 542 αὐτοῖς
1596 479 1732 556 Ἀρμενίαν

126 556 188 616 ὅσον
202 557 235 616 διν
246 556 342 636 χρόνον
355 545 432 615 οἷοίτε
444 545 520 634 ώσιν,
531 557 651 638 ἐντούτῳ
663 558 710 630 τήν
724 559 793 618 κατά
802 559 911 636 δύναμιν
956 559 1062 618 ἅπασαν
1075 563 1196 641 ἀμαχητὶ
1210 565 1340 640 ἐνδοῦναι,
1358 567 1553 646 παραχωρῆσαι
1564 563 1591 621 δέ
1606 587 1677 642 σφισι
1688 565 1733 622 καί

130 643 323 718 ποιησομένους
337 647 383 702 τοῦ
405 641 523 719 πολέμου
536 644 715 724 παρασκευήν,
728 645 762 704 τθι
776 646 911 713 ἐπιτήδειά
956 646 1126 726 Ἀρζανηνῆς,
1142 650 1368 728 ἀντιχαριζόμενος
1387 655 1433 710 τοῦ
1450 649 1537 730 Δάρας
1551 651 1580 708 τὸ
1600 649 1733 730 Ἀφουμιῦν

124 755 155 790 τε
163 731 380 812 συναθροίσαντος
391 730 604 809 άποτεθησόμενα
615 734 684 792 κατὰ
692 732 724 805 δὴ
732 733 828 794 τδόσον
838 734 911 794 οὔπω
955 734 1086 814 φρούριον.
1101 735 1225 803 Ἐδέξατο
1236 737 1282 813 μέν
1302 730 1346 796 οῦν
1362 738 1407 796 καὶ
1420 726 1491 804 eder<
1506 735 1597 802 αὐτοὺς
1613 737 1734 815 βασιλεὺς

126 823 274 897 ἀναγκαῖον
290 821 316 886 ἐς
327 817 436 880 Πίσιόίν
446 842 476 876 τε
487 819 532 878 καλ
546 819 576 879 τὸ
587 821 675 901 Δέρας
692 820 739 888 τδς
753 822 855 893 πόλεις,
873 821 910 880 έτι
956 825 969 879 θ
990 825 1110 901 Περσῶν,
1124 824 1269 904 τραχύτητι
1289 825 1315 884 δὲ
1333 824 1467 906 χρώμενος
1482 823 1544 902 πρὸς
1563 823 1661 883 έκαστα
1681 829 1734 883 τῶν

126 932 158 986 γε
173 908 226 986 μήν
239 907 326 966 καλτδι
336 907 420 987 πέραν
431 907 606 987 τοῦΤίγριδος
617 914 737 982 ποταμοῦ
747 909 792 968 καί
802 909 835 967 τθι
848 910 909 988 τῇδε
957 910 1143 989 φιλανθρώπως
1169 912 1356 990 γεγραμμένων
1381 911 1439 971 οὔτε
1461 911 1659 981 ἀποστήσεσθαι
1685 911 1734 993 ἔφη

126 993 241 1074 φρούρια
249 993 370 1052 ἀνάπλεα
384 994 472 1053 θέσθαι
480 998 532 1054 τῶν
543 993 677 1072 ίδωδίμων
685 998 721 1063 ὣς
734 995 836 1075 ἀκρίδας
842 995 910 1054 οὕτω
955 995 1061 1054 πώποτε
1068 1001 1113 1054 τοῦ
1126 996 1229 1076 Δάρας,
1241 1001 1270 1056 οὐ
1280 998 1379 1074 μᾶλλόν
1389 997 1442 1074 γεῆ
1453 997 1652 1069 detinuisset
1663 1001 1734 1075 Σηγ·

125 1081 231 1158 ξυμόδν
250 1083 505 1158 καταδηλησαμίνης
527 1080 587 1149 τοῦς
606 1083 691 1162 ἐκείνη
713 1082 844 1164 καρποὺς,
864 1082 909 1142 καλ
956 1080 1053 1160 γόρων,
1071 1081 1189 1161 όπερκαί
1198 1083 1264 1141 αθτδι
1274 1087 1303 1141 ἐκ
1313 1083 1456 1160 Ῥωμαίων
1468 1085 1654 1164 ἀπισχυρίζετο
1665 1085 1734 1164 ἔχειν

124 1169 188 1246 ἅμα
202 1169 391 1249 ἐρημωθέντων
412 1169 481 1228 κατὰ
496 1169 542 1242 τήν
563 1170 748 1250 προλαόοῦσαν
767 1171 909 1247 Ῥωμαίων
957 1169 1079 1246 Πέρσας,
1091 1167 1149 1226 οὗτε
1166 1169 1218 1245 μήν
1231 1170 1386 1229 ἔλαττώσειν
1398 1195 1422 1228 τι
1434 1175 1485 1229 τῶν
1496 1170 1625 1250 πατρῴων
1635 1173 1735 1248 κτημά-

123 1257 280 1334 ἐπιδρομὴνΙ
287 1253 410 1314 ἁπάντων
422 1259 474 1314 τῶν
486 1255 554 1314 κατὰ
563 1263 648 1315 ταῦτα
664 1257 778 1336 χωρίων,
790 1259 869 1332 λιμοῦ
881 1279 909 1313 τε
955 1278 1015 1327 των,
1029 1257 1088 1314 ἀλλ’
1097 1257 1119 1314 εἰ
1131 1256 1177 1331 μὲν
1188 1247 1269 1316 οἷόντε
1284 1257 1363 1331 ἐστίν,
1377 1261 1402 1325 ές
1417 1257 1523 1329 αὔξησιν
1535 1258 1600 1318 αὐτδ
1611 1260 1735 1338 ἐνεγκεῖν,

125 1345 308 1456 σφοδροτάτου
334 1350 389 1408 τοῖς
413 1343 500 1402 ἐκεῖσε
527 1343 717 1422 ἐνσκήψαντος,
746 1343 808 1424 πρὸς
827 1343 855 1401 δέ
880 1366 909 1421 γε
956 1344 977 1400 εί
992 1342 1019 1400 δὲ
1034 1340 1080 1418 μὴ,
1093 1341 1161 1400 diii
1170 1341 1220 1424 γθιρ
1228 1346 1456 1421 καταλελειμμένα
1470 1345 1604 1426 φυλάξειν.
1614 1346 1735 1426 Χοσρόην

122 1433 166 1510 ἐφ’
187 1455 209 1509 ιρ
227 1431 273 1488 καί
287 1433 513 1509 στρατολογῆσαι,
532 1429 578 1489 ἅτε
601 1431 818 1507 πολεμησείοντας
836 1432 861 1497 ἐς
879 1429 908 1489 τδ
956 1429 1003 1503 μέν
1018 1426 1068 1507 γάρ
1085 1428 1128 1486 τδν
1154 1431 1255 1510 πατέρα
1282 1429 1348 1510 ἔφη,
1369 1436 1416 1504 ὡς,
1432 1431 1484 1509 εἴγε
1502 1437 1604 1511 περιῆν,
1619 1431 1682 1500 ἴσοις
1707 1431 1736 1489 τὸ

122 1517 251 1596 ε’μῦριθές
262 1523 309 1576 τοῦ
324 1517 452 1596 βασιλέως
466 1520 587 1597 Περσῶν.
601 1517 678 1578 Ἐπεί
693 1518 813 1577 δὲταῦτα
824 1519 909 1584 αὐτοῖς
955 1513 1051 1573 τοιόνδε
1062 1515 1172 1595 ἔπραξεν
1185 1516 1215 1574 διν
1227 1518 1272 1575 καί
1283 1517 1313 1576 τδ
1327 1518 1415 1599 Δάρας
1424 1522 1508 1600 ἀφῆκε
1521 1519 1672 1595 Ῥωμαίοις.
1687 1521 1734 1600 Τῷ

122 1605 317 1678 ἐόεόοίιλευτο,
337 1607 412 1682 μόλις
427 1603 494 1680 μετθι
507 1605 630 1672 πλείστας
642 1603 704 1673 ὅσας
720 1604 818 1683 ἡμέρας
833 1603 909 1675 ἐδόθη
954 1599 1005 1681 γδρ
1019 1603 1245 1683 προσκτησαμένη)
1265 1627 1289 1661 τι
1310 1605 1355 1663 καλ
1379 1611 1455 1665 τοῦτο
1470 1605 1666 1676 ἀποόεθληκότι
1687 1610 1736 1686 οὐχ

122 1701 180 1758 τοίς
192 1692 333 1774 πρέσθεσιν
347 1694 372 1760 ές
385 1693 419 1750 τθι
433 1691 552 1769 βασίλεια
563 1695 725 1773 ἐσφοιτῆσαι.
752 1691 804 1752 Καί
817 1689 850 1749 τδ
861 1689 909 1766 μὲν
954 1687 1037 1756 οὕτως
1052 1690 1175 1768 αἰσχρόν·
1196 1691 1307 1769 αἰσχύνη
1323 1691 1349 1749 δὲ
1367 1694 1461 1767 ὁμοίως
1476 1693 1575 1751 δίπασιν
1590 1693 1734 1772 ἀνθρώποις

121 1784 236 1860 πρῶτα,
251 1779 361 1858 καθδιτῇ
376 1779 498 1859 συνηθείφ
512 1777 610 1852 ἐδόκει,
622 1779 802 1855 θοινησάμενοι
819 1776 865 1836 καί
879 1777 909 1836 τδ
955 1775 1199 1855 καταπροέσθαιιτδι
1221 1780 1341 1858 πατρῷα.
1357 1783 1452 1838 Ταῦτα
1474 1779 1598 1858 εἰρηκώς,
1619 1779 1661 1838 δεδι
1678 1783 1735 1840 Με-

122 1872 154 1926 dx
169 1867 302 1947 βασιλέως
316 1867 429 1946 γράμμα
448 1865 657 1944 ἐγχειρίσαντες,
673 1865 736 1945 πρός
750 1864 836 1942 γεκαὶ
851 1865 910 1933 τοῦς
956 1862 1042 1921 όώδου
1060 1861 1140 1920 πάλιν
1160 1865 1246 1929 αὐτοῖς
1261 1864 1366 1937 ἐποίησε
1386 1867 1535 1938 κατάδηλον
1557 1871 1591 1934 ὡς
1605 1894 1615 1919 ι
1630 1867 1673 1925 ἐπὶ
1685 1867 1736 1925 τίνι

123 1955 304 2036 δοριαλώτους
317 1953 527 2030 ἀποδεδωκότες,
539 1952 637 2012 ἐνθένδε
646 1952 826 2034 ἀνεχώρησαν,
838 1955 909 2034 φιλο·
955 1949 1024 2027 μέγα
1038 1955 1189 2029 φρονοῦντες
1204 1949 1301 2018 ἀξιοῦσι
1313 1951 1376 2031 πρδς
1396 1956 1471 2028 ἡμῶν
1485 1953 1688 2029 ἀνακομίζεσθαι
1706 1955 1736 2012 τὸ

123 2041 261 2124 φροσόνης
284 2041 366 2118 μηδὲν
392 2045 476 2100 minos
503 2038 646 2120 εὑρηκότες.
676 2044 718 2120 Τῇ
741 2039 768 2098 δὲ
783 2041 908 2119 ὑστεραίᾳ
955 2036 1140 2116 Δάραςςποῖον
1153 2038 1312 2110 νενικηκότες
1326 2041 1457 2116 πόλεμονς
1470 2041 1553 2106 ποίοις
1567 2043 1736 2118 ἐγκαλλωπι-

120 2130 222 2208 δπαρίι
236 2129 352 2210 Πέρσαις
365 2133 412 2200 τῆς
424 2131 506 2200 αὐλῆς
519 2127 625 2205 ἡγεμὼν
636 2127 681 2186 καί
690 2127 820 2199 Μεόώδης
830 2130 908 2185 έπυν-
955 2123 1056 2199 ζόμενοι
1071 2124 1220 2204 τροπαίοιςς
1237 2133 1282 2183 ποί
1308 2128 1374 2198 δῆτα
1396 2128 1583 2206 καθυπέρτεροι
1603 2127 1737 2207 γενόμενοι

121 2219 255 2288 θανέσθην
266 2217 315 2287 τὴν
329 2216 438 2292 δύναμιν
453 2220 499 2286 τῆς
512 2213 663 2294 πρεσόείας.
682 2218 746 2275 Τῶν
768 2214 795 2272 δὲ
815 2213 907 2274 εἰπόν·
958 2214 1080 2289 Περσῶν;
1095 2213 1154 2269 ἀλλ’
1170 2211 1209 2269 ότι
1224 2213 1344 2293 ἀπειρίας
1362 2214 1519 2293 δραξάμενοι
1532 2222 1577 2273 τοῦ
1589 2216 1737 2294 Ταχοσδρὼ

123 2331 193 2379 των,
207 2304 248 2364 ότι
263 2304 294 2374 δή
308 2303 369 2382 περὶ
387 2303 490 2382 εἰρήνης
500 2301 587 2373 ἥκοιεν
602 2301 839 2381 πρεσῦευσόμενοι,
862 2303 910 2359 αὐ·
957 2301 1089 2376 (Τανχ.),
1103 2299 1147 2356 καί
1169 2301 1370 2378 περιαγαγόντες
1385 2301 1463 2360 αὐτὸν
1479 2305 1504 2369 ἐς
1528 2301 1622 2360 ἄλλοτε
1643 2303 1737 2371 ἄλλους

120 2395 188 2454 τίκα
203 2393 259 2471 οἵγε
274 2395 303 2452 οδ
318 2390 350 2462 δή
364 2393 501 2471 προσίεντο
513 2388 572 2455 τοὺς
586 2389 644 2468 περὶ
657 2388 754 2448 τούτων
771 2390 856 2447 αὐτῶν
870 2388 911 2446 λέ·
955 2385 1072 2465 χώρους,
1089 2387 1179 2456 ἐπειδὴ
1193 2387 1428 2465 περιπλανωμένου
1450 2387 1476 2456 ἐξ
1494 2389 1628 2467 Ἀρμενίας
1641 2389 1736 2448 ἐκείνου
1790 2462 1795 2472 Ι

121 2505 203 2560 γους,
225 2479 367 2560 φάσκοντες
383 2481 431 2537 οὐκ
449 2476 633 2556 ἐπιτετράφθαι
648 2500 673 2534 τι
694 2481 821 2552 τοιοῦτον,
842 2473 910 2533 ἀλλὰ
955 2476 992 2540 εἰς
1003 2472 1213 2554 Ἀρζανηνήνκαί
1226 2473 1280 2532 dno
1291 2475 1449 2554 Ἀρζανηνῆς
1460 2479 1485 2542 ές
1498 2475 1635 2557 Ἀρμενίαν
1648 2475 1736 2534 ἄδειαν

123 2566 264 2633 συλλαόδις
274 2565 418 2631 ἀποδόντας
433 2563 581 2623 ἀντιλαόεῖν
592 2567 705 2643 χρῆναι,
715 2561 760 2620 καί
774 2563 909 2630 ώςθάττόν
956 2558 1034 2637 έσχον
1046 2557 1207 2634 οίῬιομαῖοι
1218 2562 1397 2640 καταδραμεῖν
1409 2561 1457 2632 τὴν
1465 2559 1500 2620 έω
1510 2565 1633 2641 Περσῶν·
1648 2565 1685 2643 τῷ
1697 2586 1737 2621 τοι

121 2679 155 2734 γε
169 2654 258 2726 δήπου
271 2658 319 2726 τῆς
332 2655 442 2731 Περσῶν
457 2652 653 2728 ἀπαλλαγῆναι.
671 2650 718 2711 Ἐν
731 2653 834 2729 φανερῷ
853 2647 910 2707 τοί·
956 2646 1009 2724 ἄρα
1025 2646 1189 2724 βρενθόονται
1200 2647 1263 2714 ἴσως
1274 2647 1320 2704 καί
1338 2650 1558 2726 μεγαλαυχοῦσιν,
1579 2651 1737 2707 ὑποτοποῦν-

122 2769 170 2801 νυν
184 2740 374 2817 ποιησαμένων
390 2737 438 2808 τήν
453 2738 567 2818 έφιεῖσαν
583 2737 669 2803 αὐτοῖς
687 2741 763 2795 τοῦτο
778 2735 907 2808 κε’λευσιν,
955 2755 997 2798 τες
1012 2735 1037 2790 ἐν
1050 2733 1168 2792 ἐλάττονι
1183 2733 1262 2813 μοίρφ
1280 2732 1313 2791 τδι
1336 2734 1452 2813 ἡμέτερα
1471 2740 1583 2796 κεῖσθαι.
1600 2733 1734 2795 Ἴστωσαν

121 2833 244 2906 ἔγνωσαν
256 2830 283 2886 έν
298 2832 409 2907 βραχεῖ,
423 2826 473 2884 δτι
486 2823 623 2896 δόναταιὴ
639 2821 765 2894 ἐπιστολὴ
774 2827 820 2881 τοῦ
838 2822 911 2882 Ῥω·
956 2812 1009 2895 οῦν,
1021 2819 1088 2900 ίφη,
1112 2821 1261 2897 Ῥωμαῖοι,
1277 2824 1312 2887 ώς
1329 2820 1386 2880 οὐδὲ
1401 2821 1486 2887 άλλως
1501 2821 1626 2899 ἀνέξομαι
1639 2829 1686 2894 τῆς
1699 2828 1736 2884 εἰ.

122 2917 214 2992 μαίων
237 2917 442 2994 αὖῖθκθάῒθρθίι
464 2912 510 2972 καλ
530 2911 579 2984 τῦ*
600 2910 684 2993 &iiiiii
702 2916 749 2982 τῆί
768 2909 908 2990 πρεσὸείας
958 2907 1050 2988 ρήνηε,
1062 2909 1085 2964 εἶ
1098 2907 1135 2983 μή
1146 2930 1189 2964 πω
1198 2907 1364 2966 κατατιθέναι
1379 2909 1497 2984 μέλλοιεν
1510 2911 1556 2967 καί
1565 2911 1598 2968 sd
1609 2908 1659 2970 ὅσα
1674 2912 1738 2991 πρὸς

123 3005 245 3076 ἅπασαν,
259 3007 293 3070 ὡς
304 3003 406 3078 ἕτοιμος
420 2999 679 3072 εἴηκατασίεννῦναι
689 2997 721 3057 τδι
731 3001 761 3057 ἐκ
774 3003 819 3056 τοῦ
833 2995 907 3055 πολέ·
958 2992 1085 3072 βασιλέως
1093 2993 1274 3054 Ἰουστινιανοῦ
1284 2996 1458 3071 έκομιζόμεθα
1469 2995 1596 3076 χρήματα
1606 2997 1715 3066 ἀφ’ἔτος,
1724 3025 1737 3052 ς

122 3172 228 3232 santiae,
240 3183 297 3233 qum
314 3171 398 3232 tegetis
412 3169 522 3230 debetur,
539 3168 634 3217 viarum
645 3167 767 3216 erroribus
785 3164 908 3226 iatigabat.
953 3162 1004 3224 pire
1020 3164 1045 3210 et
1062 3162 1216 3221 Armeniam,
1233 3162 1263 3210 de
1287 3175 1335 3223 qua
1355 3165 1391 3212 tot
1405 3165 1536 3213 certamina
1555 3166 1666 3222 iniissent.
1687 3167 1738 3216 sine

125 3257 158 3302 ut
175 3249 311 3312 unomen
325 3252 405 3300 Persae
423 3247 480 3297 dcta
499 3260 571 3310 opere
593 3249 618 3295 et
632 3244 798 3308 praemeditato
811 3243 910 3292 consitio
954 3241 1038 3302 proeiio
1047 3252 1131 3289 eorum
1139 3238 1199 3300 juris
1211 3241 1235 3288 et
1247 3241 1372 3300 potestatis
1391 3241 1481 3302 iueerc3
1502 3243 1559 3304 quin
1574 3246 1599 3292 et
1614 3248 1739 3294 Arzanene

123 3328 261 3388 iaciebant,
274 3339 324 3388 quc
333 3327 423 3387 tegetes
433 3325 584 3374 morarentur
598 3326 623 3372 et
637 3335 711 3384 quem
723 3320 854 3370 diutissime
865 3319 908 3369 de·
952 3317 1050 3376 cedere,
1060 3318 1084 3366 et
1098 3329 1141 3378 pro
1151 3319 1225 3365 Daras
1236 3316 1324 3378 oppido
1340 3318 1482 3366 Aiumorum
1491 3320 1614 3368 castelium
1633 3321 1680 3369 iiiis
1691 3324 1737 3370 tra-

122 3407 245 3464 timerent,
256 3406 284 3452 ui
296 3403 432 3452 maximum
449 3401 540 3450 interea
556 3399 611 3450 beiti
627 3402 770 3462 oppassum
790 3397 909 3457 iacerent,
953 3394 1017 3444 dere.
1035 3395 1120 3443 Denuo
1133 3396 1258 3441 Persarum
1275 3405 1317 3441 rex
1333 3393 1423 3455 iegatoa
1436 3396 1544 3457 excepit,
1556 3397 1581 3446 et
1597 3397 1627 3445 ad
1639 3409 1667 3446 ec
1683 3411 1738 3458 quae

123 3482 240 3544 etcepias
254 3479 370 3530 immenti
381 3478 412 3526 ad
424 3478 536 3540 quamuis
544 3475 691 3526 necessitatis
699 3475 850 3526 secesionem
868 3487 910 3536 pa-

124 3561 191 3606 ratas
202 3557 226 3605 iu
239 3556 340 3606 orbibus
351 3555 428 3605 Nisibi
443 3555 469 3602 et
486 3557 562 3602 Daras
573 3555 742 3614 congererent,
755 3553 828 3613 atque
837 3551 910 3600 etium

124 3635 191 3682 nitra
201 3633 291 3694 Tigrim
310 3643 407 3680 omnem
423 3629 519 3678 cesteiin
530 3629 669 3678 necessariis
685 3628 759 3691 copiis
769 3628 910 3690 implerent3

123 3713 184 3773 qnia
197 3712 298 3760 loomim
309 3709 334 3758 in
343 3709 390 3759 iiiis
401 3707 537 3770 regionibns
547 3719 631 3756 omnes
641 3719 752 3768 agrorum
763 3707 842 3768 irugcs
850 3719 910 3754 con·

123 3790 294 3849 mmprernnr,
303 3789 328 3836 et
337 3786 452 3848 proximis
462 3787 624 3832 Romanorum
632 3782 806 3832 incursionibus
816 3783 866 3846 agri
874 3783 912 3832 de·

124 3865 196 3914 scisti
215 3865 404 3926 pennensemnt.
428 3863 514 3922 itaque
529 3860 682 3910 acerbissime
699 3861 774 3910 tames
792 3860 910 3922 instabat,

124 3941 262 4004 presertim
274 3951 351 4002 quum
364 3951 404 3988 rer
416 3941 543 3987 Persarum
552 3937 583 3986 ad
592 3949 666 3998 grave
679 3937 771 3986 betium
780 3937 911 3999 suscipien-

124 4018 187 4066 dum
199 4015 321 4066 exordium
329 4017 431 4078 pareret.
442 4017 523 4072 Quum
534 4017 612 4062 Perseo
623 4013 669 4062 hoc
678 4013 769 4062 consilii
778 4013 910 4075 cepissent,

123 4095 168 4142 τίνι
178 4090 389 4155 postmuitosdies
398 4091 540 4154 permissum
548 4094 583 4140 est
592 4089 718 4152 iegatis,in
728 4091 816 4152 regiam
826 4090 911 4152 pedem

125 4171 226 4220 inferre.
236 4171 268 4218 ut
284 4169 391 4231 primum
406 4167 517 4228 quidem,
529 4169 557 4215 ut
571 4165 644 4215 moris
661 4169 711 4228 est,
731 4173 788 4216 suni
801 4168 911 4216 convivio

126 4247 237 4308 εατεμίίς
249 4258 300 4308 quo
318 4245 394 4304 iacto,
406 4245 532 4306 postquam
544 4243 625 4292 iitcras
639 4242 670 4292 ah
682 4243 825 4306 imperatore
836 4243 910 4293 tradi·

126 4324 220 4372 dimi
231 4325 258 4373 et
273 4321 382 4384 captivos
397 4319 566 4380 reddidissent,
577 4332 653 4382 quum
662 4333 704 4370 eos
717 4324 795 4370 Persre
805 4319 872 4370 nuiio
881 4321 910 4370 ii·

127 4399 203 4450 beraii
225 4405 250 4449 et
271 4399 376 4460 ίιειιίςυο
393 4409 502 4447 sermons
526 4397 617 4458 dignuti
635 4397 726 4455 essem,
743 4396 909 4447 discesserunt.

127 4476 246 4528 Postridie
256 4477 319 4526 sulse
328 4473 394 4538 apud
402 4477 484 4524 Persae
493 4474 620 4536 proiectus
631 4477 655 4522 et
664 4472 776 4523 iiebodes
787 4487 827 4523 ecs
836 4473 910 4523 inter·

127 4555 289 4615 repererunt,
299 4565 356 4614 quse
367 4554 430 4601 essct
441 4551 546 4613 ipsorum
558 4549 684 4611 legationis
701 4551 813 4612 potestas.
827 4554 910 4609 Quum

129 4631 200 4692 iegati
210 4630 399 4693 respondissent,
413 4640 448 4688 se,
457 4629 485 4676 ut
495 4627 525 4676 de
535 4639 594 4688 pace
600 4629 712 4688 agerent,
721 4628 911 4690 venisse‚·nuiios

128 4706 162 4756 de
171 4721 200 4757 ea
208 4721 235 4756 re
246 4719 371 4760 semones
385 4708 464 4754 Perse
481 4703 645 4764 admiserunt,
660 4703 718 4753 nihii
732 4705 849 4766 ejusmodi
865 4705 910 4756 sihi

129 4783 303 4834 dmmndatnm
312 4795 377 4842 esse,
387 4781 501 4831 direntes.
513 4785 597 4844 itaque
607 4783 687 4832 iiterss
704 4796 746 4832 ecs
757 4785 876 4845 proferre,
886 4787 911 4833 st

130 4861 234 4910 rumim
243 4863 366 4923 accipere,
376 4863 401 4908 et
411 4871 485 4921 quam
496 4859 599 4921 primum
608 4872 624 4908 a
633 4862 759 4908 Persarum
770 4860 855 4910 tinibus
866 4874 908 4910 ex·

130 4939 354 5000 cedemirmsmrmt.
367 4939 480 4998 iitquum
488 4936 555 4997 iegsti
566 4935 679 4987 mandata
687 4937 909 5000 suaexhibuisseut,

133 5015 315 5074 Persaeomnis,
335 5025 441 5076 quorum
455 5025 527 5062 cause
536 5013 621 5076 legatio
629 5013 724 5064 decreta
736 5017 810 5077 esset,
821 5029 909 5078 cogno·

134 5095 219 5142 renunt
230 5113 236 5142 ι
247 5095 275 5140 ui
282 5092 414 5152 imperator
423 5094 518 5152 paratus
526 5093 603 5150 esset,
613 5091 676 5140 mais
687 5105 717 5140 ex
728 5091 791 5142 helio
804 5095 856 5142 crta
870 5106 908 5142 sc·

237 5187 381 5222 menam
396 5187 489 5222 iiisroii.
505 5187 545 5222 un.
561 5199 586 5210 ··
600 5188 654 5224 vor..
668 5188 702 5225 ΙΤ.

957 3472 1087 3531 imperetur
1095 3469 1125 3518 ud
1135 3470 1203 3517 iilum
1212 3469 1502 3532 periiumanescripserat,
1512 3473 1598 3521 acerbe
1607 3472 1738 3522 admodum

954 3550 979 3597 et
989 3548 1129 3608 arroganter
1142 3546 1278 3608 respondit,
1290 3559 1316 3595 se
1324 3560 1448 3609 nunquam
1459 3549 1518 3598 urbe
1527 3552 1602 3598 Daras
1614 3563 1737 3599 cessurum

954 3637 1002 3673 non
1015 3625 1099 3685 πικρία,
1109 3637 1182 3685 quiam
1193 3624 1435 3686 Nisibieutsingaris,
1447 3639 1507 3687 quas
1516 3627 1588 3676 urbes
1599 3640 1613 3675 a
1624 3628 1738 3676 Romanis

954 3700 1054 3764 pervim
1067 3699 1274 3761 capessuanereni
1292 3703 1378 3761 Persre,
1397 3713 1476 3763 neque
1492 3704 1621 3764 quicquam
1638 3718 1667 3752 ex
1685 3717 1738 3766 pos·

954 3775 1111 3835 sessionibus,
1121 3789 1181 3837 quse
1190 3775 1224 3825 iiii
1236 3781 1303 3838 peter
1316 3777 1449 3839 reliquerit,
1457 3791 1483 3826 se
1492 3777 1668 3828 diminuturum
1678 3817 1684 3840 ,
1695 3779 1738 3828 sed

955 3853 1046 3916 potius,
1059 3853 1078 3902 si
1088 3867 1135 3902 non
1143 3854 1263 3902 auctiores
1275 3853 1361 3912 iuciet,
1371 3854 1456 3902 snitem
1467 3855 1618 3914 quantumin
1628 3869 1653 3904 se
1666 3861 1736 3918 esset,

955 3930 1047 3978 intacta
1056 3931 1261 3978 conservaturum.
1282 3931 1375 3979 rPater
1387 3931 1517 3992 chosroes,
1530 3931 1621 3992 inquit,
1634 3933 1653 3980 si
1663 3932 1737 3982 risis·

954 4009 1003 4068 eet,
1017 4007 1115 4055 icrtssse
1124 4019 1153 4054 eo
1163 4004 1322 4055 descendisset
1331 4042 1338 4067 ,
1346 4011 1370 4054 et
1380 4009 1454 4055 Dares
1464 4007 1576 4055 tiemonis
1586 4008 1735 4058 restituisset.

956 4085 1073 4144 Eienim,
1092 4084 1135 4146 qui
1152 4081 1203 4146 ipse
1221 4085 1314 4146 imperii
1336 4085 1394 4133 irnes
1408 4084 1544 4146 protendit,
1565 4089 1632 4146 paru
1655 4100 1738 4137 rursus

954 4163 1079 4224 emittere,
1100 4175 1148 4210 non
1159 4166 1210 4210 tam
1229 4165 1300 4223 turpe
1315 4165 1359 4212 est.
1373 4163 1461 4212 Pudori
1473 4167 1554 4212 autem
1568 4167 1605 4213 est
1622 4165 1736 4216 omuibus

957 4241 1093 4290 hominibus
1111 4243 1210 4302 paterna
1228 4239 1359 4301 profligare.
1373 4261 1385 4284 υ
1400 4243 1457 4290 iisne
1469 4241 1510 4289 ubi
1524 4241 1632 4303 dixerat,
1654 4258 1737 4294 rursus

955 4331 997 4380 per
1014 4315 1139 4366 Mebcdem
1155 4315 1202 4365 aiio
1214 4317 1262 4365 iere
1275 4317 1411 4378 hujusmodi
1422 4318 1538 4380 suggessit
1558 4337 1564 4367 ι
1584 4321 1695 4376 Quanam
1706 4323 1737 4373 de

955 4395 1092 4444 causseiati
1112 4395 1214 4444 Romani
1231 4399 1305 4444 Daras
1322 4396 1354 4444 cb
1372 4396 1427 4458 ipsis
1440 4396 1544 4458 recipcre
1564 4405 1676 4460 poscant,
1688 4414 1738 4461 quo

954 4473 1055 4523 victoria
1066 4472 1149 4534 potiti,
1169 4472 1257 4533 quibus
1273 4473 1371 4535 tropaeis
1382 4485 1407 4521 se
1421 4472 1555 4534 jactantes?
1575 4475 1615 4522 ubi
1633 4475 1737 4538 denique

954 4551 1088 4613 superiores
1106 4551 1183 4600 Persis
1198 4553 1342 4600 evaserunt?
1354 4551 1476 4614 imperitis
1493 4551 1592 4613 quidem
1604 4555 1629 4601 et
1647 4554 1735 4614 impru-

955 4629 1036 4678 dentia
1049 4627 1196 4677 'ranciiosdri
1209 4641 1247 4676 res
1261 4628 1321 4678 bene
1332 4631 1456 4690 gesserunt
1464 4647 1471 4688 ;
1485 4629 1543 4678 dum
1557 4630 1635 4692 ipsum
1648 4645 1678 4679 en
1689 4644 1736 4679 una

956 4709 1050 4770 regione
1068 4708 1091 4756 in
1113 4707 1184 4755 eiiam
1201 4707 1381 4769 circumagunt,
1395 4711 1419 4756 et
1441 4707 1511 4756 rncdo
1530 4721 1559 4756 ex
1579 4709 1690 4757 Armenia
1711 4708 1735 4756 in

956 4792 1108 4843 Arumeoen,
1127 4782 1198 4832 modo
1216 4797 1246 4833 ex
1271 4789 1394 4834 Arzanene
1410 4784 1433 4832 in
1453 4785 1590 4834 Armeniam
1609 4797 1735 4834 excurrere

955 4863 1056 4924 cogitur,
1070 4863 1188 4923 regionem
1199 4865 1338 4925 Persarum,
1355 4876 1410 4924 qum
1420 4859 1496 4912 estad
1508 4863 1645 4923 Orientem,
1659 4861 1734 4923 dopo·

954 4939 1030 5002 puisti
1039 4941 1102 4988 sunt.
1115 4941 1166 4988 iioc
1175 4941 1211 4989 est
1224 4941 1338 5000 tortasse,
1350 4939 1416 5001 quod
1426 4952 1524 5000 magnos
1533 4937 1629 4998 spiritus
1637 4941 1733 5000 gerunt,

955 5031 1004 5079 quo
1015 5015 1172 5078 superbiunt,
1182 5017 1471 5067 existimantesdeteriore
1482 5015 1618 5064 conditione
1630 5029 1667 5064 res
1679 5029 1710 5062 no
1721 5041 1729 5052 ·

954 5101 1015 5144 siras
1032 5097 1161 5156 prostratus
1169 5093 1257 5155 iecere.
1272 5114 1284 5136 r
1298 5094 1379 5143 scient
1392 5095 1509 5153 Romani,
1528 5091 1618 5154 inquit,
1631 5105 1669 5142 me
1684 5105 1733 5143 non

1590 5183 1613 5223 rr
