3908 5732
785 410 1038 473 FRAGMENTA.
1676 425 1732 476 583

139 545 183 604 καί
197 544 260 624 ίιπίρ
272 547 323 604 τῶν
334 547 361 603 ἰν
371 541 464 623 Ῥώμη
479 543 688 620 συνειλημμένων
701 539 912 620 (ἐξεληλεγμένοι
958 564 1003 600 σεν
1021 545 1115 613 εἰπεῖν,
1139 543 1263 622 Κοδράτῳ
1276 543 1304 602 δέ
1324 567 1389 622 τινι,
1411 549 1445 610 εἰς
1465 543 1493 603 θν
1507 547 1551 602 καί
1565 543 1730 615 διεθοίλλετο,

139 631 190 712 γάρ
204 624 270 704 ήσαν
279 635 409 690 κάνταῦθα
418 635 470 691 τῶν
481 635 625 710 βουλευτῶν
637 631 727 711 συχνοί
737 629 770 690 τίι
782 635 827 688 τοῦ
838 633 914 691 Κασ·
958 629 1065 690 ὑπέθετο
1081 631 1125 690 τὸν
1140 629 1259 709 Κύμοδον
1281 633 1419 690 ἀνελιῖν·δ
1440 630 1467 689 δέ
1484 634 1629 713 Κυιντιανῷ
1642 632 1732 712 νεανία

140 719 198 778 σίου
218 723 364 800 περιφανῶς
384 719 587 798 ἐσπουδακότες)
609 720 739 777 ἐπέστειλε
758 723 792 798 τῇ
813 720 912 798 βουλῇ,
959 717 1112 796 θρασυτάτῳ
1122 741 1149 776 τε
1164 719 1209 776 καί
1227 717 1395 798 φονικωτάτῳ
1405 717 1453 790 τὴν
1471 717 1588 796 ὀλεθρίαν
1606 721 1732 798 ἐπέτρεψε

142 805 223 880 μηδίν
236 803 352 884 χαλεπδν
367 807 480 884 γνῶναι,
496 805 593 872 τούτοις
607 805 726 884 ἄντικρυς
744 807 798 872 τοῖς
815 805 914 886 βήμασι
959 803 1061 883 πρᾶξιν.
1076 802 1167 870 Ὅστις
1180 803 1269 862 λαβὼν
1284 805 1450 885 ἐγχειρίδιον,
1464 803 1511 862 καί
1524 805 1637 872 ύποστίις
1655 807 1681 862 ἐν
1700 809 1732 881 τῇ

142 893 319 972 χρησάμενος·
331 891 398 951 αὒτδ
410 895 460 972 γάρ
473 893 618 974 εἰρήσεται,
630 893 678 963 τὴν
688 894 855 972 χρηστότητα
868 897 914 951 τοῦ
959 895 1005 948 τοῦ
1023 890 1129 970 θεάτρου
1144 890 1237 970 εἰσόδῳ
1257 889 1327 966 (ἔστι
1340 889 1366 948 δέ
1382 889 1448 962 αθτη
1461 889 1606 970 ζοφώδης),
1626 889 1734 970 ὥρμησε

143 980 233 1058 ἀνδρὸς
243 985 330 1061 σαφῶς
340 980 530 1058 ἐνδεικνύμενα.
545 972 599 1040 Ἦν
609 981 631 1040 δ’
640 971 684 1040 ούν
693 985 814 1038 τοιαῦτα·
825 1007 837 1033 ι
847 979 914 1040 Ίκι·
960 976 1027 1035 κατὰ
1038 982 1084 1036 τοῦ
1096 975 1228 1053 Κομόδσυ.
1246 977 1296 1043 Ὦς
1307 975 1334 1035 δδ
1347 976 1473 1055 διήμαρτε
1483 980 1528 1048 τῆς
1542 979 1657 1054 πληγῆς,
1670 999 1734 1054 κρα·

144 1068 237 1126 ιτεύω
250 1073 331 1146 ὑμᾶς,
344 1059 367 1128 ώ
380 1069 475 1148 βουλὴ,
491 1069 607 1148 καθαράν
622 1091 673 1144 μου
699 1067 746 1139 τὴν
763 1067 847 1148 ἀρχὴν
862 1069 915 1126 ἀπὸ
960 1063 1044 1134 τηθείς
1054 1065 1104 1121 ύπδ
1113 1067 1165 1122 τῶν
1176 1063 1416 1142 σωματοφυλάκων,
1427 1063 1530 1122 ἀπαντα
1541 1062 1667 1140 διήλεγξε.
1682 1063 1734 1123 Καί

143 1179 155 1205 ε
170 1155 263 1221 παντὸς
273 1154 383 1232 αἰματος
394 1157 559 1236 βουλευτικοῦ
573 1154 743 1235 φυλάξασθαι.
757 1155 806 1226 Μὴ
817 1155 916 1234 γένοιτό
961 1150 1036 1216 αὐτὸς
1050 1151 1097 1227 μίν
1111 1156 1276 1230 παραχρῆμα
1286 1151 1358 1223 δίκην
1373 1151 1460 1217 είεείες
1472 1151 1599 1230 θείεχεν·
1614 1152 1664 1211 ὁδί
1678 1153 1735 1213 ίίί-

144 1242 262 1311 awai}
276 1247 399 1319 ὕρῶνὶπ’
414 1243 506 1320 ὶμςῦῆ
521 1241 692 1323 τῇέμῇῆτῇ
713 1242 913 1324 θμετέρφιβήρῳ
961 1239 1038 1313 μοδος
1064 1237 1152 1297 έκτοτε
1181 1236 1279 1304 κοινοίνς
1307 1237 1413 1316 ἐχθροὺς
1445 1236 1561 1306 ἅπαντας
1594 1239 1734 1316 ἐλογίζετο.

143 1333 331 1401 θανατιιθῆναε,
349 1357 361 1384 ν
381 1333 434 1392 Καὶ
448 1331 519 1398 τέλος
534 1331 600 1411 ἔφη,
614 1330 655 1389 ότι
680 1358 692 1384 ν
706 1328 753 1390 Ἂν
772 1329 809 1407 μὴ
821 1330 914 1392 τούτου
960 1323 1077 1403 Ὓπῆρξε
1089 1323 1117 1384 δέ
1131 1325 1175 1384 καί
1187 1328 1225 1406 τῷ
1238 1323 1368 1404 Περεννίῳ
1382 1324 1524 1404 πρόφασις,
1540 1325 1573 1396 ήν
1588 1325 1680 1395 ἐζήτει·
1688 1326 1738 1396 τήν

143 1416 230 1494 τύχω,
245 1417 388 1493 ἀποίσομαι
402 1419 466 1498 πρὸς
486 1419 530 1476 τδν
543 1418 652 1476 θάνατον
680 1416 753 1475 ακαί
767 1419 814 1477 οὐκ
834 1421 914 1500 ἐπῆρε
961 1431 989 1468 τε
1003 1409 1053 1488 ἵίερ
1067 1409 1179 1490 ἀδελφὴν
1200 1415 1214 1469 ὅ
1236 1411 1353 1487 ίίείμεδεε
1375 1411 1544 1490 δεεχρῆεεεε,
1572 1411 1616 1470 κεί
1635 1411 1738 1476 πάντες

62 1503 79 1528 “
143 1505 187 1562 τὸν
202 1503 319 1582 Μάρκον,
333 1504 390 1564 οὐδὲ
402 1505 583 1585 προσηγάγετο
602 1507 711 1576 ἐκβῆναι
727 1507 779 1563 τῶν
800 1507 916 1577 συνήθων
963 1499 1074 1578 θφεεδῶτ
1091 1498 1149 1564 εεείε
1163 1520 1192 1556 εε
1206 1497 1282 1565 ὄντας
1295 1499 1322 1555 ἐν
1341 1499 1538 1578 τῇσννωμοσίρ
1561 1499 1607 1555 καί
1626 1497 1684 1564 τοὺς
1702 1503 1737 1564 ὡς

143 1593 313 1667 λογεσμῶνώ
327 1592 357 1650 τδ
369 1591 457 1651 άδικον
471 1593 517 1651 καί
528 1591 631 1652 ιίνόσιον
642 1595 694 1650 τῶν
708 1593 917 1668 τετολμημένων,
962 1583 1037 1662 ίευχε
1066 1584 1283 1662 θεεὸεδδενίεθες
1305 1583 1510 1660 ἀπεσκευάζετο,
1534 1584 1649 1658 mmm
1679 1585 1737 1651 εείεε

142 1681 219 1756 τεχτ)
233 1677 340 1738 ἀπιστία
353 1682 405 1738 τῶν
418 1679 605 1757 τολμησάντων
629 1683 659 1739 of»
668 1679 698 1739 τὸ
712 1678 882 1759 ὑπέρομσίων
893 1685 918 1752 ἐς
962 1669 1097 1752 πατρῴους
1111 1672 1157 1730 καί
1166 1671 1321 1748 ἐναγκαίονι
1337 1671 1435 1751 φίλους.

143 1757 284 1833 αύθιςδέος,
1001 1779 1024 1820 τ.
1046 1764 1129 1821 Τοῦτο
1150 1764 1196 1818 τοῦ
1218 1757 1359 1836 Περεννίου
1374 1758 1609 1826 κατασκευάζοντος
1625 1759 1736 1830 ποιησά·

501 1875 565 1931 ¹¹9·
685 1889 707 1918 x
963 1845 1037 1922 μενός
1060 1869 1089 1904 τε
1105 1846 1183 1926 (γάρ)
1205 1845 1296 1904 ίαυτδν
1315 1845 1364 1903 ύπδ
1384 1844 1509 1915 ἐξουσίαν,
1531 1843 1681 1903 ἰπιόούλευε
1704 1851 1737 1926 τῇ

963 1935 1050 2012 ἀρχῇ,
1064 1931 1108 1991 τόν
1117 1955 1145 1990 τε
1160 1932 1280 2006 Κόμοδον
1290 1930 1499 2010 κατεργάσασθαι
1514 1931 1737 2009 βουλόμενος,καί

419 1985 641 2048 κΟΜΜΟΔΟΣ·
963 2022 1015 2086 τοῖς
1025 2023 1115 2078 ἐαυτοῦ
1129 2020 1204 2078 παισί
1223 2019 1269 2090 τὴν
1283 2020 1417 2096 βασιλείαν
1437 2019 1576 2094 διανεῖμαι.
1599 2017 1736 2097 Ἐγνώσθη

182 2105 260 2164 lhid.
281 2125 311 2180 p.
341 2105 378 2162 30
399 2103 487 2164 τὌτι
510 2105 587 2184 μέχρι
606 2105 653 2184 μίν
678 2130 743 2174 τινος
767 2111 782 2166 δ
804 2108 919 2185 Κόμοδος
964 2104 991 2164 δέ
1009 2111 1026 2177 ὴ
1042 2105 1169 2170 ἐπιβουλὴ
1181 2106 1332 2186 παραδόξως
1352 2107 1403 2164 ύπδ
1417 2105 1557 2186 φιλοσόφου
1577 2105 1643 2174 τινὸς
1660 2109 1686 2165 ἐν
1700 2111 1740 2186 τῷ

145 2187 233 2248 πάντα
247 2188 359 2270 ἰπραττε
367 2193 420 2257 τοῖς
431 2200 566 2270 πατρικοῖς
579 2193 661 2272 φίλοις
677 2195 833 2272 συμβούλοις
845 2195 918 2275 χρώ·
964 2193 1064 2274 θεάτρῳ
1079 2193 1180 2272 μεγάλη
1194 2198 1227 2274 τῇ
1242 2197 1314 2274 φωνῇ
1330 2193 1528 2274 οἰνακράζοντος·
1542 2193 1587 2250 καί
1602 2196 1616 2250 δ
1629 2192 1675 2268 μέν
1688 2195 1739 2253 ὑπὸ

145 2297 231 2352 μενος.
242 2275 350 2348 Ἐπειδὴ
363 2275 391 2336 δέ
403 2278 540 2357 Περίννιον
549 2279 665 2360 ἔπαρχον
672 2285 724 2339 τῶν
737 2283 918 2361 στρατοπέδων
962 2287 1009 2340 τοῦ
1019 2281 1157 2361 Περεννίου
1168 2281 1240 2349 δίκας
1255 2285 1301 2351 τῖ’,ς
1313 2282 1459 2362 παρρησίας
1473 2280 1572 2351 λαθὼν,
1588 2282 1651 2359 πυρί
1662 2305 1741 2362 παρε·

144 2363 314 2437 κατέστησεν,
331 2364 453 2445 άνδρατδ
473 2365 519 2442 μέν
539 2367 610 2444 γόνος
622 2367 785 2441 Ἰταλιώτην,
807 2372 919 2450 πονηρὸν
964 2367 1040 2440 δόθη·
1058 2373 1072 2427 δ
1092 2369 1119 2427 δέ
1142 2367 1259 2444 Κόμοδος
1281 2368 1405 2427 θπετόπει
1424 2391 1452 2426 τε
1470 2367 1513 2427 τδν
1529 2368 1673 2446 Περέννιον,
1694 2369 1739 2427 καί

146 2451 207 2530 [δί)
221 2451 252 2510 τδ
265 2445 339 2524 ὴθος,
352 2451 428 2520 αιἰτδς
440 2451 486 2529 μδν
501 2463 609 2533 τρυφαῖς
619 2455 665 2514 καί
677 2457 830 2534 συμποσίοις
842 2458 918 2536 ἐσχό-
963 2454 1095 2531 ἐμίμνητο
1101 2459 1151 2514 τῶν
1159 2454 1313 2534 λεχθέντων.
1325 2454 1431 2530 Ὀλίγον
1442 2453 1469 2512 δέ
1479 2454 1574 2532 χρόνου
1584 2455 1739 2527 διελθόντος,

147 2539 234 2611 λαζεν,
245 2530 318 2606 οὗτος
330 2539 390 2618 [δέ]
410 2541 497 2611 πάσης
510 2546 556 2612 τῆς
567 2543 652 2621 ἀρχῆς
661 2541 708 2614 τὴν
722 2543 838 2612 ἐξουσίαν
850 2547 919 2604 ἐνδυ·
965 2541 1122 2622 στρατιῶταί
1135 2563 1201 2608 τινες
1219 2545 1270 2600 τῶν
1286 2541 1430 2620 Ἰλλυριῶν,
1444 2541 1564 2606 λαθόντες
1583 2541 1627 2598 τὸν
1640 2544 1738 2624 Περεν·

146 2624 270 2702 σάμενος,
286 2628 345 2695 τούς
358 2651 387 2685 τε
398 2626 533 2710 πατρῴους
544 2629 633 2708 φίλους
640 2630 757 2709 πρώτους
769 2631 918 2692 διαβάλλειν
964 2630 1018 2689 νίοο
1038 2633 1136 2708 παῖδα,
1153 2629 1302 2707 νομίσματα
1321 2630 1446 2706 ἐκόμισαν
1466 2630 1666 2706 ἐκτετυπωμένα
1689 2632 1739 2700 τὴν

145 2713 255 2794 ήρξατο,
271 2715 317 2774 καί
326 2715 382 2774 όσοι
395 2715 513 2775 πλούσιοι
538 2709 614 2792 ήσαν,
635 2717 737 2786 τούτους
758 2722 792 2786 εἰς
808 2721 919 2801 ύπσβίαν
965 2717 1061 2778 ἐκείνου
1076 2716 1175 2776 εἰκόνα·
1191 2718 1258 2796 άπερ
1274 2717 1395 2798 ἑωρακώς
1410 2723 1423 2777 δ
1440 2719 1571 2795 Κόρυδος,
1592 2719 1704 2786 πεισθείς
1714 2719 1740 2778 δέ

146 2801 227 2880 άγων,
238 2803 267 2861 τὸ
280 2802 412 2882 μειράκιον
428 2803 559 2884 ἐξεφόβει,
573 2809 608 2872 ώς
624 2803 655 2863 ἀν
670 2804 760 2872 αὐτοὺς
775 2807 919 2887 διαχρησά-
964 2813 1016 2874 τοῖς
1025 2805 1154 2887 λεχθεῖσιν
1165 2806 1235 2885 αὐτῷ
1246 2806 1384 2882 πολλάκις,
1394 2805 1549 2886 πέμψαςδιδε
1561 2805 1662 2883 νυκτδς,
1676 2807 1741 2864 ἀπο·

147 2911 223 2965 μενος
249 2888 367 2970 εἰφορμὴν
392 2894 464 2972 αύτῷ
475 2893 607 2972 παράσχοι
621 2892 744 2970 ἁρπάζειν
757 2893 791 2951 τίι
804 2895 918 2954 ἐκείνων.
965 2895 1053 2968 τέμνει
1066 2893 1114 2965 τὴν
1128 2894 1243 2974 κεφαλὴν
1258 2898 1304 2950 τοῦ
1319 2892 1473 2972 Περεννίου,
1488 2891 1533 2950 καί
1548 2890 1595 2961 τὴν
1614 2894 1742 2970 ταχίστην

146 2977 235 3055 Μέχρι
243 2976 289 3054 μέν
307 2969 351 3037 οὗν
373 2977 441 3046 τινδς
461 2982 549 3058 ἐπεῖχε
574 2980 618 3038 τὸν
641 2979 696 3038 νέον
716 2984 734 3050 ή
759 2984 804 3039 τοῦ
822 2983 919 3062 πατρὸς
964 2981 1092 3059 ἐκπέμπει
1105 2981 1169 3060 πρὸς
1182 2979 1225 3038 τδν
1236 2981 1314 3039 αὐτοῦ
1329 2981 1412 3036 παῖδα
1428 2977 1469 3058 (θς
1481 2970 1512 3050 ὴν
1527 2977 1639 3057 ἔπαρχος
1651 2983 1695 3036 τοῦ
1714 2982 1740 3036 ἰν

146 3063 237 3140 μνήμη
252 3062 297 3122 καί
313 3069 329 3136 ὴ
350 3067 400 3124 τῶν
414 3065 495 3146 φίλων
508 3065 599 3133 αἰδώς·
613 3066 670 3124 ἀλλ’
685 3065 774 3147 ῶσπερ
786 3067 853 3135 τινδς
868 3073 920 3146 βα·
966 3068 1102 3148 Ἰλλυριοῖς
1115 3065 1305 3147 στρατοπέδου)
1318 3064 1350 3124 τδι
1365 3065 1408 3123 ἐπί
1423 3071 1470 3137 τῆς
1483 3065 1590 3140 Ῥώμης
1605 3063 1643 3122 ίτι
1655 3067 1740 3140 ἀγνο-

146 3151 244 3210 σκαίνου
258 3151 339 3232 τύχης
350 3151 544 3234 ἀνατρεπούσης
555 3155 633 3214 αὐτοῦ
639 3149 690 3226 τὴν
697 3155 808 3232 κοσμίαν
822 3153 918 3235 ἀρχὴν,
966 3161 1059 3231 οῦντα,
1071 3155 1170 3215 κελεύει
1184 3177 1212 3212 τε
1226 3153 1303 3212 αὖτδν
1318 3153 1360 3210 διά
1373 3155 1429 3229 (τε)
1448 3154 1555 3232 φιλικῶν
1574 3151 1740 3230 γραμμάτων

146 3238 278 3312 συνίόητι
289 3246 412 3304 τοιοῦτον.
434 3241 566 3302 Λουκίλλα
578 3233 610 3314 ὴν
623 3244 661 3322 τῷ
680 3242 792 3323 Κομόδῳ
805 3243 921 3322 πρεσόυ-
966 3241 1037 3315 ήκειν
1053 3244 1080 3302 ἐν
1094 3246 1126 3323 τῇ
1141 3239 1249 3320 Ῥώμη,
1269 3244 1304 3308 ὡς
1317 3241 1363 3299 καί
1376 3246 1422 3298 τοῦ
1441 3237 1539 3317 πατρδς
1554 3239 1632 3297 αὐτοῦ
1648 3240 1741 3317 βουλο-

146 3327 212 3399 τάτη
227 3328 341 3407 ἀδελφή·
358 3327 424 3402 αθτη
438 3328 561 3409 πρότερον
578 3329 682 3410 Λουκίῳ
701 3327 780 3410 Βήρῳ
791 3330 919 3410 αὖτοκρά-
967 3330 1061 3407 μένου,
1074 3330 1119 3388 καί
1128 3329 1176 3400 τὴν
1187 3328 1286 3386 ὕπατον
1300 3327 1384 3407 ἀρχὴν
1397 3329 1474 3385 αὐτοῦ
1486 3324 1645 3403 ληψομένου.
1660 3325 1694 3385 Ὁ
1704 3325 1741 3398 δέ,

146 3434 203 3492 τορι
215 3411 339 3494 συνῴκει,
351 3413 379 3474 θν
388 3415 507 3475 κοινωνὸν
523 3421 568 3488 τῆς
579 3415 711 3494 βασιλείας
720 3416 826 3494 Μάρκος
835 3416 920 3488 ἐποιή·
966 3421 1017 3476 τῶν
1025 3416 1141 3495 ἐγγίλων
1152 3415 1277 3474 εἰπόντων
1286 3420 1378 3487 ταῦτα,
1390 3413 1530 3493 ἀσχάλλων
1542 3411 1589 3487 μὲν
1602 3411 1640 3470 ότι
1656 3415 1736 3484 ἀτελῆ

148 3522 223 3564 σατο.
238 3501 349 3572 Ἐπειδὴ
362 3497 405 3562 οὖν
416 3503 511 3574 συνίόη
521 3505 565 3563 τὸν
578 3503 686 3564 Λούκιον
695 3506 859 3576 τελευτῆσαι,
873 3527 920 3581 με·
966 3507 1089 3566 κατέλιπε
1102 3505 1136 3564 τά
1149 3509 1194 3576 τῆς
1205 3503 1366 3584 τυραννίδος,
1380 3504 1481 3581 θαρρῶν
1495 3499 1522 3558 δέ
1533 3504 1566 3578 τῇ
1579 3504 1624 3558 τοῦ
1639 3501 1737 3578 πατρὸς

148 3589 242 3646 υόντων
267 3595 300 3668 τῇ
326 3590 457 3669 Λουκίλλῃ
477 3596 530 3650 τῶν
546 3597 593 3664 τῆς
616 3592 749 3670 βασιλείας
773 3592 920 3668 συμβόλων,
967 3594 1088 3670 δυνάμει,
1101 3592 1215 3652 ποιεῖται
1226 3592 1273 3662 τὴν
1290 3589 1446 3668 ὁδοιπορίαν.
1461 3585 1604 3663 Γενόμενον
1623 3586 1650 3644 δὲ
1665 3589 1742 3646 αὐτὸν

148 3666 317 3758 Ῐίομπηῖανῷ
329 3676 440 3758 θπατὴρ
450 3679 547 3748 ἐξέδοτο
562 3680 655 3751 αἰιτήν·
664 3679 731 3739 ἀλλὰ
744 3679 789 3738 καί
803 3683 816 3737 δ
830 3681 921 3756 Κόρο-
966 3678 1034 3737 κατδι
1050 3678 1098 3750 τήν
1112 3678 1236 3750 Ἰταλίαν,
1248 3670 1286 3745 οἷς
1301 3681 1377 3735 τοῦτο
1389 3675 1542 3749 ἐντέταλτο,
1557 3673 1739 3754 διεχρήσαντο.

148 3764 190 3828 δος
210 3762 336 3838 ἐφύλαττε
358 3763 404 3831 τὰς
416 3765 493 3842 τιμάς
512 3771 546 3846 τῇ
565 3768 674 3847 ἀδελφῇ.
688 3766 798 3840 Ἐπειδὴ
814 3766 840 3825 δέ
855 3766 920 3842 ήγά-
966 3770 1089 3827 Τοιοῦτον
1102 3764 1149 3842 μίν
1163 3765 1195 3836 δὴ
1209 3764 1281 3831 τέλος
1296 3763 1404 3830 ἐκείνως
1415 3761 1570 3822 κατέλαόεν.

148 3872 209 3926 γετο
222 3851 298 3920 αύτδς
306 3853 461 3933 Κρισπίναν,
475 3853 575 3932 ἀνάγκη
583 3875 612 3912 τε
623 3850 774 3932 ἰγένετοτὴν
781 3851 920 3932 προεδρίαν
1007 3873 1030 3912 τ.
1050 3853 1086 3914 ‘0
1110 3853 1137 3910 δέ
1151 3853 1268 3928 Κόμοδος
1280 3849 1325 3910 δύο
1339 3849 1396 3916 τοίις
1417 3848 1546 3928 ἐπάρχους
1559 3846 1742 3918 καταστήσας,

150 3938 324 4014 άπονίμεσθαι
340 3963 373 4020 τη
393 3946 438 4000 τοῦ
458 3942 638 4020 βασιλεύοντος
655 3937 772 4016 γυναικί,
790 3941 922 4019 δυσφόρως
967 3939 1159 4020 ἀσφαλέστερον
1173 3939 1246 4020 ᾠήθη
1260 3938 1392 4019 πράττειν.
1406 3935 1507 4015 Χρόνου
1519 3933 1547 3993 δέ
1556 3957 1623 4001 τινος
1637 3931 1743 4014 διαδρα-

149 4028 225 4082 τοῦτο
238 4024 351 4104 φέρουσα
367 4031 384 4099 ἡ
400 4029 548 4103 Λουκίλλα,
558 4029 596 4107 τῷ
606 4027 653 4104 μέν
667 4025 740 4104 ἀνδρί
751 4027 797 4084 οὐκ
809 4026 919 4106 ἐθάρρη-
968 4027 1079 4104 μόντος,
1093 4027 1167 4107 ἐτίρα
1186 4051 1225 4092 τις
1240 4024 1365 4095 ἐπιβουλὴ
1386 4024 1444 4082 κατ’
1462 4024 1540 4080 αὐτοῦ
1560 4021 1660 4100 γέγονε.
1679 4025 1743 4080 Μά-

150 4191 250 4254 εβόπνεκ
262 4194 342 4255 ὄντος)
354 4196 530 4258 περιελθούσης,
541 4194 678 4254 ἰδιοτιεύση·
689 4196 730 4242 καὶ
746 4194 826 4242 ἰποιστ
840 4195 880 4242 τόν
896 4193 1001 4242 Κάσσιον
1016 4194 1045 4243 δι’
1057 4194 1192 4256 ἀπορρήτων
1207 4191 1446 4255 παρασκευάσασθαι,
1462 4187 1506 4246 ἐν’,
1516 4189 1544 4235 ἂν
1559 4205 1581 4236 τι
1591 4189 1604 4235 ἐ
1614 4189 1744 4242 Ἀντωνῖνος

149 4263 233 4318 πάθοι,
244 4265 283 4312 καῖ
294 4265 364 4323 αὐτὴν
373 4267 413 4314 καί
424 4267 465 4324 τὴν
474 4265 601 4330 αὐταρχίαν
610 4265 678 4325 λύθη.
688 4264 774 4324 -δς,
785 4260 894 4326 φήμης]
911 4265 942 4315 ώι
951 4263 1026 4325 φήμης
1036 4262 1121 4310 codex.
1132 4287 1163 4298 -
1178 4261 1313 4309 Ὶκετεύω
1322 4263 1396 4321 ὑμᾶς
1407 4259 1466 4306 κτλ.
1476 4255 1486 4318 1
1497 4256 1590 4318 plenius
1600 4257 1651 4305 Ιιωσ
1669 4269 1742 4318 quam

149 4345 206 4395 quoe
214 4332 350 4395 Χῖρίιῖίῖοιιο
360 4335 444 4394 LXXI,
455 4341 485 4385 σο
495 4335 595 4396 praehet.
608 4365 639 4377 -
648 4331 685 4382 ἐπ’
696 4331 770 4395 ἐμοῦ]
785 4333 819 4380 sic
829 4333 899 4380 etiam
911 4343 951 4392 ορ.
969 4331 1116 4392 Χῖρίιίῖῖυσειι
1132 4329 1285 4380 scribendum
1294 4342 1337 4391 pro
1349 4329 1446 4390 vulgata
1456 4327 1492 4376 ἐπ’
1502 4325 1562 4388 ἐμοί.
1573 4356 1604 4370 .-
1616 4327 1744 4374 θονατω·

151 4402 252 4466 θήναι)
266 4409 380 4464 σφαγῆναι
390 4404 460 4465 Χίρίι.
471 4402 692 4465 -ἀποίσομαι)
702 4403 798 4451 σπεύσω
810 4401 880 4462 Χίμίι.

181 4477 221 4524 Fr.
239 4478 290 4522 119.
303 4479 322 4524 Α
336 4474 463 4524 commodi
475 4487 547 4537 regno
559 4475 718 4525 Historiarum
728 4473 821 4522 ῖιιῖίῖαιο
833 4471 934 4532 sumpsit
943 4468 1100 4528 nerodianus,
1111 4483 1183 4531 quem
1192 4469 1216 4517 ῖιι
1225 4465 1380 4530 sequentibus
1389 4479 1438 4529 ρεω
1450 4465 1534 4515 celeris
1544 4463 1630 4512 ducem
1641 4467 1745 4514 εοοιιπαα

150 4544 196 4594 sibl
207 4543 297 4604 selegit.
309 4545 370 4602 Quoe
381 4544 405 4592 Ιιι
416 4543 462 4592 Ιιοο
472 4544 603 4606 fragmento
619 4545 738 4605 leguntur,
749 4544 861 4603 excerpta
872 4543 929 4590 sunt
944 4553 973 4588 οκ
990 4539 1116 4589 Herodian.
1132 4542 1159 4596 1,
1171 4543 1185 4587 8
1197 4551 1233 4600 εις.
1245 4568 1276 4578 -
1292 4537 1375 4592 αὐτοὺς
1391 4534 1517 4599 σοχρησ.)
1535 4533 1662 4582 Herodian.
1675 4535 1700 4590 1,
1715 4538 1744 4595 8;

151 4611 1012 4679 αι’πδτδ.σο(ἰατ.-1(ρισπίναν]Ηατοιί.;Σκιρπίνανσοιίαε.-εἰς
1031 4612 1062 4659 ὃν
1081 4611 1129 4658 καί
1149 4605 1621 4670 θιεθάλλετο]ἐφόύκαῖλανθανούσῃ
1631 4603 1744 4666 συνουσίᾳ

150 4686 281 4736 διεθάλλετο
293 4684 715 4749 Ηοεσιί.-Κυιντιανῷ)ῖίστο(ἰ.;
728 4681 1299 4745 Κυντιανῷσοιί.-)ν.κατασκευάζοντος,
1313 4678 1517 4739 ποιησάμενός
1530 4693 1560 4724 τε
1575 4673 1651 4736 κτλ.)
1662 4675 1744 4723 0εοίῖο

151 4753 279 4806 claudicat.
293 4755 420 4806 Herodian.
439 4757 544 4816 1,⁹:‘0
559 4757 583 4805 δέ
595 4757 712 4819 ἰίερέννιος
728 4753 948 4816 ἀποσκευασάμενος
959 4751 1075 4808 πάντας...
1092 4749 1247 4810 ποιησάμενός
1259 4765 1284 4796 τε
1296 4749 1365 4796 αὑτὸν
1377 4748 1413 4794 ἐπ’
1430 4747 1552 4804 ἐξουσίαν,
1569 4743 1705 4792 ἐπεβούλευε
1716 4747 1750 4804 τήν

150 4829 220 4891 ἀρχή.
237 4855 269 4868 -
282 4826 344 4890 ὑπὸ)
353 4827 390 4876 ἐπὶ
403 4826 503 4887 λίθινά,
515 4827 662 4889 quodetiam
674 4827 755 4873 nostro
770 4824 823 4871 loco
833 4821 994 4884 reponendum
1005 4820 1112 4878 νῖιίεῖυες
1124 4819 1168 4866 nisi
1180 4819 1241 4866 ῖοεῖο
1254 4817 1312 4864 velis
1325 4815 1361 4878 ὑφ’
1372 4817 1454 4864 ἑαυτὸν
1465 4815 1506 4872 τήν
1519 4813 1633 4868 ἐξουσίαν.
1650 4837 1680 4846 -α
1690 4811 1744 4889 τήν

152 4897 310 4964 βασιλείαν
324 4895 490 4959 διανεῖμαι)
500 4895 626 4960 ἐγχειρίσαι
638 4895 679 4952 τὴν
688 4895 795 4957 πρόνοιαν
806 4899 852 4942 τῶν
862 4894 992 4955 Ἰλλυρικῶν
1006 4887 1183 4952 στρατευμάτων
1196 4885 1283 4934 Herod.
1294 4914 1323 4926 -
1333 4884 1368 4932 όιν
1376 4881 1588 4945 ακράζοντος]
1600 4881 1679 4964 Vespa
1697 4880 1745 4964 phu:

151 4967 254 5028 ἰοεορΙιῖ,
265 4979 319 5028 qum
330 4965 444 5016 excidisse
456 4967 576 5024 videntur,
589 4966 642 5014 haec
657 4969 713 5013 ευιιε
725 4963 829 5024 (Herod.
845 4968 867 5022 Ι,
884 4967 914 5024 9)
932 4978 939 5011 :
957 4963 992 5012 οὐ
1003 4959 1162 5021 πανηγυρίζειν
1176 4973 1213 5005 σοι
1226 4957 1320 5019 καιρὸς,
1337 4955 1464 5017 Κόμμοσε,
1480 4959 1536 5011 νῦν,
1556 4952 1608 5000 οὺδὲ
1626 4952 1687 5005 στοις
1704 4965 1744 5029 και

152 5041 240 5100 ιορταῖς
251 5035 387 5100 σχολάζειν’
399 5036 512 5084 ἐπίκειται
528 5035 571 5097 γάρ
591 5053 635 5084 σου
645 5039 692 5089 τοῖς
708 5033 791 5096 αὐχέσι
801 5035 827 5081 ιδ
842 5039 884 5082 τοῦ
901 5033 1021 5094 Ιίερεννίου
1037 5030 1106 5091 ξίφος.
1124 5059 1153 5069 -
1169 5027 1215 5076 διά
1227 5043 1256 5074 τε
1269 5023 1410 5087 φιλικῶν)
1425 5041 1450 5072 τε
1466 5021 1587 5079 abundat,
1599 5021 1746 5078 οκσοτρίοειε

152 5107 232 5168 culpa.
245 5108 284 5155 Sc.
298 5105 446 5155 Herodianus
460 5125 465 5154 :
478 5105 603 5168 γράμματά
613 5121 638 5154 τε
649 5101 727 5166 φιλικὰ
744 5105 843 5162 ποιήσας
854 5105 893 5152 καὶ
906 5105 993 5165 μείζοσι
1005 5101 1079 5164 φήσας
1092 5100 1169 5146 καλεῖν
1187 5083 1274 5145 ἐλπίσιν
1293 5095 1370 5144 αὐτόν.
1381 5123 1412 5135 -
1427 5090 1605 5174 ἐντέταλτρ)
1624 5091 1744 5138 ἐντελταεο

152 5175 206 5226 eud.
220 5202 250 5215 -
265 5173 280 5236 §
295 5181 317 5224 θ.
328 5173 391 5223 κατ’
406 5175 518 5237 αὐτοῦ)
528 5174 565 5222 vel
577 5175 638 5222 κατὰ
648 5176 674 5222 ιδ
684 5172 740 5222 αὐτὸ
746 5209 754 5232 ,
766 5171 800 5220 uti
810 5173 891 5233 σείσειε.
915 5171 1015 5232 Πιττακέ.)
1028 5169 1080 5220 κατ’
1095 5169 1177 5224 αύτούς
1189 5167 1272 5216 codex.
1284 5193 1314 5203 —
1326 5164 1432 5224 δεινὰ)
1445 5167 1508 5224 Hem
1532 5163 1587 5210 δυνα
1596 5161 1686 5210 ασελ·
1698 5176 1743 5222 χα-
