3830 5720
226 353 280 405 tito
792 345 961 411 iiottllosl
981 343 1231 410 FRAGMENTA.

221 475 296 554 ἔαρος
305 475 373 534 ιιοιτά
383 473 412 533 τό
424 474 503 551 μέσον
512 473 681 550 τελουμένην,
691 474 733 534 ὅτε
743 474 786 534 τόν
795 481 890 555 ταῦρον
900 479 913 534 ό
922 473 994 547 ἥλιος
1040 475 1105 556 ἀίρα
1119 480 1213 554 ποιῶν,
1223 477 1269 537 ααλ
1279 477 1387 556 όμθροις
1399 477 1530 558 ῥαγδαέοις
1539 480 1584 552 τήν
1597 483 1679 563 χώραν
1692 493 1777 548 {aiiii

219 557 995 726 ἱλῗζὶἶῗῗίζιλήλίῗίξοῖίζηήίόιῖἶίήίῗλῖἶὶλ
1040 563 1784 738 λίλίύῖίήλῗιάίῖίιῖιίλῖιίῖίάιίξίῖἶῖίίέί

220 757 292 810 ταις,
306 731 385 814 ρησί,
399 735 456 800 ταῖς
470 731 644 813 πανηγύρεσιν
658 743 746 792 πᾶσαν
764 733 869 811 ἀγουσιν
881 735 996 814 εἰρήνην,
1039 734 1106 796 t'Ort
1120 735 1177 796 itt
1193 737 1268 808 ήλιος
1280 735 1324 795 τδν
1345 737 1487 815 αἰγόκεριίνν
1506 761 1534 798 τε
1554 739 1598 800 καί
1620 743 1732 824 ὑδροχόον
1751 749 1786 806 καί

220 821 249 878 οὔ
262 817 326 898 πρὸς
337 818 466 890 ἀλλήλους
479 819 571 898 μόνον,
586 819 654 880 ἀλλά
667 821 712 879 ιιαλ
730 821 795 900 πρὸς
808 821 924 890 ἅπαντας
939 822 997 889 τούς
1040 823 1132 902 ίχθύας
1144 822 1340 904 έπιπορεύεται,
1354 824 1485 883 ἀνάπαλιν
1498 828 1513 883 ό
1526 823 1578 906 ἀήρ
1590 835 1640 895 τοίς
1658 830 1786 904 piritio

221 908 399 983 έιδημοῦντας
412 907 574 988 ἀνθρώπους·
586 907 649 990 ρασί
662 908 689 966 δὲ
700 909 739 968 ύτι
750 908 794 967 ιιαί
804 907 838 968 τδι
847 909 924 990 θηρία
933 909 998 989 πρὸς
1039 911 1123 977 λίταις
1142 909 1222 990 μέχρι
1243 913 1290 982 τ’ής
1313 909 1386 982 Αύης
1409 909 1515 991 όμόροις
1542 913 1669 982 ἐπικλύζει
1687 913 1731 988 τήν
1747 919 1786 996 χίι

219 993 280 1060 τούς
294 992 459 1074 ἀνθρώπους,
470 995 501 1054 οὔ
514 995 591 1072 μόνον
610 995 637 1054 δὲ
650 995 719 1054 ἀλλά
732 996 778 1055 καὶ
789 995 857 1056 αύτά
871 997 934 1074 πρός
948 998 996 1057 ἀλ·
1041 1019 1104 1076 ραν,
1116 1004 1169 1064 τοῖς
1182 995 1210 1056 δί
1224 997 1277 1057 ἀπὸ
1295 999 1340 1067 τῆς
1361 995 1433 1070 λύης
1451 997 1531 1078 μίχρι
1544 997 1693 1076 Αύξούμιως
1704 1001 1745 1060 καί
1754 1009 1792 1076 τῆς

218 1081 299 1150 ληλα.
313 1079 426 1157 Δόγιται
437 1080 465 1138 ti
475 1079 521 1140 ιιαί
532 1081 601 1142 ἀλλα
611 1081 696 1144 uuili
709 1082 843 1166 παράδοξα
852 1084 898 1142 ιιοιί
908 1081 996 1160 μύθων
1041 1083 1123 1157 ἀλλης
1146 1084 1284 1152 Αἰθιοπίας
1304 1083 1376 1164 θέρος
1394 1105 1437 1158 τι,
1457 1084 1502 1144 καὶ
1521 1083 1555 1143 τά
1567 1086 1651 1166 ὡραῖα
1668 1093 1794 1162 τηνιααίπα

219 1166 293 1227 οὐδὲν
305 1165 501 1226 διαλλάττοντα.
1040 1170 1138 1238 τούτοις
1150 1175 1168 1242 ἡ
1182 1173 1216 1250 γῆ
1228 1169 1417 1250 παραδίδωσιν.

258 1251 324 1314 Ὀτι
336 1253 501 1327 διεστηκέναι
515 1255 580 1336 φησὶ
591 1255 640 1330 τήν
651 1253 769 1318 'lautu
781 1259 827 1330 τῆς
841 1256 997 1333 Αύξούμιως
1078 1255 1144 1318 Ὅτι
1155 1258 1207 1317 ἀπὸ
1217 1261 1265 1328 τῆς
1275 1255 1390 1336 Φαρσάν
1403 1255 1508 1316 πλέοντι
1522 1260 1560 1339 τῷ
1574 1258 1694 1340 Novom
1709 1259 1794 1334 ἐπλτλι

220 1339 408 1400 πεντεκαίδεκα
423 1343 529 1420 ἡμερῶν
540 1341 608 1416 ὁδόν,
625 1345 731 1403 ἀπιοῦσι
742 1343 769 1403 δὲ
782 1345 818 1412 εἰς
836 1343 884 1416 τήν
897 1344 997 1412 Λύξου·
1041 1345 1154 1425 ἐσχάτην
1170 1348 1222 1404 τῶν
1240 1344 1327 1416 νήσων
1346 1345 1521 1417 ιιατηντηκότι
1535 1345 1633 1406 τοιόνδε
1651 1369 1678 1406 τι
1697 1347 1795 1420 συνίόη,

220 1448 265 1502 μιν
285 1424 408 1507 Νοννόσιρ
426 1447 455 1484 τι
469 1423 515 1484 καί
534 1433 587 1494 τοῖς
600 1425 656 1503 μετ’
675 1428 754 1486 αὺτοῦ
776 1427 897 1506 μέγιστον
914 1429 996 1510 ὶράνη
1040 1439 1129 1510 θαῦμα
1139 1433 1184 1493 καί
1197 1435 1317 1492 ἀκοῦσαι.
1332 1431 1457 1513 Ἐνίτυχο
1469 1432 1519 1514 γάρ
1531 1455 1586 1492 τισι
1598 1434 1696 1516 μορρήν
1706 1433 1746 1510 plu
1759 1433 1797 1493 mi

219 1511 306 1590 θέαμα
317 1513 378 1591 περί
391 1511 489 1592 χωρίον
500 1510 575 1586 Αύην
587 1513 859 1594 προσονομαζόμενον·
871 1523 955 1576 κεῖται
968 1517 996 1576 δὲ
1041 1519 1111 1579 ἰδίαν
1126 1517 1229 1599 ἔχουσιν
1244 1518 1419 1599 ἀνθρωπίνην,
1436 1519 1612 1600 βραχυτάτοις
1625 1521 1652 1578 δὲ
1665 1519 1694 1580 τό
1706 1518 1797 1598 pipios

218 1603 236 1670 ἡ
258 1600 318 1672 Αύη
338 1603 365 1660 ἐν
383 1599 458 1681 μέσῳ
470 1602 518 1672 τῆς
529 1621 560 1658 τι
577 1602 629 1658 τῶν
644 1599 812 1677 Αύξουμιτίόν
826 1602 873 1661 καὶ
885 1607 932 1676 τῆς
944 1606 997 1664 τῶν
1042 1608 1087 1667 καὶ
1102 1607 1198 1684 μέλασι
1211 1609 1258 1678 τήν
1275 1597 1368 1687 χρόαν,
1384 1606 1434 1665 ὑπὸ
1450 1605 1478 1664 δί
1499 1610 1598 1688 τριχῶν
1618 1607 1798 1683 διδασυομίνοις

219 1686 373 1746 ’Λδουλιτῶν
381 1687 490 1754 πόλεως·
500 1686 647 1768 ἐλεφάντων
658 1690 756 1762 πλῆθος
766 1691 813 1748 ola
822 1690 917 1768 ὀλίγον,
928 1689 998 1750 ἀλλά
1041 1693 1085 1752 διά
1101 1693 1197 1760 παντός
1209 1698 1255 1752 τοῦ
1276 1692 1411 1768 σώματος·
1423 1689 1526 1752 είποντο
1539 1691 1568 1752 il
1581 1699 1637 1760 τοῖς
1649 1692 1751 1773 ἀνδράσι
1763 1693 1800 1752 tol

219 1774 312 1854 σχεδδν
325 1777 360 1843 ὥς
376 1774 504 1854 χιλιάδων
524 1775 617 1835 πίνει·
632 1777 754 1852 ἐνέμοντο
768 1775 795 1835 δὲ
812 1769 882 1838 οὗτοι
896 1780 920 1837 οἱ
939 1777 998 1838 tlt·
1040 1784 1159 1859 γυναῖκες
1176 1779 1374 1860 παραπλήσιαι,
1387 1779 1433 1839 καλ
1453 1778 1536 1838 παιδά
1555 1803 1584 1840 ια
1606 1779 1645 1840 ἔτι
1666 1777 1800 1859 βραχύτερα

219 1885 312 1940 ραντες
326 1864 353 1922 lv
366 1862 450 1922 πεδίω
470 1860 592 1942 μεγάλῳ,
612 1861 658 1922 καί
674 1861 794 1932 πελάζειν
813 1865 901 1933 αύτοῖς
912 1865 996 1926 ituro
1041 1871 1092 1928 τῶν
1099 1869 1163 1946 παρ’
1173 1867 1259 1934 αύτοῖς
1268 1867 1382 1946 ἀνδρῶν·
1394 1867 1487 1943 γυμνοὶ
1498 1865 1527 1926 tl
1537 1803 1608 1938 ἀσαν
1617 1865 1735 1940 ἅπαντας,
1743 1865 1803 1937 πλὴν

217 1951 271 2006 τῶν
279 1947 413 2029 ίγχωρίων
423 1927 455 2020 ήν
465 1945 570 2008 εύιιολον
578 1948 636 2007 οὐδὲ
647 1948 795 2029 είργιιντής
806 1955 900 2029 νομῆς.
911 1953 997 2015 Τοῦτο
1041 1955 1150 2036 δίρματί
1163 1977 1214 2014 τινι
1229 1955 1316 2034 μικρῷ
1329 1951 1377 2026 τήν
1391 1955 1458 2012 αίδῶ
1468 1953 1677 2032 περειιιάλυπτον
1687 1955 1711 2012 οἱ
1721 1951 1803 2033 προόε·

219 2032 267 2112 μίν
280 2025 324 2092 σύν
336 2033 432 2110 μεταξύ
445 2033 476 2093 τδ
487 2032 572 2110 θέαμα
585 2036 672 2104 αὐτοῖς
685 2037 876 2116 προσεγεγόνει.
888 2063 897 2076 “
1040 2041 1149 2114 θηκότας
1160 2041 1253 2118 ὁμοίως
1263 2041 1352 2121 ἀνδρες
1361 2062 1389 2098 τε
1396 2039 1442 2118 οιαὶ
1452 2042 1584 2118 γυναῖκες.
1595 2040 1698 2119 Ἄγριον
1709 2039 1735 2098 δὲ
1743 2037 1805 2100 αἰδέν
1822 2098 1829 2108 ‚

258 2119 319 2199 Χρὴ
333 2121 360 2180 δὲ
374 2120 419 2181 καλ
433 2120 466 2180 τά
480 2120 541 2199 περὶ
559 2125 606 2190 τῆς
619 2121 736 2199 κράσεως
747 2127 800 2182 τῶν
814 2123 897 2204 ἀέρων
907 2126 997 2200 εἰπεῖν,
1040 2129 1217 2191 ἐπεδείκνυντο
1227 2127 1285 2188 ούδί
1296 2127 1441 2206 ἀνήμερον,
1452 2127 1522 2186 ἀλλά
1533 2129 1581 2188 νιαί
1590 2127 1679 2209 φωνήν
1691 2117 1806 2206 εἶχονμάν

218 2197 262 2266 οἷα
274 2207 326 2266 ἀπὸ
343 2211 389 2279 τῆς
401 2204 474 2280 liar
486 2206 586 2278 ἐπίτήν
599 2207 729 2286 Αὔξουμιν
747 2209 909 2292 διαδέχεται·
926 2215 997 2272 ἀναν·
1041 2216 1213 2297 ἀνθρωπίνην,
1235 2213 1367 2294 ἀγνωστον
1384 2214 1411 2273 tl
1432 2214 1589 2274 παντάπασι
1613 2213 1662 2288 τήν
1686 2215 1807 2274 διάλεκτον

218 2294 281 2362 istut
288 2294 339 2376 γθρ
350 2295 410 2374 περ(
419 2317 447 2353 τε
459 2293 530 2375 θίροτ
540 2296 586 2354 καὶ
597 2299 716 2376 χειμῶνα
729 2296 867 2360 διάκειται.
876 2300 934 2364 'loti
946 2298 996 2380 γάρ
1042 2308 1094 2372 τοῖς
1107 2325 1136 2364 τε
1147 2301 1285 2384 περιοίκοις
1297 2301 1381 2361 άπασι
1394 2301 1440 2360 ιιαλ
1452 2304 1544 2383 πολλῷ
1552 2302 1636 2362 πλέον
1645 2310 1698 2370 τοῖς
1709 2301 1764 2382 περί
1771 2300 1808 2359 τόν

219 2375 294 2453 ἡλίού
305 2383 348 2441 τόν
363 2381 484 2462 καρκίνον
498 2405 527 2440 τι
538 2382 584 2440 ιιοιί
595 2381 688 2442 λίοντα
700 2385 745 2444 καί
757 2385 884 2464 παρθένον
897 2387 996 2466 διερχο·
1041 2391 1181 2459 Νόανοσον.
1197 2391 1294 2460 Διίζων
1304 2389 1332 2448 δέ
1343 2390 1374 2450 ἔνι
1382 2389 1528 2450 θαλαττίων
1539 2389 1657 2471 δστρίων
1668 2389 1714 2450 καί
1724 2387 1809 2468 ἰχθύων

218 2467 316 2546 μένου,
331 2469 410 2550 μέχρι
425 2467 472 2546 μὲν
491 2471 538 2540 τῆς
553 2467 638 2542 Αύης,
656 2467 748 2550 ὥσπερ
770 2471 816 2530 καί
833 2471 897 2552 παρ’
919 2477 994 2550 ἡμῖν,
1041 2480 1093 2538 τῶν
1107 2477 1160 2537 ἀπό
1173 2481 1220 2548 τῆς
1233 2476 1363 2550 θαλάττης
1375 2477 1411 2544 είς
1425 2475 1474 2548 τήν
1485 2479 1567 2546 νῆσον
1579 2475 1811 2557 ἀπορριπτομένων·

217 2555 291 2634 θέρος
303 2578 333 2615 τι
346 2557 392 2616 καί
406 2555 515 2636 ξηρότης
529 2557 666 2636 διακρατιῖ
677 2557 721 2616 τόν
736 2557 801 2636 ἀέρα
813 2576 820 2592 ·
836 2559 890 2619 ἀπὸ
905 2558 934 2620 δέ
950 2563 996 2634 τῆς
1041 2563 1134 2644 θάρσος
1145 2553 1345 2643 δέείχονούδὲν,
1356 2560 1425 2622 ἀλλὰ
1435 2563 1603 2644 καλθρῶντες
1613 2565 1674 2630 τούς
1684 2563 1740 2622 καθ’
1749 2566 1812 2638 ἡμᾶς

162 2665 165 2671 ’
215 2641 292 2716 ,δύης
306 2643 350 2702 ἐπί
363 2644 410 2716 τήν
426 2643 559 2720 Αύξουμιν
571 2645 617 2704 καί
629 2642 677 2715 τήν
691 2645 773 2718 ἀλλην
787 2646 925 2706 Αἰθιοπίαν
937 2669 996 2727 χει·
1040 2649 1189 2732 ἀνθρώπως
1198 2650 1376 2728 ύπέπτησσον,
1386 2651 1477 2732 ὥσπερ
1487 2651 1613 2730 ἡμεῐςτίι
1623 2651 1706 2730 μείζω
1714 2652 1762 2710 τῶν
1772 2655 1814 2722 θη-

218 2728 275 2805 ριάιν
288 2730 417 2790 ἐπίκειται
429 2730 537 2813 σφοδρός
547 2753 554 2767 ·
566 2733 596 2789 ού
610 2730 644 2790 δι’
655 2729 716 2803 ύλης
729 2730 846 2812 ἡμέρας,
861 2730 930 2792 ἀλλά
943 2733 994 2814 γάρ
1039 2738 1111 2818 ρίων.

217 2817 270 2876 ἀπὸ
281 2817 447 2900 μεσημόρίας
460 2817 603 2898 ἀρχόμενος
618 2815 757 2892 ἑκάστοτε,
778 2821 890 2901 συννερῆ
902 2841 933 2880 τε
949 2819 994 2878 τόν

216 2998 991 3064 zodiaootenot:alterrominduoraltoroameuaoaoxtamlitnr,
1040 2999 1165 3053 horrendis
1175 3000 1366 3052 imbribuaornm
1376 3001 1441 3052 illam
1451 3002 1563 3054 inundet.
1572 3002 1820 3064 Quoottamtamporn

216 3082 343 3143 agiturque
362 3081 417 3142 post
435 3079 549 3128 αεοθιυοι
560 3078 697 3128 solstitium.
710 3079 739 3128 ln
751 3078 803 3140 liis,
823 3079 872 3140 ait,
889 3091 995 3131 oonran·
1039 3081 1107 3131 Nilus
1124 3080 1173 3132 lato
1184 3083 1313 3144 AEgpptum
1324 3080 1469 3144 pervadens,
1488 3083 1567 3134 maria
1584 3084 1612 3133 in
1623 3081 1727 3132 modurn
1736 3083 1818 3132 ternu

215 3159 282 3208 tibus
299 3167 396 3206 summa
410 3155 475 3217 rigat
493 3154 671 3216 tranquillitas,
682 3167 731 3204 non
748 3154 828 3204 solum
844 3155 904 3206 inter
915 3157 993 3220 ipson,
1038 3159 1129 3222 irrigat.
1140 3163 1221 3219 Quum
1232 3161 1315 3210 autam
1332 3160 1368 3210 sol
1381 3160 1575 3222 capricornum,
1597 3161 1735 3224 Aquarium
1751 3161 1776 3210 et
1787 3157 1820 3207 ri·

216 3235 258 3287 sod
269 3237 295 3287 ot
304 3248 360 3285 oum
372 3235 486 3284 omnibus
495 3233 602 3283 aaronis.
616 3231 767 3291 Quinetiam
779 3234 841 3284 ieras
851 3245 907 3283 oum
920 3235 993 3284 homi·
1038 3248 1090 3286 sons
1099 3236 1265 3298 perambulat,
1280 3247 1323 3287 aar
1332 3237 1387 3287 νίσο
1398 3248 1468 3287 versa
1480 3237 1590 3288 Adulitis
1606 3241 1680 3289 Aaou
1690 3249 1766 3298 σοςοο
1780 3235 1823 3283 im·

215 3315 301 3374 tribua,
311 3311 583 3369 nontautumiotarse,
593 3308 994 3372 paratatunodogerolabulantur.
1039 3311 1123 3362 iuribus
1139 3312 1260 3375 reginumn
1276 3311 1390 3374 inundat,
1406 3312 1437 3362 lia
1450 3325 1509 3362 roro
1527 3315 1574 3377 qui
1587 3314 1622 3364 ab
1633 3319 1688 3366 tuo
1704 3310 1821 3364 Auxumin

216 3393 303 3443 liarrat
314 3393 339 3441 el
348 3390 395 3440 alia
407 3389 485 3438 multa
494 3387 617 3450 inopinata
628 3388 653 3438 et
662 3386 748 3436 tabulis
757 3399 805 3436 non
816 3386 940 3437 absimilia.
1038 3390 1192 3452 pataramque
1199 3388 1433 3452 AEtlriopiamveraoa
1439 3389 1531 3454 jacent,
1541 3393 1621 3442 estas
1631 3389 1825 3453 munimntum

247 3467 335 3520 Ariolin
359 3465 442 3516 aorinit
467 3463 499 3515 ab
521 3462 628 3513 Auxumi
647 3463 785 3524 quindecim
802 3462 887 3515 itinero
899 3463 994 3514 diorum
1036 3466 1086 3528 jam
1102 3469 1197 3517 liuntur
1208 3469 1273 3518 terra
1288 3468 1388 3532 prabet.
1579 3481 1581 3484 ·

215 3545 315 3596 distare.
337 3541 501 3592 Protioiarantl
520 3551 578 3589 roro
602 3540 724 3589 Aurumin
741 3540 854 3594 ltounoso
870 3553 928 3590 oum
945 3541 996 3591 suia
1069 3544 1197 3606 Navigant!
1215 3545 1333 3595 alharaa
1347 3546 1461 3596 Nonnoao
1472 3547 1498 3596 et
1508 3545 1542 3595 ad
1553 3547 1700 3598 extremum
1711 3542 1826 3609 usquein·
1880 3589 1885 3602 ,

215 3625 351 3674 maximum
361 3621 408 3670 lroo
419 3619 542 3678 obiootum
561 3617 726 3679 spectaculum
740 3616 772 3666 ad
787 3618 908 3680 regionem
926 3624 994 3670 Auen
1037 3620 1251 3681 orimnorum,
1269 3621 1319 3672 talo
1330 3620 1390 3684 quid
1401 3621 1509 3671 ooourrit
1525 3623 1569 3676 vel
1583 3624 1641 3687 ipao
1655 3622 1745 3675 auditu
1755 3619 1828 3672 admi·

215 3701 318 3760 dictam,
331 3709 387 3760 quae
397 3694 476 3746 morlia
491 3696 528 3744 ost
538 3694 601 3743 inter
617 3693 740 3744 Auxumln
752 3694 778 3744 at
789 3693 878 3744 ldrrlin
895 3695 967 3747 urbes
985 3716 992 3748 ι
1038 3698 1150 3749 randum.
1165 3699 1252 3749 lnoidit
1265 3699 1329 3749 anim
1345 3699 1371 3749 ln
1379 3699 1497 3763 quosdam
1508 3699 1594 3751 torma
1605 3702 1711 3766 qnidam
1722 3703 1748 3752 ot
1760 3699 1828 3762 figuli

215 3777 399 3840 elephantorum
416 3771 532 3822 nimirum
547 3770 584 3820 vta
592 3781 642 3819 non
651 3767 758 3828 modion,
768 3769 818 3819 imo
831 3771 908 3822 millia
918 3773 995 3825 lerina
1038 3777 1144 3827 humanu
1152 3813 1160 3840 ‚
1168 3776 1210 3828 aad
1222 3777 1390 3840 brevissimos,
1399 3779 1425 3828 et
1439 3779 1523 3828 outun
1534 3780 1641 3844 nigros,
1657 3783 1788 3844 totumquo
1797 3777 1830 3841 pi·

215 3855 330 3917 quinquo.
349 3849 482 3901 Pusoebant
493 3847 518 3896 nl
529 3844 650 3909 elephanti
660 3844 766 3895 maximo
781 3846 806 3896 in
821 3858 922 3910 rampo,
939 3862 994 3912 pro·
1038 3854 1103 3906 iosos
1112 3869 1207 3920 oorpur.
1217 3855 1385 3920 soqnelpantur
1393 3856 1459 3907 riroa
1469 3859 1583 3921 aquales
1595 3860 1716 3921 seminar,-
1731 3862 1756 3910 ει
1770 3853 1832 3921 puriori

215 3926 438 3994 piusquoaoronoro
447 3921 536 3974 nomini
546 3921 679 3972 incolarum
687 3921 915 3988 incruentaeque
924 3928 994 3988 pastu
1038 3931 1259 3985 adhuobrerioroa.
1275 3933 1340 3984 liudi
1358 3945 1443 3983 ornnes
1456 3937 1549 3996 agunt,
1568 3936 1639 3999 polla
1653 3937 1754 3987 tanturn
1769 3929 1833 3985 lueri

215 4007 351 4070 prohibero
361 4007 414 4054 lloo
422 4002 468 4052 illia
477 4000 573 4051 interim
581 3997 744 4061 spectaculum
754 3999 868 4048 omittit·
1038 4008 1171 4060 adultiores
1187 4008 1293 4059 verenda
1306 4010 1380 4071 lauti,
1399 4009 1446 4059 riri
1463 4011 1558 4072 pariter
1573 4015 1603 4064 et
1615 4015 1731 4070 sonnium,
1748 4013 1835 4140 γοῦν

248 4087 285 4134 Do
294 4081 348 4132 coeli
357 4093 454 4144 quoquo
462 4076 635 4130 constitutione
643 4073 723 4126 dicore
736 4078 844 4138 oporiet,
851 4089 908 4140 tlon
916 4081 954 4130 at
961 4080 994 4132 ab
1038 4087 1096 4136 nihil
1105 4099 1184 4150 οοςοο
1194 4087 1296 4136 olerum
1309 4087 1367 4150 quid
1380 4099 1430 4149 prro
1440 4099 1467 4138 ιο
1477 4088 1598 4141 tarentas.
1612 4093 1684 4150 Quin
1695 4095 1723 4143 et
1733 4105 1765 4139 ro
1791 4087 1835 4138 illia

216 4154 625 4212 Auaarltuxumintoonlraanlm
636 4153 992 4211 aratasilliootlriomaaooidit
1039 4162 1417 4225 hominumlomninuim
1425 4166 1741 4232 aooolis.prorsnsignota
1750 4168 1835 4227 lingua.

216 4242 277 4292 liam
286 4239 337 4290 solo
346 4237 592 4294 canorum,1.oonom
600 4231 993 4297 otilirginomobeunte‚adluon
1038 4239 1164 4302 multoque
1172 4239 1276 4302 amplius
1284 4239 1390 4289 Nonuosi
1398 4241 1478 4290 somn
1487 4241 1591 4294 vivunt
1600 4246 1711 4295 marinis
1719 4241 1837 4294 mtreisot

215 4330 308 4380 usqua,
326 4315 364 4364 uli
380 4316 405 4364 ot
418 4313 502 4374 nobis,
514 4311 585 4360 nstra
598 4310 635 4358 ast
650 4320 792 4372 summaque
804 4311 859 4362 omli
878 4313 991 4366 alocitna:
1038 4317 1164 4380 piaoilrusa
1173 4319 1232 4368 mari
1241 4316 1272 4368 ad
1281 4317 1384 4368 iamlam
1393 4317 1514 4381 projectis.
1523 4321 1650 4372 Andarna
1659 4321 1766 4372 minima
1773 4318 1836 4378 arnt,

216 4395 242 4443 at
254 4393 285 4443 ab
297 4398 350 4443 tua
361 4388 484 4442 Anxumin
496 4397 580 4436 voram
590 4387 615 4435 at
626 4383 743 4446 reliquam
761 4386 906 4452 AEtlriopiarn
917 4389 994 4444 hierna
1037 4396 1066 4444 ut
1080 4393 1168 4444 nmtria
1177 4394 1311 4457 conspuatis
1326 4393 1477 4454 nominibus,
1487 4397 1717 4457 quomarlmoluru
1733 4410 1779 4446 uos
1790 4397 1837 4442 risa

216 4468 404 4526 attrahentem,
414 4463 564 4525 nonintomo
575 4459 723 4524 quidamilla
736 4461 791 4524 dio,
800 4463 842 4513 aad
856 4476 912 4527 quaa
922 4479 937 4516 a
946 4479 993 4518 ma·
1038 4470 1201 4533 ingenitium,
1212 4473 1278 4522 rnatu
1288 4469 1390 4533 perculsi
1399 4469 1497 4519 luerint.

217 4545 276 4596 ridie
293 4545 407 4608 iucipiens
424 4543 513 4604 utiquo
528 4538 618 4591 coactio
634 4537 739 4591 nubitur
755 4551 835 4592 aerem
848 4543 956 4598 obducat
967 4547 994 4598 at
