3792 5728
774 345 1024 409 FRAGMENTA.
1634 356 1643 407 t
1656 357 1689 407 tt)

104 490 129 544 p.
146 470 208 528 386.
226 474 267 528 De
280 471 528 546 Constantinopoli
537 477 650 530 castello
658 477 873 533 mihinoucon-
916 485 961 538 τοῦ
980 477 1111 560 βαρόάρου
1131 478 1170 538 ότι
1189 480 1274 546 καλῶς
1288 477 1379 559 πράξω
1405 477 1478 556 παρδι
1497 483 1543 536 τοῦ
1566 476 1692 556 βασιλέως

103 569 158 612 sur.
171 563 213 614 De
222 558 282 614 lilio
292 562 345 615 isto
354 563 477 615 Zenonis
486 563 598 635 impuro
606 565 708 636 reliqui
721 567 873 640 scriptores
918 565 1041 635 Νέπωτος
1054 566 1101 638 τὴν
1116 565 1188 635 άξίαν
1201 571 1247 625 τοῖν
1258 565 1394 645 πατρικίου
1406 566 1541 644 δεξάμενος
1552 566 1691 645 Ὀδόαχος·

103 647 163 700 uitii
174 647 327 703 tradidere.
919 653 1060 734 ἐκπέμψειν
1072 655 1122 734 γὰρ
1137 655 1225 724 αὐτὸν,
1240 657 1262 712 εί
1275 654 1311 730 μὴ
1330 654 1422 721 Νέπως
1440 654 1588 734 ἐπερθάκει.
1599 653 1695 714 'linur-

918 745 969 798 νεῖν
985 741 1028 820 δέ,
1039 745 1074 808 ὡς
1092 741 1176 821 ἀρχὴν
1193 743 1366 801 ἐπιδέδεικται
1379 741 1476 812 ταύτην
1489 747 1533 800 τοῦ
1543 742 1586 800 τόν
1596 743 1693 817 κόσμον

919 829 1056 908 φυλάττειν
1079 829 1123 888 τὸν
1145 837 1198 896 τοῖς
1221 829 1362 905 Ῥωμαίοις
1387 829 1563 906 προσήκοντα·
1585 829 1630 887 καὶ
1650 850 1695 885 πι-

138 919 203 972 rue.
219 919 263 972 De
278 919 333 992 leg.
346 929 423 992 gent.
440 937 471 992 p.
485 918 534 992 93.
551 925 587 991 94
604 915 686 978 ιὍτι
699 922 713 976 δ
728 919 875 995 Αὔγουστος
919 915 1019 974 στεύειν
1032 919 1156 989 ἐντεῦθεν,
1168 921 1203 984 ὡς
1220 917 1265 974 καῖ
1277 916 1321 974 τόν
1337 917 1445 994 βασιλέα
1460 917 1503 974 τὸν
1515 922 1598 974 ταῦτα
1617 916 1695 992 τιμή·

102 1007 167 1061 troii
187 1001 317 1082 Ὀρέστου
338 1003 390 1072 υἱός
410 1005 494 1080 (deb.
512 1002 594 1063 :¹¹0ri
609 1005 748 1085 Ὀδόαχοςγ
762 1007 875 1074 ἀκούσας
920 1025 1004 1061 σαντα
1018 1003 1184 1074 καταδέξοιτο
1204 1010 1306 1076 θᾶττον,
1319 1008 1341 1062 el
1360 1009 1441 1062 ποιεῖν
1459 1005 1527 1063 θελοι
1547 1004 1580 1062 τά
1595 1003 1694 1063 δίκαια.

101 1091 200 1160 Ζήνωνα
212 1092 294 1150 πάλιν
304 1091 352 1163 τὴν
368 1091 503 1170 βασιλείαν
517 1095 708 1164 ἀνακεκτῆσθαι
719 1099 764 1165 τῆς
773 1093 822 1166 έω,
832 1094 875 1154 τόν
923 1090 976 1150 Καί
992 1093 1122 1170 βασιλειον
1135 1093 1245 1172 γράμμα
1260 1093 1320 1170 περί
1334 1084 1370 1151 διν
1386 1092 1513 1163 ἠόοόλετο
1527 1093 1640 1168 πέμπων
1659 1097 1697 1172 τῷ

103 1179 252 1238 Βασιλίσιιον
262 1178 404 1250 έλάσαντα,
413 1179 548 1256 ἠνάγκασε
557 1179 604 1251 τὴν
617 1179 712 1258 βουλὴν
724 1182 877 1239 ἀποστεῖλαι
921 1179 1200 1259 Ὀδοάχιρ,πατρίκιον
1211 1183 1237 1238 ἐν
1247 1179 1330 1261 τούτῳ
1340 1183 1377 1261 τῷ
1387 1181 1523 1260 γράμματι
1533 1181 1696 1258 ἐπωνόμασε.
1707 1215 1709 1219 -

103 1267 235 1348 τρεεόείιιν
258 1269 362 1338 Ζήνωνι
383 1269 571 1344 σημαίνουσαν,
585 1272 620 1336 ώς
641 1271 706 1338 ἰδίας
727 1271 774 1347 μὲν
788 1274 875 1338 αὐτοῖς
920 1271 1013 1327 Ταῦτα
1033 1267 1061 1326 δέ
1077 1267 1265 1337 συνεσπούδαζε
1287 1273 1324 1348 τῷ
1339 1267 1445 1328 Νέπωτι
1459 1272 1473 1326 δ
1487 1269 1577 1339 Ζήνων
1596 1273 1625 1328 ἔκ
1647 1272 1697 1326 τῶν

105 1357 230 1434 βασιλείας
242 1359 272 1414 οὐ
284 1357 350 1427 δέοι,
364 1356 446 1424 κοινὸς
458 1357 485 1415 δέ
500 1357 647 1437 ἀποχρήσει
661 1359 738 1434 μόνος
753 1357 790 1416 ὢν
803 1364 876 1419 αὖτο-
921 1358 1013 1413 έαυτοῢ
1033 1360 1121 1414 κακῶν
1135 1355 1169 1415 τδι
1190 1356 1288 1414 ἐκείνου
1312 1357 1444 1434 οἰκτείρων
1460 1357 1505 1414 καί
1521 1358 1550 1415 τό
1564 1381 1593 1436 γε
1615 1357 1698 1416 κοινόν

103 1445 196 1522 κρέιωρ
207 1445 640 1523 ἐπ’άμφοτέροιςτοῖςπίρασι.Τθν
649 1446 737 1524 μέντοι
745 1448 875 1528 Ὀδόαχον
922 1446 967 1514 τῆς
991 1443 1072 1522 τύχης
1093 1447 1128 1511 εἷς
1151 1446 1271 1502 ὑπόθεσιν
1288 1443 1355 1522 ἔχων
1375 1447 1413 1525 τῷ
1432 1447 1600 1524 δυστυχοῦντι
1620 1445 1697 1502 συνά·

105 1531 140 1588 ὑπ’
151 1534 237 1590 αὐτῶν
251 1531 450 1610 προόεόλῆσθαι
467 1533 555 1591 ἱκανὸν
574 1533 636 1592 όντα
651 1534 741 1603 σώζειν
761 1535 795 1593 τδι
813 1540 876 1616 παρ’
922 1535 1040 1608 χθεσθαι.
1053 1529 1126 1608 Ἅμα
1139 1529 1165 1589 δὲ
1178 1531 1224 1588 καί
1243 1531 1342 1608 Βηρίνα
1356 1531 1534 1610 συνεπώτρυνε
1548 1537 1648 1602 τοῦτον,
1666 1535 1699 1608 τῇ

107 1620 181 1684 αὐτοῖς
198 1617 363 1696 πράγματα,
375 1620 511 1689 πολιτικὴν
523 1619 618 1698 ἔχοντα
633 1619 734 1679 σύνεσιν
754 1626 817 1699 ὁμοῦ
832 1622 877 1681 καὶ
924 1619 1047 1686 Νέπωτος
1061 1619 1163 1696 γυναικί
1175 1627 1293 1698 συγγενεῖ
1306 1619 1370 1698 οὔσῃ
1378 1619 1570 1678 συσπεόδουσα.
1585 1624 1620 1675 V.
1634 1619 1677 1676 Til
1686 1651 1699 1663 -

106 1707 221 1784 μάχιμον·
237 1705 283 1763 καὶ
296 1707 395 1765 δεῖσθαι
414 1712 460 1766 τοῦ
474 1707 592 1777 Ζήνωνος
607 1709 743 1788 πατρικίου
758 1732 786 1767 τε
806 1711 877 1791 αὐτῷ
921 1709 1038 1764 lemont.
1055 1711 1108 1783 Vl,
1123 1729 1154 1784 p.
1172 1715 1228 1784 49²
1244 1720 1273 1765 et
1285 1716 1353 1776 44ι.

106 1795 249 1850 ἀποστεῖλαι
265 1792 351 1864 ἀξίαν,
366 1793 412 1852 καί
426 1793 473 1866 τὴν
486 1797 537 1852 τῶν
550 1794 659 1853 Ἰταλῶν
678 1795 762 1874 τούτῳ
779 1799 876 1876 ἐφεῖναι

108 1881 232 1952 διοίκησιν.
250 1881 430 1960 Ἀφικνοῦνται
452 1880 483 1952 δὴ
504 1881 594 1960 ἄνδρες
610 1887 656 1954 τῆς
679 1887 773 1963 βουλῆς
788 1889 835 1955 τῆς
852 1885 877 1942 έν

107 1967 188 2043 Ῥώμῃ
202 1967 308 2034 τούτους
329 1971 355 2037 ἐς
375 1969 516 2037 Βυζάντιον
531 1970 679 2046 κομίζοντες
699 1971 757 2038 τοὺς
774 1971 879 2048 λόγους,
964 1971 1074 2027 lbidem
1088 1991 1118 2046 p.
1141 1979 1190 2048 94.
1205 1971 1243 2046 95
1259 1991 1265 2026 :
1279 1968 1342 2029 Ὅτι
1356 1971 1382 2028 ἕν
1396 1973 1433 2048 τῷ
1446 1969 1503 2039 ἑξῆς
1515 1969 1565 2027 ἔτει
1585 1969 1627 2025 ἐπὶ
1648 1970 1702 2038 Ζή·

108 2055 208 2120 καὶτοῖς
220 2055 312 2120 αὐταῖς
326 2055 438 2133 ἡμέραις
453 2058 481 2114 lx
494 2061 539 2115 τοῦ
554 2055 679 2123 Νέπωτος
694 2056 813 2136 άγγελοι,
827 2060 878 2116 τῶν
923 2080 1001 2124 νωνος
1024 2057 1146 2136 πρέσόεις
1167 2049 1245 2129 ἦλθον
1272 2060 1301 2116 ίκ
1325 2056 1433 2138 Θράκης
1457 2061 1507 2116 τῶν
1535 2058 1702 2115 ὑποσπόνδων

108 2165 131 2198 τε
143 2143 320 2218 γιγτνημένων
340 2144 559 2218 συνησθησόμενοι
575 2146 613 2224 τῷ
631 2143 748 2216 Ζήνωνι,
762 2145 807 2203 καὶ
823 2143 879 2204 δεό-
924 2145 1039 2218 Γότθων,
1052 2145 1095 2211 οθς
1107 2144 1139 2217 δὴ
1152 2144 1197 2203 καὶ
1212 2145 1376 2225 φοιδεράτους
1390 2149 1413 2204 ol
1426 2145 1555 2222 Ῥωμαῖοι
1569 2148 1703 2218 καλοῖσιν,

111 2253 171 2304 μενοι
182 2231 238 2306 ἅμα
250 2239 308 2296 ταῖς
319 2230 708 2312 ίσαιςτῷΝίπωτισυμροραῖς
718 2233 878 2312 χρησαμένῳ
924 2232 1051 2300 ἀξιοῦντες
1075 2232 1185 2302 Ζήνωνα
1210 2233 1364 2314 Θευδερίχιρ
1387 2233 1544 2292 σπείσασθαι
1568 2235 1606 2309 τῷ
1629 2234 1703 2290 παιδὶ

111 2320 276 2377 marottam
290 2319 430 2397 προθύμως
443 2319 576 2398 βασιλείας
588 2320 741 2391 ἀνάκτησιν,
751 2319 877 2398 Ιχρήματά
924 2321 1065 2399 Τριαρίου,
1077 2320 1176 2400 ἥσυχον
1190 2319 1304 2379 ἐθέλοντι
1320 2319 1444 2397 διεξάγειν
1459 2318 1502 2377 τὸν
1519 2317 1574 2398 βίον
1585 2319 1630 2377 καῖ
1646 2344 1705 2396 μη-

112 2427 133 2460 τι
144 2405 182 2463 καί
193 2405 303 2484 στρατόν
318 2407 362 2464 tri
377 2411 459 2465 ταῦτα
473 2405 592 2478 διδόντα,
605 2407 650 2465 καὶ
664 2414 716 2472 τοῖς
728 2407 828 2478 άλλοις,
843 2399 879 2474 οἷς
924 2409 984 2466 δένα
996 2409 1111 2483 πολεμον
1126 2416 1178 2474 τοῖς
1190 2416 1282 2474 κοινοῖς
1294 2406 1411 2488 αἴρεσθαι
1421 2407 1585 2485 πράγμασιν.
1601 2406 1704 2474 ἸΙξίουν

114 2493 169 2562 δίοι,
179 2499 384 2552 συνεκπονοῦντα
404 2492 452 2564 τὴν
466 2494 582 2554 κάθοδον.
598 2494 692 2555 Ταῦτά
717 2517 743 2552 τε
763 2493 881 2563 λέξοντας
925 2496 952 2552 δὲ
964 2494 1009 2552 καῖ
1020 2499 1135 2567 σκοπεῖν,
1145 2493 1195 2552 ὅσα
1206 2494 1330 2570 πολέμιος
1340 2494 1376 2552 ὢν
1387 2493 1536 2573 κατέόλαψε
1547 2491 1704 2570 Ῥωμαίους,

114 2579 220 2646 όΝίπιος
239 2577 408 2638 ἀπέστελλεν.
428 2578 518 2650 Ζήνων
534 2581 560 2638 δέ
575 2587 627 2646 τοῖς
642 2579 751 2650 ἥκουσι,
766 2588 818 2646 τοῖς
833 2583 880 2658 μέν
924 2583 970 2640 καί
983 2582 1031 2639 όσα
1046 2581 1203 2662 Θευδέριχος
1217 2586 1287 2640 δτοῢ
1300 2581 1462 2661 Βαλαμήρου
1473 2585 1550 2652 παῖς,
1562 2582 1705 2660 στρατηγὸς

115 2663 157 2720 iri
167 2669 211 2736 τῆς
223 2671 318 2744 βουλῆς
338 2668 496 2744 ἀπεκρίνατο
508 2673 607 2740 ταῦτα,
626 2670 660 2733 ὣς
674 2665 719 2724 δύο
737 2669 767 2725 έκ
786 2672 833 2740 τῆς
846 2667 881 2726 ἕω
925 2667 960 2726 ὢν
979 2671 1023 2728 καί
1040 2671 1127 2746 φίλος,
1148 2679 1206 2736 ταῖς
1229 2669 1336 2728 πόλεσιν
1361 2670 1526 2745 ἐλυμήνατο,
1541 2668 1585 2726 καί
1604 2666 1640 2744 μὴ
1661 2675 1705 2725 νῦν

116 2753 223 2826 βασιλέας
244 2754 371 2822 intime<
383 2755 428 2813 τδν
452 2754 500 2831 μέν
515 2754 679 2826 έξηλάκασιν,
701 2753 832 2830 Ἀνθέμιον
851 2753 878 2812 δὲ
926 2758 1065 2836 ἀπεχθείας
1079 2759 1195 2825 παλαιδις
1213 2761 1275 2838 δρᾶν
1297 2759 1406 2836 μᾶλλον,
1421 2756 1439 2828 ἢ
1453 2755 1522 2824 ὅπως
1537 2779 1562 2814 τι
1575 2761 1613 2836 τῷ
1628 2760 1705 2838 κοινῷ

115 2840 261 2900 ἀπέκτειναν·
274 2842 319 2900 καί
330 2849 375 2900 νῦν
388 2843 418 2901 τό
429 2842 551 2914 ποιητέον
563 2842 656 2910 αὐτοὺς
671 2841 719 2924 ἔρη
733 2842 878 2920 γινώσκειν·
925 2845 1023 2923 γένοιτο
1037 2834 1171 2910 παντελῶς
1184 2845 1327 2925 ὠφέλιμον.
1345 2844 1429 2911 Εθθῖις
1441 2835 1511 2902 olivi
1526 2842 1647 2924 βασιλεὺς
1658 2843 1705 2915 τὴν

115 2927 139 2984 αῖ
149 2927 192 3008 γάρ
202 2927 232 2988 δν
245 2929 373 3009 βασιλέως
387 2929 425 2990 tn
440 2932 511 2998 όντος
523 2928 613 3008 έτέραν
624 2929 768 3008 ἡγήσεσθαι
778 2931 877 3008 (είσηγ.
927 2929 1022 3008 βουλὴν
1039 2929 1203 3007 συγκαλέσας
1214 2930 1321 3010 γνώμην
1336 2933 1420 2998 αὐτοῖς
1433 2930 1578 3011 προῦθηκεν
1594 2929 1643 2989 ότι
1655 2931 1706 2990 δέοι

295 797 340 834 ro.
367 779 441 854 (477
464 780 508 834 vel
530 777 586 850 478
608 781 688 855 init.)

1120 1859 1164 1896 rr.
1186 1840 1263 1914 (478
1284 1844 1391 1898 Zenon.
1409 1860 1453 1896 an.
1473 1839 1521 1914 5.)

115 3017 207 3092 Beki.)
221 3016 327 3094 γνώμην
343 3017 361 3087 ἢ
377 3017 500 3076 κατιόντα
520 3017 724 3097 προσδέχεσθαι·
739 3024 792 3082 τοῖς
806 3015 834 3074 δέ
853 3019 882 3076 ίκ
927 3022 1044 3087 ποιῆσαι.
1057 3021 1092 3078 Οἱ
1105 3017 1132 3078 δέ
1151 3018 1305 3100 ἀμφοτέροις
1320 3019 1367 3094 μέν
1386 3021 1433 3078 οὗκ
1453 3017 1552 3100 έρασαν
1575 3019 1663 3078 ῖκανδν
1677 3019 1706 3076 τό

487 3183 528 3231 to.
925 3189 1018 3236 surum,
1029 3179 1073 3226 nisi
1091 3181 1169 3238 itepos
1187 3179 1340 3240 praevenerit.
1356 3179 1579 3238 nannetensem,
1594 3177 1659 3240 qumi
1673 3177 1707 3226 sic

139 3257 276 3323 (θάασσεν)
287 3263 316 3310 ut
329 3261 436 3324 audivit,
449 3265 568 3310 zenonem
584 3260 674 3309 iterum
684 3259 792 3310 Orientis
803 3259 879 3322 impe·
926 3267 1016 3301 morem
1033 3255 1145 3303 Romanis
1162 3252 1342 3303 convenientem
1356 3267 1451 3303 serrare
1465 3255 1593 3316 inceperit,
1606 3255 1707 3315 ideoque

115 3335 176 3394 ruat,
184 3339 280 3400 expulsa
290 3339 417 3399 Basilisco,
426 3351 591 3400 recuperasse,
601 3339 710 3386 senatum
721 3340 805 3386 liomn
814 3336 879 3397 iega-
925 3335 1058 3393 contuere,
1073 3334 1122 3383 iore
1137 3335 1163 3382 ut
1180 3335 1364 3395 imperatorem,
1379 3333 1421 3395 qui
1434 3335 1504 3382 ilium
1515 3334 1562 3381 hoc
1572 3334 1662 3382 honore
1673 3333 1708 3381 ai·

113 3411 192 3461 tuam
205 3415 234 3462 ari
245 3418 365 3465 renonem
383 3417 479 3464 mittere
495 3415 587 3476 coegit,
597 3427 653 3476 qun
670 3413 704 3462 iili
721 3413 879 3474 signiticaret,
927 3413 1023 3474 lecerit,
1037 3413 1056 3462 si
1068 3413 1165 3474 quidem
1177 3413 1242 3474 iusta
1255 3413 1331 3462 iacere
1352 3413 1437 3472 vellet,
1453 3413 1632 3474 quamprimum
1646 3411 1706 3460 reci-

113 3489 349 3554 mptumperatore
360 3505 387 3542 ae
403 3505 452 3540 non
468 3491 582 3553 indigere.
617 3493 696 3539 Unum
711 3489 881 3550 imperatorem
926 3495 1001 3553 peret.
1034 3493 1064 3540 Et
1077 3493 1101 3540 iu
1121 3491 1206 3540 litteris
1222 3491 1303 3552 regiis,
1325 3491 1412 3551 quibus
1431 3491 1540 3538 Odoacro
1559 3490 1707 3536 voluntatem

113 3567 223 3627 sattim,
234 3569 276 3630 qai
285 3569 413 3630 utrimque
427 3569 520 3630 imperii
538 3569 596 3616 troes
607 3569 717 3616 tueretur
728 3581 734 3614 ι
745 3565 881 3616 odoacrum
928 3581 996 3617 soem
1010 3569 1170 3630 signiticaret,
1191 3581 1246 3616 eum
1263 3567 1389 3630 patricium
1409 3568 1549 3616 norninavit.
1564 3569 1624 3623 Qum
1644 3569 1707 3616 Zeno

111 3657 134 3692 κ
147 3645 253 3708 *δέκα
262 3646 306 3708 ‘iul
317 3647 380 3696 '¹⁸⁰⁰
396 3651 489 3709 lullim
501 3649 578 3696 ²⁰¹⁸OE
588 3649 721 3708 immi·
736 3647 807 3695 ”⁰¹¹0
816 3645 881 3694 enlm
927 3651 1024 3711 Nepotis
1036 3663 1106 3698 caum
1117 3649 1229 3709 instituit,
1241 3652 1339 3710 propter
1350 3661 1394 3696 suu
1406 3647 1502 3709 Nepotis
1510 3649 1628 3696 malorum
1639 3647 1708 3694 prise-

110 3725 230 3773 παίεται
240 3725 378 3788 reipublice
389 3725 601 3784 administrandus,
613 3727 638 3773 et
649 3724 683 3772 rei
698 3723 806 3772 militaris
819 3723 882 3784 peri·
928 3727 997 3788 ritus,
1005 3731 1029 3775 et
1037 3739 1189 3775 communem
1198 3725 1321 3773 homiuum
1329 3728 1419 3774 sortem
1428 3724 1560 3787 reputando
1568 3725 1597 3772 ad
1607 3724 1707 3772 aliorum

110 3803 264 3862 inpressam.
278 3805 362 3864 tuque
379 3805 488 3852 orarent
500 3803 569 3851 iilum
581 3805 644 3850 Zeno
654 3801 793 3864 patriciatus
805 3799 881 3861 ‹ligni-
927 3805 1158 3853 commiserationem
1167 3802 1293 3852 adductus.
1303 3801 1412 3851 Eoiiium
1423 3801 1518 3864 impulit
1528 3803 1600 3850 etium
1611 3802 1707 3862 verina,

110 3881 154 3928 tate
171 3884 250 3940 ornet,
262 3885 289 3931 et
305 3883 399 3932 italiam
422 3882 547 3944 regendam
560 3881 582 3932 ei
600 3881 745 3930 committat.
781 3878 882 3929 Proiecit
928 3895 983 3944 rrum
995 3881 1091 3943 Nepotis
1103 3880 1186 3942 niori,
1198 3881 1266 3942 errius
1281 3879 1530 3942 cratooosunguinee,
1544 3878 1647 3927 terebat.

110 3960 161 4006 sunt
177 3959 245 4020 igum
257 3973 289 4008 ex
301 3963 386 4008 senato
399 3961 509 4008 floruero
519 3959 580 4018 siri,
593 3959 634 4020 qui
650 3958 693 4006 iios
703 3969 826 4006 sermones
836 3959 881 4017 By·
1302 3983 1346 4032 n·

107 4035 205 4085 ianuam
222 4035 353 4084 deteneat.
387 4037 474 4085 lisdem
490 4035 574 4084 diebus
586 4037 704 4084 venerunt
720 4037 745 4083 et
763 4037 883 4096 aiiepote
1366 4039 1371 4050 “

107 4111 193 4172 auaui,
204 4113 245 4174 qui
262 4114 351 4161 ueniat
364 4115 501 4162 restitutum
513 4113 640 4173 imperium
656 4110 843 4171 gratularentur,
857 4115 883 4161 et
959 4102 1096 4176 lmequepti
1115 4113 1180 4150 anno
1192 4103 1313 4150 zenonem
1330 4098 1401 4159 iegati
1414 4095 1524 4146 scottiis
1534 4095 1657 4155 sdtemnt,
1668 4097 1709 4158 qui

107 4188 181 4248 ipsum
191 4191 379 4252 obtoehrcntur,
388 4193 416 4239 ut
425 4190 490 4238 omni
500 4203 571 4250 opera
581 4187 690 4237 etsiudio
701 4187 882 4249 illum,quie0·
930 4183 953 4230 in
974 4182 1077 4231 Thracia
1098 4181 1255 4230 mnsederant
1274 4181 1299 4228 et
1320 4178 1408 4227 tendere
1434 4191 1490 4226 cum
1512 4177 1626 4226 Romanis
1650 4189 1709 4223 con·

106 4266 583 4328 deminaporeeodem,prorpse,msu
596 4263 884 4326 aiilictusesset,iureci·
926 4261 1003 4322 juncti
1014 4263 1099 4310 eraut:
1116 4261 1160 4308 tros
1176 4260 1301 4309 inderatoe
1318 4257 1417 4308 iiomeni
1433 4261 1526 4306 vorent.
1559 4256 1666 4305 orabant
1683 4257 1711 4303 ot

107 4342 448 4406 pudompeuanjuraret,
465 4343 612 4405 etpecuuias
624 4347 648 4392 et
660 4341 779 4391 exercitus
790 4342 883 4400 etatis.
930 4341 1078 4389 reconciliari
1105 4339 1179 4389 veliet
1199 4337 1378 4398 Tireurlericiro,
1398 4337 1482 4386 Triarii
1509 4335 1572 4396 tilio,
1594 4335 1632 4383 cui
1653 4335 1710 4384 nitril

107 4433 159 4480 un
168 4435 227 4484 opus
236 4421 520 4484 munumentum,
537 4435 586 4483 qno
595 4422 628 4470 iiii
641 4421 745 4470 restitum
758 4420 787 4467 nd
802 4421 883 4481 pristi-
929 4423 990 4467 essct
1002 4417 1119 4480 optatius,
1132 4431 1205 4479 quum
1217 4416 1371 4478 tranquillam
1380 4415 1403 4463 ct
1416 4415 1522 4475 quietem
1537 4413 1611 4461 vitam
1623 4411 1711 4461 (lucere

108 4499 293 4548 mirionum
302 4501 407 4562 pararet.
441 4501 499 4548 iirec
507 4499 548 4560 qui
561 4497 667 4547 dicerent
675 4501 753 4560 Nepos
764 4496 837 4546 misit.
854 4499 885 4546 st
929 4507 1006 4557 neque
1017 4497 1089 4544 armis
1104 4494 1275 4558 rempublicam
1286 4505 1381 4542 vexare.
1401 4493 1463 4540 iliud
1480 4491 1552 4541 etiam
1567 4504 1622 4540 enm
1632 4490 1710 4539 consi-

111 4575 172 4623 Ζεειο
181 4576 230 4636 iris,
240 4577 283 4638 qui
300 4579 430 4636 ineam,
442 4575 493 4624 inec
503 4589 615 4637 responsa
623 4575 689 4624 dein
702 4590 708 4622 ι
721 4576 883 4636 senatoribus,
929 4572 1013 4622 derare
1027 4573 1164 4633 irruerunt,
1181 4573 1273 4632 quanta
1292 4570 1353 4618 mala
1369 4570 1432 4631 ipse,
1448 4582 1524 4632 quum
1544 4569 1619 4617 irosiis
1635 4569 1711 4616 exsti·

112 4650 161 4700 iilos
171 4667 200 4701 ει
210 4653 304 4703 orabas
314 4667 375 4714 quos
384 4653 415 4702 eli
426 4655 523 4704 Oriente
531 4653 686 4714 accepissent,
702 4651 886 4713 imperatoribus
929 4651 1013 4708 iisset,
1027 4652 1189 4698 Romanorum
1200 4647 1272 4697 rebus
1290 4647 1421 4708 attulisset,
1434 4651 1458 4695 et
1472 4648 1531 4708 quot
1546 4647 1616 4694 urbes
1628 4647 1710 4693 Tiren-

114 4739 185 4778 υιιυιο
194 4731 325 4792 experiisse,
339 4735 365 4779 et
382 4731 536 4779 Anthemium
550 4729 672 4778 occidisse.
690 4731 759 4778 Nunc
772 4727 829 4789 quio
839 4728 884 4777 siai
931 4728 1056 4788 dericims,
1073 4727 1189 4777 Briemeri
1203 4727 1280 4786 tilius,
1292 4727 1332 4787 qui
1342 4725 1392 4774 dux
1404 4723 1667 4784 etamicusnppelistus
1676 4735 1711 4770 es·

115 4805 174 4854 tacto
185 4821 244 4870 apos
254 4813 330 4869 esset,
342 4808 408 4870 ipsos
421 4807 483 4856 ursit
496 4807 629 4869 perspicere
641 4822 648 4854 z
666 4807 809 4867 imperatore
820 4806 885 4854 enim
931 4810 981 4866 set,
994 4808 1130 4866 evertisset;
1148 4819 1227 4867 neque
1236 4807 1287 4854 tam
1302 4807 1407 4854 veterem
1421 4803 1569 4852 inimicitiam
1587 4801 1711 4863 respicien-

116 4888 388 4947 ςἱεινετείίίε,ιιοιιιιΙίιιιιι
401 4887 487 4935 debem
503 4887 582 4934 valere
602 4885 758 4941 sententiam,
771 4897 844 4946 quam
859 4887 887 4932 ut
932 4886 987 4933 dem
997 4897 1142 4947 esse,quam
1153 4895 1306 4932 communem
1316 4882 1423 4930 omnium
1434 4881 1568 4929 utilitatem.
1580 4879 1710 4927 confestim

119 4961 183 5010 ilium
191 4965 325 5014 redeuntum
342 4967 489 5028 exciperent.
513 4965 547 5014 Ari
566 4978 595 5014 ea
615 4977 685 5022 vero,
697 4977 753 5026 quse
771 4964 887 5012 barbaros
933 4963 1004 5024 igitm
1021 4961 1152 5022 imperator
1165 4963 1275 5009 mucium
1290 4959 1450 5016 convocarit,
1466 4960 1489 5004 ct
1500 4957 1551 5004 hmo
1567 4955 1710 5016 iiiispropa-

122 5041 233 5090 numini
246 5062 253 5090 ι
265 5045 328 5092 recte
337 5045 431 5104 etjoste
444 5045 625 5104 [colonomon
639 5045 730 5102 Nepote
739 5041 885 5102 imperatore
932 5040 993 5098 suit,
1007 5039 1091 5088 nisibi
1109 5038 1237 5086 consilium
1249 5037 1348 5098 darent,
1360 5034 1418 5097 quiri
1436 5035 1497 5080 tutto
1513 5045 1573 5092 opus
1594 5035 1662 5079 esset.
1672 5035 1711 5080 Sc·

124 5117 224 5170 θίυυεετ
234 5124 371 5184 patriciatus
380 5123 516 5184 dignitatem
525 5123 664 5185 susciperet.
684 5125 742 5170 Earn
755 5133 780 5170 se
790 5120 885 5170 illimis·
934 5119 1030 5167 naiores
1048 5129 1104 5168 sero
1121 5115 1249 5176 dixerunt,
1268 5114 1357 5164 reditus
1370 5111 1477 5175 publicos
1489 5109 1588 5158 minime
1601 5109 1711 5157 suitirerc
