3792 5728
233 374 281 448 aa¹
884 355 1001 414 nnrscr
1025 353 1179 414 naaria·

228 495 288 573 ὄψιν
300 493 395 564 ἐλθὼν,
405 493 450 550 καὶ
460 493 531 570 αὐτῷ
541 489 572 548 τδι
582 489 623 547 ἐπλ
633 487 764 568 τῇπράίιι
772 532 780 559 ,
788 489 828 566 ἐρ’
840 486 872 558 ἣν
882 485 1006 558 ἔσταλτο,
1055 483 1152 562 τύχην·
1166 473 1238 548 οὗτος
1255 481 1281 538 δέ
1296 483 1422 560 τρυρέόντε
1436 476 1510 558 ἐῴκει
1528 479 1614 556 ΣκύθγΙ
1630 479 1732 554 εὖείμων
1744 503 1769 538 τε
1781 481 1811 536 dn

229 579 420 658 ἀπαγγέλλων,
432 579 476 637 καί
490 577 609 642 τὸπάθος
620 577 650 635 τδ
661 579 698 654 τῷ
711 575 905 645 Ἀττάλαπαιδλ
916 597 1006 632 συνεν-
1054 571 1098 628 καί
1115 568 1317 646 ἀποκειριίμενος
1332 565 1379 635 τὴν
1395 563 1510 644 κεφαλὴν
1530 564 1713 644 περιτρόχαλα,
1734 568 1811 626 'alaru-

229 667 302 744 ιχθέν
324 667 389 745 (τὴν
405 665 454 744 γάρ
475 663 559 733 δεξιάν
577 668 652 742 χεῖρα
668 661 834 732 ἐξολισθήσας
848 661 1006 738 κατέαξεν),
1054 656 1221 732 πασάμενος
1232 655 1259 712 δέ
1274 651 1414 731 ἀνηρώτων
1424 651 1462 717 τίς
1476 649 1512 709 ὢν
1524 653 1569 709 καὶ
1582 651 1657 710 πόθεν
1668 657 1692 718 ἐς
1703 654 1745 724 τὴν
1758 656 1811 734 βάρ-

229 735 429 831 συνευωχεῖσθαι
441 757 502 826 ἡμῖν
513 754 560 808 οὐκ
569 743 616 826 ἦγε
625 749 732 828 σχολήν.
743 747 818 808 Mart
829 748 855 804 δέ
866 747 895 806 τό
906 750 1006 806 δεῖπνον
1054 743 1134 823 ὄαρον
1155 745 1274 823 παρῆλθε
1297 745 1346 818 γῆν
1374 740 1418 798 καί
1442 740 1497 818 βίον
1526 742 1668 817 ἀναιρεῖται
1689 744 1811 802 Σκυθικόν.

229 839 400 906 ἀπολιπόντες
413 838 446 897 ris
457 843 501 896 τοῦ
515 837 671 914 Ὀνηγησίου
686 835 818 910 οἰκήματα
831 835 941 906 πλησίον
955 839 1006 892 τῶν
1054 830 1088 891 Ὁ
1100 829 1126 888 δέ
1139 829 1321 910 ἀπεκρίνατοό
1329 853 1352 885 τι
1368 827 1524 906 βουλόμενος
1538 833 1620 886 ταῦτα
1630 832 1721 904 γνῶναι
1733 832 1813 890 ἐσπού-

229 927 339 998 ’Anile
349 924 600 1000 χατεσκηνώσαμεν,
609 921 699 1000 [ὥστε]
713 922 730 992 ’λ
743 921 815 1000 παρὰ
824 923 867 979 τὸν
880 922 1006 994 Ἀετήλαν
1056 917 1141 988 δακα,
1155 915 1206 992 ἐγὼ
1221 915 1248 973 δέ
1261 915 1326 993 ἐρην
1340 915 1425 972 αἰτίαν
1437 914 1688 994 πολυπραγμοσύνης
1702 908 1761 974 εἶναί
1778 942 1815 994 μοι

229 1014 329 1071 ἐπιέναι
353 1013 397 1072 τόν
421 1012 582 1087 Μαξεμῖνον,
605 1011 684 1086 ἤγουν
707 1009 753 1068 καλ
773 1011 824 1074 τοῖς
846 1009 933 1074 ἀλλοις
956 1017 1008 1074 τοῖς
1054 1003 1100 1074 τὴν
1123 1003 1259 1073 Ἑλλήνων
1275 1002 1372 1082 φωνήν.
1391 1001 1459 1060 Τότε
1475 1001 1506 1072 δὴ
1527 1001 1641 1080 γελάσας
1659 1003 1704 1080 ἐφη
1720 1007 1816 1083 Γραικὸς

229 1105 294 1176 ἀμφ’
309 1099 386 1158 αὐτὸν
403 1101 428 1164 ἐς
443 1098 533 1176 λόγους
548 1097 614 1156 ἰέναι
629 1096 782 1175 ὀφείλοντα,
805 1096 842 1172 μὴ
862 1097 952 1174 πολλῷ
964 1120 1006 1154 κε-
1055 1091 1101 1168 μέν
1116 1083 1181 1148 εἶναι
1193 1090 1322 1168 τὸγένος,
1340 1093 1399 1147 κατ’
1413 1089 1540 1168 ἐμπορίαν
1554 1090 1580 1146 δέ
1597 1093 1622 1156 ἐς
1635 1090 1664 1148 τὸ
1677 1093 1814 1164 Βιμινάκιον

228 1186 356 1266 χωρίσθαι
379 1185 548 1261 διαστήματι.
571 1183 754 1260 Διαγαγόντων
770 1182 796 1241 δέ
811 1186 886 1258 ἡμῶν
908 1183 1008 1253 ἐκείνην
1060 1178 1264 1251 ἐληλυθέναιτὴν
1272 1177 1334 1256 πρὸς
1343 1180 1380 1256 τῷ
1388 1173 1485 1256 Ἴστρῳ
1498 1181 1595 1236 Μυσῶν
1605 1177 1688 1240 πολιν.
1703 1182 1817 1238 Πλεῖστον

228 1273 275 1343 τὴν
290 1272 371 1331 νύκτα
383 1276 409 1332 ἐν
422 1265 494 1352 ᾧπερ
509 1272 690 1347 κατελύσαμεν
702 1270 806 1350 χωρίῳ,
820 1268 1009 1349 ὑποφαινούσης
1056 1265 1083 1324 δέ
1103 1269 1128 1324 ἐν
1144 1268 1208 1344 αὐτῇ
1224 1267 1356 1344 διατρῖψαι
1380 1263 1487 1342 χρόνον,
1509 1265 1553 1322 καὶ
1567 1275 1677 1340 γυναῖκα
1695 1268 1817 1344 γήμασθαι

228 1361 327 1439 ἡμέρας
342 1364 357 1418 ό
372 1359 516 1434 Μαξιμῑνος
531 1359 632 1416 στελλει
654 1381 685 1433 με
700 1357 773 1436 παρὰ
791 1357 834 1416 τὸν
852 1357 1009 1434 Ὀνηγήσιον
1055 1352 1209 1422 ζάπλουτον.
1228 1351 1283 1422 Τὴν
1308 1350 1336 1410 δέ
1356 1353 1471 1410 ἐντεῦθεν
1494 1353 1638 1432 εὐπραγίαν
1659 1354 1817 1430 ἐκδύσασθαι,

231 1447 263 1504 τὰ
283 1449 352 1523 δῶρα
373 1445 536 1519 δόνσοντα,ἀ
556 1469 584 1503 τε
600 1444 675 1510 αὐτὸς
696 1446 793 1516 ἐδίδου,
811 1445 827 1502 ἅ
844 1467 871 1502 τε
888 1444 1009 1520 βασιλεὺς
1056 1441 1104 1498 ύπό
1116 1449 1169 1506 τοῖς
1190 1439 1330 1519 βαρόάροις
1344 1443 1388 1509 τῆς
1401 1440 1499 1506 πόλεως
1510 1443 1664 1518 γενομένης,
1677 1441 1770 1516 raidida
1781 1445 1818 1500 τόν

231 1533 405 1604 ἀπεστάλκει,
423 1533 469 1591 καί
483 1531 553 1598 ὅπως
567 1532 655 1610 γνοίη,
677 1534 699 1589 εἰ
715 1532 835 1610 βούλεται
857 1533 946 1610 αὐτῷ,
966 1531 1010 1589 καὶ
1056 1527 1204 1606 ὑπάρξαντα
1218 1530 1328 1584 πλοῦτον
1344 1529 1415 1606 αὐτῷ
1430 1526 1581 1606 ’(λνηγησίῳ
1598 1531 1624 1585 ἐν
1636 1532 1669 1608 τῇ
1683 1533 1732 1587 τῶν
1749 1530 1819 1608 λαρό·

230 1617 321 1688 ὁπότε,
336 1622 359 1684 ἐς
376 1619 466 1694 λόγους
487 1621 580 1680 ἐλθεῖν.
604 1619 820 1696 Παραγενόμενος
839 1617 865 1676 δέ
886 1618 943 1694 ἅμα
958 1627 1010 1686 τοῖς
1057 1637 1107 1694 ροιν
1121 1617 1291 1694 προκριθῆναι
1310 1615 1432 1692 διανομῇ·
1454 1613 1512 1680 τοθς
1524 1613 1574 1693 γὰρ
1594 1615 1703 1681 ἁλόντας
1716 1617 1764 1672 ἀπὸ
1777 1620 1820 1672 τῶν

230 1706 379 1782 κομίζουσιν
396 1705 464 1763 αθτά
487 1705 627 1784 ὑπηρέταις
648 1705 884 1784 προσεκαρτέρουν,
906 1704 944 1763 ἔτι
959 1709 1010 1762 τῶν
1056 1700 1170 1781 εὐπόρων
1191 1701 1257 1778 μετὰ
1277 1701 1319 1760 τόν
1344 1701 1469 1770 Ἀττὴλαν
1493 1703 1624 1780 ἐκκρίτους
1643 1695 1714 1783 εἶχον
1735 1707 1756 1762 oi
1777 1707 1821 1760 τῶν

230 1795 313 1870 θυρῶν
332 1793 537 1868 κεκλεισμένυνν,
557 1793 633 1872 ἀχρις
655 1793 715 1850 ὅτου
736 1817 773 1858 τις
797 1791 942 1862 ὑπεξελθὼν
963 1791 1009 1863 τὴν
1056 1793 1163 1850 Σκυθῶν
1175 1790 1282 1868 λογάδες
1294 1789 1336 1847 δεδι
1347 1789 1376 1848 τὸ
1389 1789 1431 1846 ἐπί
1441 1789 1570 1856 πλείστοις
1580 1791 1745 1850 διατίθεσθαι.
1762 1791 1820 1868 Ἀρι·

231 1880 360 1958 ἡμετέραν
375 1879 511 1954 μηνύσειεν
527 1880 622 1959 ἀριὶιν.
1057 1876 1200 1936 σπεύσαντα
1229 1877 1256 1934 δέ
1278 1879 1304 1933 ἐν
1325 1885 1381 1942 ταῖς
1404 1875 1509 1956 ὕστερον
1530 1879 1594 1956 πρὸς
1612 1878 1757 1952 Ῥωμαίους
1778 1879 1822 1952 μά-

273 1965 439 2042 Δεατρίύοντι
461 1966 488 2024 δέ
508 1989 552 2040 μοι
564 1965 610 2023 καὶ
628 1965 787 2046 περιπάτους
800 1966 947 2046 ποιουμένῳ
961 1965 1011 2046 πρὸ
1056 1986 1115 2041 χαις
1129 1963 1173 2021 καί
1188 1964 1217 2022 τὸ
1233 1967 1284 2021 τῶν
1299 1963 1439 2041 Ἀκατίρων
1455 1963 1539 2036 ἔθνος,
1561 1966 1635 2024 δόντα
1653 1969 1691 2043 τῷ
1712 1965 1823 2044 βαρύάριρ

230 2057 276 2112 τοῦ
288 2052 427 2130 περιόόλου
440 2057 491 2112 τῶν
501 2053 666 2129 οἰκημάτων,
677 2051 826 2132 προσελθών
839 2077 892 2130 τις,
905 2053 933 2112 δν
948 2053 1010 2132 βάρ·
1057 2050 1169 2128 δεσπότῃ
1190 2049 1258 2108 nord
1276 2050 1319 2110 τὸν
1333 2049 1405 2129 παρδι
1424 2051 1536 2117 Σκύθαις
1556 2054 1633 2130 νόμον
1655 2053 1689 2111 τά
1706 2056 1770 2111 κατὰ
1787 2052 1823 2109 τόν

232 2139 311 2220 όαρον
322 2143 351 2198 ἐκ
366 2144 412 2210 τῆς
425 2143 556 2210 Σκυθικῆς
567 2140 654 2221 ᾠήθην
668 2130 735 2197 εἶναι
747 2142 854 2212 στολῆς,
865 2139 1009 2220 Ἑλληνικῇ
1057 2139 1169 2214 πόλεμον
1190 2141 1260 2217 αὐτῷ
1282 2137 1421 2208 κτηθέντα,
1436 2139 1580 2218 ἐλευθερίας
1604 2150 1704 2220 τυχεῖν.
1722 2144 1822 2200 Γυναῖκα

232 2225 377 2294 ἀσπάζεταί
393 2249 425 2300 με
445 2231 532 2307 ρωνῇ,
554 2253 565 2278 ι
586 2229 662 2305 χαῖρε
684 2253 696 2276 ν
719 2225 881 2304 προσειπὼν,
895 2225 964 2286 ὥστε
979 2251 1011 2302 με
1059 2226 1085 2282 δὲ
1105 2225 1240 2302 γήμασθαι
1264 2225 1410 2302 βάρόαρον,
1432 2215 1498 2282 εἶναί
1519 2249 1546 2284 τε
1569 2229 1639 2306 αὐτῷ
1667 2229 1769 2290 παῖδας·
1787 2225 1825 2281 καί

231 2313 385 2388 θαυμάζειν,
398 2311 437 2370 ότι
451 2337 481 2390 γε
496 2315 526 2384 δὴ
540 2315 668 2384 ἑλληνίζει
681 2313 784 2383 Σκύθης
798 2313 874 2390 ἀνήρ.
890 2313 1012 2390 Ξύγκλυ-
1058 2312 1210 2390 Ὀνηγησίῳ
1226 2312 1356 2389 τραπέζης
1374 2318 1560 2385 κοινωνοῦντα,
1576 2314 1700 2389 ἀμείνονα
1717 2319 1757 2371 τοῦ
1771 2335 1825 2388 προ·

233 2401 273 2466 δες
289 2399 339 2478 γὰρ
357 2399 426 2466 ὄντες
440 2401 503 2477 πρὸς
523 2405 556 2479 τῇ
578 2399 690 2481 ορετέρα
705 2399 831 2480 βαρόάρῳ
846 2400 953 2478 γλώσσῃ
967 2405 1012 2472 ζη·
1058 2400 1133 2480 τέρσυ
1155 2399 1198 2456 τόν
1218 2398 1336 2477 παρόντα
1352 2400 1471 2476 ἡγεῖσθαι
1496 2399 1597 2478 [βίον].
1624 2401 1695 2468 Τοὺς
1718 2398 1761 2476 μέν
1782 2400 1826 2476 γάρ

232 2485 351 2556 λοῦσινῆ
371 2485 418 2558 τὴν
439 2487 546 2546 Ούννων
559 2485 575 2557 ἢ
589 2487 635 2558 τὴν
648 2487 764 2559 Γότθων,
778 2487 794 2558 ἢ
808 2487 854 2545 καί
868 2485 913 2557 τὴν
927 2490 1011 2547 Arico-
1057 2485 1130 2566 παρδι
1143 2486 1253 2551 Σκύθαις
1268 2485 1335 2562 μετδι
1350 2485 1394 2544 τόν
1406 2487 1519 2562 πόλεμον
1533 2491 1558 2546 ἐν
1573 2489 1764 2568 ἀπραγμοσύνη
1778 2490 1827 2541 δια-

233 2571 309 2644 νίων,
330 2571 398 2638 δοοις
413 2574 497 2630 αὐτῶν
522 2574 585 2651 πρὸς
608 2573 758 2649 Ῥωμαίους
773 2573 905 2649 ἐπιμιξία·
920 2573 965 2632 καί
984 2576 1013 2632 ού
1061 2576 1159 2646 τελεῖν,
1174 2573 1284 2630 ἑκάστου
1299 2575 1351 2630 τῶν
1363 2573 1498 2650 παρόντοιν
1512 2575 1692 2642 ἀπολαύοντας
1703 2575 1746 2633 καί
1757 2574 1827 2631 οὐδα-

234 2661 328 2738 patin<
343 2682 381 2724 τις
396 2663 469 2739 σρῶν
485 2660 657 2738 ἑλληνίζειτὶξι
672 2665 761 2740 ρωνῇ,
777 2660 846 2730 πλὴν
859 2653 894 2719 ὧν
908 2646 1012 2738 ἀπήγαέ
1060 2663 1114 2736 μῶς
1128 2659 1145 2730 ἢ
1160 2659 1235 2735 ὀλίγα
1255 2659 1470 2736 ἐνοχλουμένους,
1490 2659 1549 2727 τοὺς
1570 2661 1658 2738 μέντοι
1680 2661 1751 2740 παρὰ
1768 2659 1829 2718 Ῥω·

235 2770 281 2824 γον
292 2746 469 2823 αἰχμαλώτων
483 2745 535 2804 ἀπὸ
551 2751 596 2817 τῆς
611 2747 730 2825 Θρᾳκίας
744 2746 786 2804 καλ
807 2747 945 2827 Ἰλλυρίδος
959 2771 1013 2806 πα-
1060 2747 1144 2822 μαίοις
1156 2749 1182 2804 ἐν
1195 2746 1241 2822 μὲν
1256 2746 1364 2826 πολέμῳ
1379 2747 1473 2826 ῥαδίως
1486 2748 1686 2820 ἀναλίσκεσθαι,
1697 2753 1730 2815 είς
1739 2747 1830 2824 ἐτέρους

236 2833 325 2912 ράλου.
341 2833 409 2893 Ἀλλ’
426 2837 516 2892 ἐκεῖνοι
534 2834 581 2910 μὲν
596 2835 720 2912 γνώριμοι
743 2837 795 2900 τοῖς
816 2836 1014 2914 ἐντυγχάνουσιν
1059 2834 1105 2902 τός
1127 2838 1173 2906 τῆς
1195 2833 1324 2913 σωτηρίας
1341 2833 1448 2900 ἐλπίδας
1469 2833 1588 2912 ἔχοντας,
1603 2839 1637 2902 ὼς
1651 2835 1779 2895 πάντωνέ
1794 2829 1830 2889 δεδι

234 2921 375 2997 ἐτύγχανον
395 2919 427 2978 ’ἐκ
441 2944 469 2978 τι
483 2923 533 2978 τῶν
555 2921 731 2999 δεερρωγότων
747 2921 897 2998 ἐνδυμάτων
910 2922 954 2982 καί
969 2929 1013 2981 τοῦ
1059 2921 1117 2987 τοὺς
1130 2921 1268 3000 τυράννους
1282 2921 1319 2996 μὴ
1340 2921 1482 3001 χρωμένων
1499 2921 1596 2990 όπλοις.
1618 2923 1675 3027 ilfa
1697 2925 1747 2980 τῶν
1767 2943 1831 2997 χρω·

235 3011 338 3085 αὐχμοῦ
358 3013 405 3078 τῆς
427 3009 555 3087 κεραλῆς,
577 3011 611 3072 εἷς
632 3007 679 3078 τλν
700 3007 805 3087 χείρονα
825 3009 1014 3084 μεταπεσόντες
1061 3007 1145 3084 μένων
1164 3007 1192 3065 δέ
1212 3008 1427 3086 σραλερωτίραὴ
1446 3011 1498 3066 τῶν
1519 3031 1675 3088 στρατηγων
1691 3009 1781 3078 κακία,
1798 3003 1830 3080 μὴ

235 3171 364 3232 (dostram
376 3173 438 3220 enirn
449 3172 559 3233 delapsus
570 3173 686 3232 fregerat)
697 3173 887 3234 renuntiaturus,
902 3177 954 3223 inm
965 3174 1014 3235 pri·
1060 3173 1121 3221 ciem
1134 3186 1183 3234 prae
1194 3186 1219 3222 se
1229 3173 1319 3222 terebat
1334 3176 1402 3222 :erat
1415 3175 1479 3222 euim
1491 3174 1552 3224 bene
1563 3177 1587 3224 el
1594 3175 1718 3236 eleganter
1728 3173 1833 3227 restitns,

235 3261 302 3298 mum
312 3263 327 3298 ο
336 3249 413 3298 reditu
424 3251 448 3298 ia
460 3250 539 3299 Mliloe
551 3253 706 3313 conspectura
716 3253 824 3301 venerat.
841 3255 896 3302 Post
909 3265 1013 3312 omnam,
1062 3253 1140 3314 rapite
1149 3252 1172 3300 in
1183 3251 1312 3300 rotundum
1325 3265 1386 3301 raso.
1398 3255 1467 3300 Mnnc
1477 3253 1609 3302 resalutans
1623 3249 1833 3313 interrogavimus

235 3326 328 3378 urlibns
338 3327 448 3388 Onegcsii
459 3327 561 3388 relictis,
572 3328 669 3390 propius
685 3329 764 3378 Attilae
774 3329 837 3378 aealca
853 3329 957 3378 tentoria
972 3343 1014 3392 po
1062 3331 1131 3388 esset,
1144 3331 1169 3378 et
1181 3329 1243 3377 nrnle
1253 3329 1276 3376 in
1287 3331 1374 3378 terram
1390 3329 1516 3377 barbaram
1528 3329 1640 3386 narniens,
1651 3331 1711 3378 ritae
1720 3326 1833 3388 Scyllum·

236 3407 339 3466 sannaus,
353 3409 381 3454 nt
399 3407 557 3467 Maximinus,
575 3421 647 3470 quern
661 3408 760 3457 Attilam
777 3408 939 3457 convenisset
958 3421 1014 3456 cnm
1061 3406 1197 3454 institutum
1209 3406 1276 3467 sequi
1292 3404 1423 3466 delegisset.
1442 3406 1484 3454 llle
1496 3419 1569 3468 qnam
1585 3407 1617 3456 ola
1633 3419 1734 3455 causam
1753 3405 1797 3452 lroc
1807 3415 1834 3448 es

237 3483 283 3542 liis,
295 3485 336 3544 qni
347 3483 368 3531 ei
378 3495 392 3530 a
403 3484 506 3531 consiliis
515 3486 592 3546 erant,
605 3484 724 3544 colloquia
737 3485 815 3533 lacere
824 3486 959 3546 oportebat,
973 3485 1016 3534 mi·
1062 3485 1113 3546 ipso
1124 3497 1269 3546 quaterem,
1282 3486 1382 3544 κειμενα.
1394 3504 1405 3527 ιι
1417 3485 1474 3533 nliln
1486 3485 1671 3547 verminantium,
1685 3485 1737 3534 lame
1749 3496 1763 3532 a
1777 3483 1799 3529 te
1809 3482 1833 3526 ul

237 3559 302 3608 nime
311 3560 381 3619 longo
392 3559 422 3608 ab
430 3559 504 3609 Attila
513 3559 612 3608 distaret
621 3560 753 3609 intervallo.
765 3561 816 3610 lllic
826 3561 904 3622 igitur,
914 3575 962 3623 qno
970 3563 1015 3624 pri·
1062 3561 1204 3622 sciscitarer,
1219 3573 1290 3610 cansa
1300 3562 1358 3622 init,
1376 3561 1439 3622 qrrod
1450 3565 1534 3610 Graece
1547 3563 1687 3611 locutores.
1705 3564 1788 3610 »Tam
1804 3557 1834 3604 ri·

236 3649 305 3683 muna
315 3634 469 3693 (ieronimus,
480 3639 575 3684 noctem
585 3637 749 3697 transegimus.
761 3641 825 3686 ane
836 3640 890 3687 orla
900 3639 966 3687 misit
976 3651 1015 3689 me
1062 3637 1121 3687 dens
1130 3639 1172 3697 ait,
1180 3653 1205 3688 se
1213 3643 1324 3688 Graecum
1334 3653 1384 3688 esse
1394 3651 1487 3700 genere,
1497 3640 1527 3688 ad
1537 3643 1698 3689 mercaturam
1709 3635 1834 3687 taciendam

238 3713 383 3762 Maximinus
396 3713 426 3760 ad
436 3713 588 3774 onegesinm,
602 3717 629 3762 nl
640 3715 673 3762 illi
686 3717 803 3776 tumque
814 3716 954 3776 insedebat,
964 3719 1016 3766 tnm
1061 3715 1232 3775 Viminacium,
1248 3719 1368 3777 Mysorum
1378 3715 1407 3764 ad
1421 3719 1508 3764 lstrnrn
1521 3717 1614 3774 arrham,
1627 3717 1763 3773 accessisse,
1776 3713 1797 3760 in
1811 3723 1836 3758 ea

237 3791 268 3838 ab
280 3790 424 3850 imperatore
444 3794 513 3840 missa
526 3805 627 3841 munera
639 3792 769 3852 traderem,
784 3797 808 3843 et
827 3799 854 3843 nt
866 3795 915 3856 ipse
927 3809 1016 3858 cogno·
1062 3791 1210 3841 domiciiinm
1220 3794 1406 3854 longotempore
1418 3793 1540 3854 imbuisse,
1553 3806 1654 3842 uxorem
1666 3805 1766 3854 quoque
1782 3789 1837 3836 diri·

238 3871 325 3927 sceret,
337 3881 367 3915 an
378 3867 411 3916 illi
422 3880 504 3916 secum
522 3871 547 3916 et
559 3883 608 3930 ηιιο
625 3870 733 3930 ternpore
744 3871 889 3932 colloquium
904 3873 963 3921 inire
979 3873 1016 3922 ln·
1062 3871 1231 3930 conduxisse,
1242 3871 1368 3932 parlaillic
1378 3871 1490 3920 felicitate
1500 3874 1569 3932 capta
1579 3871 1749 3920 urbeexnlum
1763 3868 1837 3924 luisse,

238 3945 313 3994 beret.
346 3946 441 3994 Peareri
454 3945 561 4006 igilnrad
578 3949 721 4009 Onegeainm
731 3961 785 3996 cunr
794 3949 896 4010 lamnlis,
904 3952 945 4011 qni
955 3951 1018 4000 dona
1062 3949 1086 3996 et
1095 3951 1219 4009 propterea
1227 3947 1292 4008 qraod
1302 3947 1369 3995 diaes
1378 3951 1438 4005 erat,
1447 3960 1473 3996 se
1486 3961 1577 4009 suaque
1586 3949 1667 4011 omnia
1675 3947 1700 3996 in
1710 3945 1798 4009 praedm¹
1806 3943 1838 3990 di·

242 4023 369 4084 portabant
382 4037 388 4070 :
401 4037 476 4084 qrrnm
487 4023 568 4085 jannae
583 4025 670 4074 clausas
687 4029 780 4086 essent,
792 4029 927 4088 exspectavi
942 4029 1018 4078 donec
1063 4026 1387 4087 visioneonegesiocassissc.
1402 4025 1495 4074 Etenim
1505 4025 1627 4088 asseapnd
1639 4027 1716 4074 cosin
1729 4035 1795 4072 more
1803 4035 1840 4081 γυ·

238 4099 396 4160 aperirentur,
407 4099 525 4161 etaliquis
534 4103 619 4162 exiret,
628 4102 671 4163 qni
681 4115 737 4151 eum
747 4104 793 4152 mci
805 4104 922 4155 adrentus
933 4108 1017 4156 certio·
1063 4108 1151 4166 sitnm,
1167 4110 1195 4157 ut
1213 4107 1327 4169 praecipui
1343 4107 1373 4154 ab
1388 4107 1460 4157 Mtila
1481 4106 1585 4167 §cyliniae
1603 4105 1722 4167 principes
1736 4103 1839 4164 captivos

239 4189 289 4223 rem
300 4177 396 4224 iaceret.
1063 4184 1160 4234 ditiores
1170 4184 1214 4232 sihi
1227 4186 1351 4246 scaturiant,
1366 4183 1480 4244 ursoniam
1498 4184 1628 4245 plurimum
1640 4182 1785 4231 anactorilate
1800 4191 1839 4225 ra·

272 4253 355 4312 ltaque
373 4255 468 4314 tempus
483 4253 540 4300 milri
554 4255 641 4304 terenti
657 4258 682 4304 et
691 4255 754 4304 circa
767 4269 891 4306 murorum
901 4259 1018 4308 amilitana
1064 4264 1125 4313 lent.
1140 4265 1224 4312 Postea
1233 4263 1274 4311 nbi
1286 4263 1400 4311 adserens
1413 4265 1532 4310 linnrauos
1543 4263 1567 4310 et
1579 4259 1732 4310 Aaatiroruan
1747 4261 1840 4320 gentem

240 4327 327 4376 domas
344 4329 450 4389 onegesii
462 4329 611 4390 ambulanti,
626 4344 764 4393 progressus
775 4334 855 4382 nescio
866 4335 933 4396 quis,
946 4349 1017 4397 quem
1065 4340 1190 4389 fortissime
1206 4339 1354 4398 dimicasset,
1368 4339 1502 4387 libertatem
1516 4352 1541 4386 se
1559 4351 1590 4386 en
1607 4351 1673 4386 more
1683 4336 1841 4398 Scptlrannm

242 4404 368 4452 liarbarnm
380 4417 411 4452 en
423 4405 535 4466 scptlrico
547 4407 633 4456 restitn
646 4421 696 4456 esse
714 4409 793 4469 rebar,
806 4413 890 4460 Graeca
907 4425 966 4460 roca
979 4427 1018 4462 me
1063 4417 1187 4474 omnibus,
1201 4428 1255 4477 ηιιαι
1265 4415 1327 4464 θεΙΙο
1336 4415 1493 4475 ncqnisierat,
1503 4415 1606 4462 barbaro
1618 4413 1719 4462 domino
1734 4411 1839 4466 traditis,

242 4480 356 4530 salutarit
367 4480 469 4530 diceus«
484 4485 564 4544 Χαῖρε.
581 4501 592 4524 ν
604 4483 683 4532 Mirari
693 4498 749 4545 ogo,
762 4490 804 4548 qul
816 4488 883 4536 lieret
900 4491 926 4537 ut
935 4492 1018 4540 Grmce
1065 4505 1222 4554 rccnperasse.
1257 4495 1363 4541 Uxorem
1375 4505 1471 4552 ηιιοηιιε
1481 4491 1607 4540 barbaram
1617 4489 1730 4547 duxisse,
1741 4491 1766 4536 et
1774 4500 1803 4534 er
1815 4497 1841 4532 ca

242 4559 381 4620 loqueretur
389 4558 425 4606 air
435 4559 521 4620 Scyllia
533 4574 539 4606 r
550 4561 638 4608 etenim
646 4575 676 4608 er
687 4563 758 4611 variis
766 4565 875 4624 gentibus
884 4568 1018 4628 commisti,
1065 4571 1150 4619 liberos
1165 4569 1295 4630 sustulisse,
1307 4573 1331 4619 et
1347 4569 1454 4630 onegisii
1464 4581 1553 4618 mense
1565 4567 1715 4630 participem,
1726 4567 1773 4614 lroc
1788 4566 1842 4612 rimi

241 4639 328 4696 praeter
336 4647 405 4682 snam
421 4635 524 4696 linguam
535 4637 618 4685 colunt
631 4638 681 4686 sive
695 4641 850 4698 Hunnorum,
862 4641 912 4690 sire
925 4645 1017 4692 Gotlao·
1064 4660 1137 4707 genus
1146 4647 1215 4708 longe
1225 4647 1303 4708 potins
1315 4646 1392 4708 priore
1402 4646 1498 4694 ducere.
1511 4665 1523 4688 ι
1535 4647 1581 4702 Qui
1592 4645 1654 4694 enim
1664 4643 1730 4704 apud
1746 4643 1843 4703 sentinas

241 4727 304 4772 nnn,
312 4713 355 4760 ant
364 4712 436 4760 etiarn
446 4714 588 4772 Rornanam,
600 4714 623 4761 iri
634 4714 734 4775 scilicet,
744 4717 832 4777 quibus
841 4731 897 4767 cnm
907 4721 1019 4770 numanis
1064 4723 1162 4785 degunt,
1173 4724 1258 4786 inquit,
1268 4724 1370 4772 tolerato
1382 4723 1499 4771 bellorum
1513 4722 1601 4780 labore,
1612 4721 1662 4770 sine
1672 4719 1844 4768 ullasullieitn·

241 4791 390 4854 trequentius
400 4793 436 4838 est
452 4791 632 4840 commercium.
666 4796 747 4855 lisono
755 4795 882 4855 qrrisnnarn
892 4810 977 4846 eornm
988 4799 1019 4847 ia·
1065 4802 1120 4851 dine
1129 4803 1204 4851 ailam
1214 4805 1336 4864 prorepunt.
1346 4804 1407 4850 Tum
1418 4800 1581 4863 unnsquisque
1590 4801 1666 4860 lionis,
1674 4812 1732 4860 qum
1742 4800 1788 4846 sibl
1802 4801 1844 4846 ior·

241 4868 285 4916 cilo
306 4870 414 4930 ionaritrn·
426 4869 520 4927 Grmcc,
533 4869 576 4916 nisi
593 4869 612 4916 si
625 4869 666 4930 qni
679 4871 727 4918 sint
738 4873 826 4932 captivi
840 4887 853 4920 e
867 4875 966 4923 Tlnacin
977 4880 1019 4924 ant
1066 4881 1124 4928 tuna
1138 4879 1244 4939 indulsit,
1264 4880 1360 4935 irnitnr,
1375 4891 1454 4939 nelarie
1467 4880 1591 4940 qrrisqnam
1606 4877 1638 4926 illi
1652 4877 1702 4924 nlla
1717 4877 1742 4924 in
1757 4890 1782 4922 re
1794 4889 1844 4922 ειιο·

243 4944 336 5005 lllyrico
346 4947 474 4996 maritimo.
485 4945 530 4994 saal
541 4945 574 4993 illi
583 4947 613 4994 ali
622 4948 693 5008 olrrip
702 4951 910 5012 ‹prronnnalignosci
922 4958 1019 5013 naussum
1066 4956 1138 5004 lestans
1151 4958 1195 5004 esi.
1207 4955 1252 5012 Qui
1268 4969 1323 5003 roro
1335 4955 1380 5004 snb
1393 4957 1506 5004 lionaanis
1522 4955 1618 5002 ntalem
1636 4955 1724 5014 agunt,
1741 4953 1810 5000 tacite
1824 4953 1847 4998 in

241 5037 272 5071 ενι
284 5024 389 5072 restitans
406 5025 490 5074 laceris
505 5027 529 5072 et
540 5025 623 5084 caprilis
633 5027 754 5088 squalore,
767 5031 881 5090 tanlquam
892 5032 933 5091 apd
945 5033 967 5078 in
978 5033 1018 5080 nri·
1066 5032 1127 5081 bello
1139 5037 1245 5093 proruunt.
1262 5033 1311 5080 lios
1322 5033 1385 5082 eninr
1401 5034 1423 5080 in
1435 5033 1487 5081 ullis
1497 5033 1533 5080 sni
1543 5029 1699 5079 conservandi
1713 5043 1783 5090 spem
1797 5029 1845 5074 cni·

242 5113 318 5148 seram
331 5102 455 5152 inciderint
467 5105 596 5152 torinnam.
613 5103 656 5152 llic
671 5117 727 5152 νυνι)
742 5107 848 5166 ννμειΙεέεΙί
860 5108 955 5168 sintina
964 5123 1017 5170 spo·
1066 5111 1145 5158 lucare
1159 5123 1252 5158 neccsse
1261 5113 1306 5170 esi,
1317 5108 1512 5170 ‹arrarnlrnpairlenn
1528 5122 1569 5169 por
1582 5113 1693 5168 tyrannus
1705 5105 1806 5154 anininn¹
1819 5105 1846 5152 li-
