3842 5726
976 212 1007 240 κ

805 350 1051 412 FRAGMENTA.
1690 364 1728 416 os

122 481 260 550 ἠσπάζετο
271 478 320 550 rhu
335 478 398 559 πρὸς
410 478 559 556 Ῥωμαίους
571 478 673 560 ριλίαν·
687 480 870 540 Κωνσταντίου
884 481 911 540 δέ
955 479 1082 560 ἡμέραις,
1104 480 1182 560 φησὶ,
1207 481 1390 540 Κωνσταντίου
1418 484 1462 540 τοῦ
1486 482 1628 562 βασιλέως,
1651 485 1732 566 ἐντῇ

122 567 168 624 καὶ
190 571 245 626 τῶν
270 566 332 646 περὶ
357 563 541 624 Κωνστάντιον
563 566 796 646 ἀντιπραττόντων,
820 567 911 644 ίμενεν
957 566 1052 648 θρᾴκῃ
1063 567 1210 646 Οὐαλερίου
1227 567 1349 647 ἄρχοντος
1355 616 1363 641 ,
1377 569 1485 646 μήνυσις
1502 571 1615 649 γέγονεν,
1631 575 1670 640 ’ὡς
1683 577 1732 645 θη-

124 652 448 733 ἀπρακτοςὴτοότουκαί
456 652 603 718 Πλακιδίας
612 653 690 732 ὁρμή.
701 654 912 724 Τελευτήσαντος
956 655 1051 734 σαυρδς
1065 655 1191 735 εὐρεθείη.
1208 655 1352 735 Οὐαλέριος
1366 659 1394 716 δέ
1408 655 1535 736 παρδτδν
1552 659 1631 719 τόπον
1645 685 1682 718 rra
1701 685 1733 718 α-

122 743 150 800 δδ
169 747 217 800 τοῦ
240 743 348 812 παιδὸς,
370 738 461 806 πένθος
476 739 545 818 μέγα
565 747 682 800 ποιοῦσιν
698 743 740 800 ἐπ’
762 743 850 821 αὐτῷ,
865 742 911 800 καί
954 740 1089 818 γενόμενος
1111 742 1236 818 μανθάνει
1255 742 1329 824 παρὰ
1348 748 1400 802 τῶν
1415 746 1562 826 ἐπιχωρίων
1577 747 1645 829 ίερδν
1667 685 1733 808 είναι

108 827 270 888 ’θάπτωσιν
283 831 311 886 ἐν
320 827 432 907 λάρνακι
441 827 595 894 καταθέντες
608 830 623 885 ἀ
642 837 708 909 γυρᾷ
721 829 773 904 arpo
783 833 829 899 τῆς
839 833 910 910 Bup-
955 827 1000 886 τόν
1011 827 1102 901 τόπον,
1116 829 1161 887 καί
1173 829 1200 898 ἐξ
1212 831 1325 909 ἀρχαίας
1338 835 1443 906 τελετῆς
1457 836 1607 912 ἀνδριάντας
1620 839 1646 894 έν
1662 840 1733 898 αὐτῶ

123 917 254 984 xlsimo<
290 915 319 975 ἐν
343 938 395 974 τινι
427 916 566 996 εὐκτηρίιρ.
634 940 667 974 τα
697 919 841 994 ἀναιρεῖται
866 917 911 979 καί
955 915 1122 995 άριερῶσθαι.
1139 905 1207 974 Εἶτα
1221 915 1344 998 ἀναφέρει
1355 925 1440 978 ταῦτα
1454 923 1492 1000 τῷ
1505 923 1620 1000 βασιλεῖ,
1633 923 1677 982 καί
1692 899 1732 982 δέ·

123 1005 300 1084 mutuique,
313 1005 350 1069 εἰς
365 1003 518 1082 ἐπετήρησεν
533 1007 584 1061 τῶν
601 1001 811 1076 υέχείωνίπτιων,
827 1007 862 1070 ὡς
875 1003 910 1064 εί·
954 1019 1030 1076 χεται
1051 1000 1162 1081 γράμμα
1177 1003 1315 1084 ἐπιτρέπον
1339 1008 1411 1086 αὐτῷ
1435 1008 1574 1066 ἀναλαόεῖν
1597 1009 1631 1068 τέι
1648 1034 1734 1087 μηνυ-

124 1100 196 1152 turo
207 1095 302 1172 αὐτῷ,
315 1089 456 1171 διατρίόων
469 1095 496 1150 ἐν
505 1095 543 1171 τῷ
552 1095 661 1152 ἱππῶνι.
672 1091 785 1171 ’Λναιρεῐ
794 1091 821 1151 δὲ
833 1090 910 1151 αὐτὸν
954 1085 1040 1144 θέντα.
1056 1087 1249 1169 ’Λνορυχθέντος
1260 1092 1344 1150 τοίνυν
1352 1099 1396 1152 τοῦ
1406 1093 1486 1154 τόπου
1496 1096 1658 1176 εὑρίσκονται
1666 1101 1734 1178 τρεῖς

122 1173 159 1244 εἷς
170 1184 224 1238 τῶν
238 1179 345 1238 οἰκείων
359 1179 472 1251 Γότθων,
484 1178 593 1244 Δούόιος
604 1177 734 1256 τοῦνομα,
746 1178 841 1259 ἔχθραν
854 1203 911 1238 τια-
955 1174 1104 1254 ἇνδριάντες
1118 1176 1151 1234 δι’
1171 1179 1232 1236 ὅλου
1251 1179 1278 1248 ἐξ
1299 1181 1411 1261 ἀργύρου
1424 1183 1610 1260 πεποιημένοι,
1625 1188 1651 1244 ἐν
1666 1187 1733 1266 σχή·

123 1267 201 1326 λαιὰν
216 1265 466 1346 καιροφυλακήσας·
479 1264 624 1347 παλαιγόιρ
637 1257 668 1337 ἦν
685 1265 909 1325 δτοότουδεσπό-
954 1284 1017 1337 pest
1044 1263 1198 1344 βαρὸαρικῶ
1225 1267 1422 1345 κατακείμενοι,
1443 1269 1489 1328 καὶ
1515 1270 1734 1350 ἐξηγκωνισμένοι

121 1379 168 1426 της
179 1355 276 1435 μοίρας
288 1359 419 1423 Ιάεθικῆς
430 1353 492 1434 phi,
510 1353 560 1412 ὐτιδ
571 1353 729 1434 ’Λδαοόλρου
739 1353 910 1433 ἀνῃρημένος·
954 1349 1013 1407 κατ’
1024 1353 1120 1432 ἀμφοῖν
1135 1361 1193 1411 ταῖν
1210 1356 1307 1434 χεροῖν,
1319 1355 1480 1434 ἐνδεδυμένοι
1495 1359 1522 1418 δέ
1538 1359 1669 1441 βάρόαρον
1683 1385 1734 1420 πε-

123 1444 149 1512 i}
163 1435 193 1502 οὐ
207 1443 256 1501 καὶ
270 1442 314 1500 τόν
334 1441 445 1502 Λοόόιον
461 1439 550 1500 λαθὼν
572 1441 727 1522 ’Λδάουλρος
747 1441 909 1524 ᾠκειώσατο.
955 1439 1126 1515 ποικιλμένην
1157 1442 1270 1512 ἐσθῆτα,
1291 1441 1337 1500 καί
1368 1448 1498 1521 κομῶντες
1524 1445 1571 1514 τὰς
1600 1447 1733 1528 κεφαλὰς,

122 1531 157 1590 ‘0
169 1529 198 1588 δέ
209 1533 249 1609 τῷ
263 1528 363 1608 πρώτῳ
376 1529 491 1606 δεσπότῃ
505 1525 610 1606 ἀμύνων
622 1528 666 1587 τδν
679 1529 796 1608 δεύτερον
809 1528 910 1608 διεχρή·
955 1522 1072 1593 νεύοντες
1092 1527 1136 1586 ἐπί
1156 1527 1186 1586 τύ
1206 1531 1323 1610 ἀρκτῶον
1344 1529 1437 1611 μέρος,
1459 1531 1576 1592 τουτέστι
1597 1533 1666 1592 κατὰ
1688 1540 1733 1594 τοῦ

121 1641 199 1677 euru.
225 1619 368 1678 Τελευτῶν
391 1617 419 1675 δὲ
441 1616 597 1692 ’Λδάουλρος
619 1613 780 1697 προσέταττε
797 1621 834 1696 τῷ
852 1616 909 1696 ἰδίῳ
956 1613 1118 1695 βαρόαρικυύ
1146 1615 1242 1695 χώρου.
1276 1619 1317 1677 Ων
1343 1621 1501 1698 ἀνδριάντων
1525 1621 1734 1702 ἀναληφθέντων,

122 1708 229 1785 ἀδελφῷ
240 1705 387 1763 ἀποδοῦναι
397 1702 445 1774 rhu
461 1701 617 1776 Πλακιδίαν,
630 1703 688 1776 καί,
698 1702 723 1762 εἴ
733 1727 758 1761 τι
771 1703 907 1778 δύναιντο,
953 1702 1076 1780 πάραυτα
1098 1700 1144 1760 καί
1160 1705 1216 1778 μετ’
1233 1703 1322 1780 ὀλίγας
1338 1707 1437 1787 ἡμέρας
1451 1711 1553 1784 πρῶτον
1575 1709 1622 1784 μέν
1636 1707 1666 1767 τδ
1681 1713 1732 1767 τῶν

120 1795 169 1864 τὴν
191 1794 340 1868 Ῥωμαίων
359 1793 448 1872 ριλίαν
470 1795 570 1858 ἑαυτοῖς
588 1791 820 1872 περιποιήσασθαι.
842 1791 908 1853 Διά-
954 1790 1057 1847 Γότθων
1073 1788 1142 1856 ἔθνος
1158 1797 1247 1848 πᾶσαν
1260 1793 1392 1872 ἐπιτρέχει
1406 1793 1454 1866 τὴν
1468 1793 1587 1874 θρᾴκην·
1600 1794 1693 1872 ἔμελλε
1706 1795 1734 1854 δέ

122 1885 202 1962 δοχος
221 1882 249 1940 δὲ
266 1886 281 1940 ὁ
304 1885 351 1938 τοῦ
374 1879 463 1957 Σόρου
480 1877 605 1958 όδελρδς,
623 1879 795 1960 Σιγγέριχος,
809 1881 909 1958 σπουδῇ
954 1875 1047 1955 μικρὸν
1060 1874 1166 1958 ὕστερον
1179 1875 1267 1935 καὶτὸ
1280 1882 1332 1937 τῶν
1352 1879 1457 1939 Οὐννων
1474 1880 1523 1938 »καί
1545 1881 1574 1940 τὸ
1588 1886 1639 1940 τῶν
1655 1885 1734 1961 Σαρ-

120 1973 228 2044 ριᾶλλον
243 1968 289 2027 καί
305 1965 477 2048 δυναστείρά,
493 1966 633 2046 ἀκολουθίᾳ
653 1967 784 2048 καίνόμῳ
799 1968 908 2046 γίνεται.
954 1968 1044 2040 ματῶν
1067 1967 1294 2042 καταδραμεῖσθαι
1315 1966 1393 2026 τότε
1417 1967 1561 2049 Ἰλλυρικόν
1586 1971 1631 2028 καί
1652 1969 1735 2040 αὐτὴν

116 2061 172 2126 Ὃς
186 2059 222 2118 τά
238 2080 268 2115 τε
283 2055 392 2130 παιδία,
407 2055 424 2113 ἀ
440 2057 470 2114 ἐκ
483 2059 530 2126 τῆς
544 2053 674 2135 προτέρας
694 2055 814 2133 γυναικὸς
836 2055 910 2131 ἐτύγ-
952 2055 999 2123 τὴν
1014 2051 1135 2133 Θρᾴκην.
1152 2053 1200 2112 Ἐν
1215 2052 1287 2134 μέσῳ
1299 2053 1350 2134 γάρ
1366 2057 1444 2127 αὐτῆς
1462 2079 1491 2114 τε
1503 2057 1612 2136 Θράκης
1625 2057 1671 2116 καί
1688 2063 1734 2116 τοῦ

117 2171 203 2226 γενεν
218 2144 372 2224 Ἀδαοόλριρ
390 2142 580 2223 γεγεννημένα,
604 2145 702 2215 ἀνεῖλε,
718 2142 763 2222 βίορ
786 2147 838 2202 τῶν
862 2148 907 2200 τοῦ
954 2141 1099 2220 Ἰλλυρικοῦ
1113 2141 1248 2200 κατέκειτο
1268 2140 1302 2200 τδι
1315 2147 1362 2214 τῆς
1387 2145 1501 2215 τελετῆς.
1521 2144 1574 2204 Καί
1595 2143 1670 2225 ἐῴκει
1684 2149 1735 2203 τῶν

118 2216 275 2292 ἐπισκόπου
285 2231 438 2312 Σιγησάρου
449 2231 554 2288 κόλπων
569 2228 740 2302 ἀποσπάσας,
751 2228 796 2288 καί
805 2229 853 2299 τὴν
867 2233 910 2308 βοι-
952 2232 1030 2306 τριῶν
1044 2228 1202 2308 ἀνδριάντων
1217 2233 1231 2287 ὁ
1246 2228 1352 2309 ἀριθμός
1365 2229 1434 2288 κατδι
1449 2229 1545 2298 παντὸς
1560 2229 1646 2299 ἔθνους
1661 2255 1735 2291 τετε-

119 2322 215 2380 σιλίδα
228 2319 379 2380 Πλακιδίαν
391 2321 426 2385 εἷς
439 2317 512 2397 ὐόριν
527 2315 686 2396 ’Λδαοόλρου
700 2319 730 2376 ἐκ
742 2315 819 2382 ποδὸς
830 2338 912 2395 προη-
952 2314 1043 2373 λέσθαι
1058 2315 1202 2394 βαρόάρου.

117 2410 261 2482 γῆσασθαι
272 2413 317 2466 τοῦ
329 2406 410 2466 ἵππου
421 2405 477 2482 άμα
489 2407 586 2464 λοιπῶν
599 2402 777 2482 αἰχμαλιίντων
790 2402 907 2471 ἐπέταξε.
993 2423 1031 2462 ειν.
1053 2399 1119 2463 Ὀτι
1133 2407 1147 2461 ό
1162 2403 1289 2484 ἱστορικός
1306 2403 1366 2482 περί
1378 2408 1422 2463 τού
1436 2403 1529 2464 οἰκείου
1545 2405 1732 2482 διαλσμόάνων

117 2498 178 2558 Καὶ
195 2495 227 2554 τδ
248 2495 384 2570 διάστημα
404 2485 437 2564 ἦν
460 2497 508 2563 τῆς
530 2495 688 2570 προπομπῆς
711 2494 740 2550 ἐκ
753 2495 800 2562 τῆς
813 2492 913 2557 πόλεως
953 2489 1078 2561 διάπλου,
1096 2490 1182 2549 πολλὰ
1202 2497 1292 2550 παθεῖν
1316 2491 1360 2550 καί
1377 2491 1539 2570 δυστυχῆσαί
1554 2517 1628 2574 ρησι.
1653 2494 1734 2572 Λέγει

116 2586 207 2664 μέχρι
227 2583 376 2642 δωδεκάτου
391 2579 511 2656 σημείου.
529 2577 616 2638 ‘Emi
642 2577 671 2636 δὲ
692 2578 793 2657 ἡμέρας
817 2577 911 2658 άρξας,
954 2577 1039 2636 δὲκαὶ
1053 2577 1147 2645 είςτδις
1162 2577 1270 2650 ’Λθήνας
1284 2589 1417 2658 κατᾶραι,
1431 2580 1476 2637 καί
1490 2603 1522 2659 τη
1540 2583 1618 2638 αὐτοῦ
1634 2583 1733 2660 σπουδῇ

117 2676 285 2750 ἀναιρεῖται.
309 2667 435 2746 Ἥγεμῶν
452 2666 479 2726 δέ
496 2671 548 2726 τῶν
569 2670 591 2728 Γ
591 2666 671 2726 ότθων
694 2669 812 2732 Οὐαλίας
835 2666 911 2724 καθί-
953 2665 998 2724 καὶ
1018 2665 1156 2743 ἐπιμελείᾳ
1182 2668 1217 2735 είς
1239 2665 1283 2725 τδν
1307 2667 1456 2748 σοφιστικόν
1479 2667 1567 2748 θρόνον
1590 2670 1734 2747 ἀναχθῆναι

116 2781 232 2818 σταται.
954 2755 1075 2814 Λεόντιον
1092 2753 1164 2813 οὔπω
1182 2753 1312 2814 ἐθέλοντα.
1340 2754 1416 2832 Λέγει
1431 2754 1458 2813 δὲ
1472 2755 1517 2812 καὶ
1531 2755 1591 2836 περὶ
1613 2762 1658 2814 τοῦ
1678 2756 1734 2836 τρί-

163 2867 208 2907 ετ.
231 2845 299 2907 Ὀτι
322 2848 337 2904 θ
355 2843 483 2922 ἱστορικός
505 2865 569 2923 ρησι
590 2839 663 2920 παρὰ
680 2841 825 2920 Οὐαλερίου
845 2840 910 2904 τινδς
955 2841 1048 2915 όωνος,
1063 2845 1097 2907 ὡς
1112 2844 1160 2899 οὐκ
1183 2840 1241 2912 ἐξῆν
1264 2841 1333 2900 κατά
1356 2841 1403 2908 τάς
1422 2841 1528 2912 Ἀθήνας
1547 2842 1734 2921 περιόαλέσθαι

115 2938 174 2992 τῶν
192 2931 335 3007 ἐπισήμων
356 2933 466 2990 ἀκοῦσαι
483 2929 542 3008 περὶ
565 2927 723 3008 ἀνδριάντων
739 2929 858 3008 ἀργυρῶν
873 2949 902 2986 τε
955 2928 1031 2986 αὐτόν
1055 2951 1127 3004 τινα,
1152 2927 1198 2986 καί
1215 2928 1330 3004 μάλιστα
1346 2927 1428 3005 ξένον,
1443 2921 1465 3010 ᾧ
1480 2928 1517 3006 μὴ
1531 2933 1584 2989 τῶν
1602 2933 1731 3011 σοφιστῶν

116 3021 293 3095 τελεομένων
314 3020 350 3084 είς
370 3016 510 3097 βαρόάρων
533 3015 711 3076 ἀποκόιλυσιν.
726 3014 773 3074 Ἐν
787 3012 837 3095 γδρ
852 3017 909 3080 ταῖς
955 3014 1076 3093 ἡγνόιμη
1094 3015 1232 3096 ἐπέτρεπε,
1246 3015 1292 3074 καί
1309 3017 1337 3074 αἱ
1354 3015 1423 3074 κατδι
1440 3017 1499 3083 τούς
1513 3018 1677 3098 σοριστικούς
1689 3019 1732 3077 νό-

126 3137 1728 3163 ..--------------.........-.,-,

114 3183 169 3232 sior
178 3195 235 3232 cuc
244 3181 332 3243 toepit3
342 3195 427 3230 rerum
433 3217 442 3242 ,
453 3182 594 3231 constantio
612 3181 712 3244 ejusque
723 3183 819 3231 asseclis
833 3195 905 3244 repu·
955 3203 967 3226 ι
979 3186 1039 3232 Nam
1046 3186 1178 3233 coustantii
1186 3221 1192 3244 ‚
1201 3185 1288 3248 iuquit,
1297 3186 1448 3248 imperatoris
1454 3190 1611 3251 temporibus,
1621 3193 1735 3254 praelecto

115 3259 270 3321 mutilen,
285 3257 403 3320 sdrulphi
416 3259 441 3307 et
452 3257 534 3307 uxoris
549 3259 660 3308 Placidim
671 3261 785 3321 prompta
797 3259 908 3309 voluntas
953 3261 978 3310 ln
997 3262 1098 3311 Thracis
1122 3265 1233 3325 Valerio,
1257 3265 1373 3314 iudicium
1395 3267 1485 3316 lactum
1510 3268 1618 3318 thesauri
1638 3271 1733 3332 reperti.

116 3338 215 3386 ellectu
236 3337 377 3384 curnerunt.
409 3334 561 3384 Exstinctum
584 3336 666 3384 autem
686 3337 768 3398 postes
790 3335 906 3385 inluuiem
953 3337 1063 3388 valerius
1073 3352 1130 3387 vero
1141 3340 1171 3388 ad
1184 3341 1263 3389 locum
1280 3342 1410 3403 accedeus,
1423 3357 1519 3392 sacrum
1530 3345 1599 3393 illurn
1617 3348 1734 3396 essereli·

116 3414 282 3461 relmter
297 3413 398 3472 uterque
412 3423 497 3473 porcus
507 3411 579 3472 luxit,
595 3413 756 3474 argenteaque
766 3425 838 3474 copes
848 3425 908 3462 con·
953 3415 1022 3476 gioue
1032 3430 1062 3464 ex
1071 3418 1155 3464 incolis
1162 3418 1273 3479 cognovit
1282 3421 1307 3467 et
1315 3419 1414 3480 antiquo
1423 3419 1470 3468 n'lu
1482 3421 1573 3470 statuas
1582 3421 1670 3471 ihlrlem
1679 3435 1735 3474 con·

117 3489 286 3550 uitulum
300 3489 456 3538 Bsreinmmm
471 3489 497 3538 ln
517 3489 607 3552 templo
625 3490 731 3552 quodum
753 3491 906 3552 sepelierunt.
953 3496 1066 3543 secretus.
1098 3495 1188 3544 Retulit
1213 3495 1266 3545 hacc
1286 3496 1316 3544 sd
1339 3497 1518 3559 imperatorem,
1543 3503 1734 3564 rescriptumque

118 3569 274 3620 interficitur
292 3568 379 3618 δείσειε
396 3571 421 3618 et
440 3568 580 3631 Adsulphus
600 3569 663 3631 ipse,
679 3569 737 3618 dum
755 3582 830 3632 equos
847 3583 906 3620 suos
952 3572 1054 3633 accepit,
1068 3585 1117 3634 quo
1128 3571 1258 3633 jubebatur
1268 3573 1372 3622 indicata
1388 3575 1428 3623 illa
1439 3575 1501 3624 bons
1510 3576 1601 3626 tollere.
1614 3578 1687 3639 igitur
1698 3579 1733 3628 el'·

116 3651 144 3700 iu
163 3649 266 3699 mlo
281 3647 312 3698 lle
332 3659 399 3698 more
413 3647 519 3710 inspicit,
533 3661 548 3697 a
567 3649 648 3698 Gotho
661 3648 781 3711 quodum,
797 3649 849 3710 eius
863 3649 907 3698 do·
953 3649 1017 3697 losso
1030 3648 1099 3710 loco,
1115 3652 1164 3699 tres
1175 3649 1258 3699 sollrlre
1268 3664 1300 3700 ex
1310 3655 1408 3713 urgento
1428 3651 1551 3701 fabricatos
1562 3657 1663 3715 repertae
1676 3659 1733 3706 sunt

115 3729 242 3788 nauco,
252 3727 325 3777 nulrit
334 3727 442 3787 neniae,
451 3741 528 3790 quum
540 3727 602 3776 hanc
613 3730 699 3776 relerls
707 3727 756 3776 odil
771 3727 907 3777 riudicsudl
952 3729 1052 3789 statuae,
1064 3728 1147 3777 habitu
1160 3727 1299 3789 barbarico,
1309 3733 1442 3792 etutroquc
1451 3731 1549 3780 brochlo
1558 3735 1657 3794 anselo,
1668 3737 1733 3784 veste

115 3807 276 3858 οσεέοιευι
286 3807 325 3855 illc
336 3809 460 3869 raptasset.
475 3807 553 3869 liujus
565 3807 629 3857 enim
644 3807 709 3870 prlor
720 3808 845 3870 dominus,
855 3811 906 3858 Go-
952 3807 1069 3867 practerea
1076 3807 1194 3868 variegata
1202 3807 1326 3856 barbarico
1334 3809 1381 3856 ritu
1393 3807 1493 3870 indutae,
1506 3811 1531 3858 el
1542 3821 1638 3858 comam
1647 3810 1734 3861 deruis·

115 3888 199 3936 this:
213 3884 289 3948 parts
306 3898 359 3945 rer,
378 3885 455 3934 luerat
466 3885 497 3934 sb
513 3885 639 3948 Adsulpho
658 3899 672 3935 e
689 3887 768 3935 madio
784 3887 906 3947 sublatus,
951 3895 1006 3932 sum
1015 3885 1093 3946 cupite
1103 3886 1334 3948 gestsntesatqueln
1344 3889 1539 3950 septentrionem,
1550 3903 1605 3952 quae
1617 3890 1731 3940 harbaro-

115 3964 180 4014 mue
192 3961 300 4011 nubtum
310 3965 432 4023 receptum
441 3961 580 4023 nlamphus
592 3962 616 4011 ln
627 3975 696 4012 susm
707 3963 820 4012 lumiliom
833 3963 906 4012 adsci-
953 3973 1007 4009 rum
1020 3961 1084 4023 regio
1095 3965 1144 4024 est,
1158 3962 1275 4012 obversae.
1297 3967 1358 4021 Quae
1375 3964 1520 4026 simulatque
1533 3967 1619 4016 statum
1630 3967 1732 4017 sublatae

115 4041 216 4090 rent:
231 4040 275 4102 qni
291 4040 318 4088 in
335 4039 450 4088 ultionem
462 4039 547 4101 prioris
558 4039 649 4088 domini
665 4042 767 4090 alterurn
784 4041 848 4090 hunc
868 4043 905 4090 iu·
951 4040 1021 4098 sunt,
1033 4051 1121 4101 paucos
1134 4041 1188 4102 post
1198 4039 1249 4088 (lies
1263 4040 1397 4090 Gothorum
1412 4043 1516 4102 primum
1528 4055 1584 4104 gens
1597 4044 1731 4094 universam

116 4117 231 4168 ursseit
263 4117 369 4166 lluricus
380 4117 519 4179 sesulphus
532 4119 600 4167 tratri
611 4131 655 4168 suo
668 4118 785 4182 injunxit,
801 4120 905 4169 Placidls
950 4117 1051 4168 incurrit
1059 4119 1202 4178 Threciam,
1214 4119 1349 4181 iuturmque
1364 4123 1417 4180 post
1427 4121 1498 4182 paulo
1507 4123 1576 4170 erant
1588 4123 1731 4174 Hunnorum

116 4201 148 4245 ut
163 4195 176 4258 Ι
189 4193 316 4258 Honorio]
330 4193 477 4254 renouetur,
495 4197 585 4257 utque,
602 4195 622 4244 si
639 4208 689 4257 quo
706 4196 778 4245 modo
797 4199 903 4259 possent,
949 4208 978 4244 ac
985 4197 1147 4245 Sarmatarum
1155 4195 1331 4245 incursionssln
1338 4197 1459 4258 Illyricum
1469 4199 1493 4246 et
1502 4197 1577 4260 ipsam
1585 4199 1729 4250 Thraciam:

115 4275 242 4324 noum
262 4271 307 4320 sihi
327 4271 405 4332 gentis
423 4271 577 4320 conmrtllom
596 4271 699 4336 [Gothi]
720 4273 906 4336 societatemque
950 4285 1006 4321 uam
1017 4272 1144 4322 Threciam
1155 4273 1216 4322 inter
1227 4275 1252 4323 et
1266 4271 1389 4335 illyricum
1405 4275 1450 4322 situ
1465 4275 1522 4323 suut
1536 4274 1588 4323 haee
1604 4289 1728 4326 consecro·

114 4347 288 4400 connl'flem
319 4351 350 4398 st
367 4347 410 4410 qul
426 4349 551 4408 successit,
568 4349 622 4398 sari
640 4349 722 4411 irater,
741 4349 904 4414 singerichus,
950 4350 1022 4399 tionis
1039 4350 1098 4398 locs.
1121 4351 1233 4399 ceterum
1246 4350 1320 4398 trium
1336 4352 1469 4399 statuorum
1483 4363 1598 4401 numerus
1615 4352 1730 4404 adversus

114 4426 206 4478 stdio
223 4423 306 4488 potius
322 4437 352 4474 εο
363 4423 402 4485 ri,
415 4437 488 4486 quem
504 4425 654 4474 succmione
668 4430 711 4475 aut
729 4427 780 4488 lege
797 4431 904 4490 creatus,
950 4439 1033 4476 omnes
1043 4429 1124 4488 gentes
1138 4426 1250 4475 burburus
1263 4425 1419 4489 inauguratus
1428 4427 1562 4476 ridebatur.
1574 4447 1586 4471 s

116 4501 596 4566 sua-lphteprtoreooujmeltherosu
607 4503 682 4552 esiuu
693 4503 793 4564 sigasau
803 4505 905 4567 episcopi
981 4507 1020 4553 νυ.
1036 4505 1122 4552 meus
1132 4504 1232 4566 scriptor
1248 4505 1287 4552 hlc
1305 4505 1455 4566 navigatione
1464 4505 1545 4564 reierl,
1557 4505 1635 4554 multu
1650 4507 1729 4556 seud-

115 4578 433 4642 ευεσρέοεσοωδίίςείυυε
441 4579 518 4640 ipsum
529 4579 658 4628 Placidiam
667 4581 773 4642 reginam
782 4580 807 4630 lu
817 4582 906 4631 sdaul-
950 4593 1018 4630 uersu
1027 4581 1159 4642 pertulisse.
1192 4581 1297 4631 Athenas
1308 4594 1405 4642 quoque
1415 4581 1533 4644 appulisse
1542 4581 1626 4644 lrarlit,
1636 4596 1729 4646 suoque

119 4659 166 4722 pisi
188 4657 363 4708 munuum
380 4657 480 4720 pedibus
499 4659 556 4706 mle
572 4669 663 4720 equum
680 4671 729 4706 uua
746 4671 803 4708 cum
821 4661 907 4710 ueteris
950 4657 1030 4707 elladio
1041 4657 1171 4707 etcuraad
1183 4658 1337 4720 sophisticam
1348 4657 1420 4708 etiarn
1438 4659 1518 4708 sedem
1527 4663 1637 4708 erectum
1648 4662 1727 4709 Leon·

117 4733 227 4796 apricis
237 4733 364 4783 amhnlsre
378 4733 470 4796 coegit,
484 4732 558 4796 idque
572 4735 624 4783 tolo
633 4732 776 4797 illospatio,
793 4735 858 4798 quod
871 4740 906 4786 est
950 4737 1026 4796 tium,
1038 4737 1133 4784 temetsi
1153 4736 1178 4786 id
1203 4737 1244 4786 ille
1264 4736 1370 4786 nondum
1390 4737 1471 4789 vellet.
1504 4737 1551 4789 sed
1566 4741 1590 4787 et
1610 4737 1639 4786 tle
1656 4739 1727 4800 pallio

117 4813 152 4862 ds
163 4811 227 4862 urhe
237 4809 270 4860 ul
280 4809 451 4860 ὐυοδεοὶιοοω
466 4823 541 4872 usque
553 4810 664 4872 lapidem.
698 4814 794 4874 Septem
806 4813 847 4862 ille
856 4814 907 4863 dies
949 4812 1079 4875 sophistico
1092 4813 1213 4862 memorlae
1225 4813 1342 4876 prodidit,
1354 4813 1460 4876 uerninl,
1477 4815 1607 4877 presertim
1619 4827 1677 4862 vero
1685 4829 1725 4864 ex·

118 4903 199 4952 qun
210 4889 367 4951 hum,
376 4891 535 4952 interemptus
543 4891 592 4950 cst,
602 4891 627 4940 et
635 4889 769 4940 Gothorum
780 4891 906 4944 duuvsha
950 4894 1003 4942 tero
1012 4892 1118 4953 homini,
1129 4893 1226 4943 Athenis
1238 4892 1261 4941 ld
1273 4896 1364 4954 gestare
1375 4893 1485 4954 licuisse,
1498 4893 1543 4942 nisi
1563 4892 1725 4954 sophistarum

119 4969 289 5020 adlinitur.
950 4971 1061 5032 suffragio
1071 4970 1122 5032 ejus
1131 4971 1230 5034 gestatio
1240 4971 1274 5019 illl
1286 4985 1412 5033 concessa,
1430 4972 1578 5034 dignitasque
1588 4971 1632 5019 isla
1643 4972 1724 5032 sophi-

155 5053 195 5098 π.
205 5047 289 5098 natm
304 5047 341 5097 lric
355 5048 469 5110 scriptor,
481 5047 575 5096 audine
590 5057 640 5096 see
657 5047 763 5108 Valerio,
775 5047 906 5098 clarissimo
949 5053 1041 5099 starum
1052 5050 1129 5112 legum
1144 5051 1229 5099 ritihus
1240 5053 1302 5100 esset
1312 5051 1461 5100 corrirmata.
1493 5049 1563 5098 ltltus
1576 5049 1671 5108 autern,
1683 5052 1724 5112 qul

122 5129 186 5186 ris-o,
196 5127 230 5178 rle
240 5126 358 5190 argentm
365 5125 452 5177 statuis
461 5125 492 5175 ud
504 5125 617 5175 barbaros
625 5125 742 5177 arcendos
751 5126 905 5190 inauguratis.
951 5127 1132 5190 peragebantur,
1143 5129 1202 5178 tales
1212 5130 1289 5178 erant.
1309 5129 1415 5178 Primum
1434 5126 1463 5176 rel
1476 5125 1599 5189 publicum
1610 5124 1723 5178 balneum
