3842 5726
816 339 1060 402 FRAGMENTA.
1706 359 1739 415 it

143 471 256 548 μούντοιν
270 475 392 550 ἡγεῖσθαι
409 470 454 530 καί
466 469 588 547 νομίζειν,
600 469 696 528 οἰκείαν
711 469 737 528 δὲ
747 467 794 540 τὴν
806 472 857 527 τῶν
869 493 918 527 πα-

141 561 374 640 ρακεχωρηκότων.

177 647 242 707 Ὅτι
253 646 339 705 εἰώθει
350 645 493 710 Ἰουλιανὸς
507 643 592 726 ἀρχὴν
602 644 687 718 νίκης,
707 645 735 703 ού
747 643 863 720 πολέμου
876 643 917 700 τί-

139 738 238 792 θεοθαι.

176 825 219 878 De
232 821 414 895 expeditione
433 822 538 892 iuliani
550 833 649 877 contra
663 822 820 878 Chamavos
833 832 861 875 et
872 823 919 876 Sa·

138 911 191 965 lios
205 909 215 984 i
227 909 285 964 358
300 928 331 982 p.
347 909 395 980 C.)
409 909 475 963 vidc
489 911 630 964 Zosimum
648 911 710 976 ΙΙΙ,
724 909 757 977 6,
775 910 825 963 ubi
846 909 919 964 inter

138 999 192 1052 alia
207 1018 214 1052 ι
229 994 370 1072 Ἀντεπῇει
384 993 431 1070 μέν
448 999 501 1060 τοῖς
516 993 627 1060 Κυάδοις
644 994 725 1072 (deb.
750 993 917 1071 Χαμιίύοις)·

137 1091 279 1161 παρεγγυᾷ
295 1082 323 1138 δὲ
336 1085 374 1160 τῷ
384 1085 503 1160 στρατῷ,
518 1083 615 1148 τούτοις
628 1081 674 1154 μὲν
694 1079 762 1138 aurit
777 1081 805 1139 rb
824 1105 916 1158 κρατε-

139 1167 181 1246 ρὸν
205 1167 401 1247 διαμάχεσθαι,
423 1168 528 1226 Σαλίων
551 1167 577 1224 δέ
594 1165 692 1242 μηδένα
712 1166 820 1224 κτείνειν
834 1165 850 1236 ἢ
866 1190 917 1224 κω·

137 1255 207 1314 λύειν
217 1255 264 1314 teri
278 1256 312 1312 τά
334 1254 476 1330 Ῥωμαίων
489 1253 547 1334 ὅρια
570 1253 711 1312 διαύαίνειν
735 1257 792 1314 κτλ.
817 1258 918 1312 Paucis

137 1347 197 1400 lucc
225 1345 350 1400 absolvit
376 1345 522 1401 Ammian:
547 1345 643 1412 XVII,
671 1342 698 1402 8,
729 1343 772 1402 Cf.
809 1346 915 1402 Julian.

138 1435 217 1488 Orat.
232 1435 258 1488 l.

530 1619 553 1654 Ι.

178 1771 256 1827 ibid.
273 1790 302 1846 p.
318 1769 373 1840 257
388 1769 504 1827 εΤοῧτον
519 1764 656 1843 δεξάμενος
667 1767 768 1844 ἑταῖρον
785 1769 825 1845 ἐφ’
835 1769 918 1846 ἑαυτῷ

138 1857 329 1932 συνεπόμενον
342 1847 424 1934 εἶχεν·
437 1845 484 1912 εἰτ’
497 1854 573 1920 ἄλλος
582 1853 711 1933 προσῄει,
719 1853 764 1912 καί
774 1857 870 1925 πλῆθος
877 1845 917 1925 ἦν·

139 1945 185 2001 καί
199 1945 320 2022 καθάπερ
333 1945 357 2000 oi
375 1941 549 2020 Πυθαγόρειοί
563 1963 637 2020 φασι,
652 1941 761 2016 μονάδος
781 1943 824 2002 ἐπί
834 1941 916 2000 δυάδα

137 2031 286 2102 κινηθείσης
292 2029 379 2088 οὐκέτι
391 2027 440 2100 τὴν
454 2033 505 2087 τῶν
514 2031 629 2108 ἀριθμῶν
640 2032 746 2106 ἠρεμεῖν
754 2028 840 2108 φύσιν,
850 2027 918 2086 ἀλλὰ

138 2121 289 2196 διαχεῖσθαι
302 2116 346 2175 καί
362 2121 416 2196 ῥεῖν
430 2120 456 2183 ἐς
469 2115 552 2187 πολὺ,
573 2115 656 2188 οὕτω,
666 2117 836 2195 Ιίαριέττονος
849 2119 918 2194 Κερ-

138 2205 222 2262 κίωνα
237 2203 450 2282 προσλαύόντος,
468 2203 498 2262 ei
509 2227 537 2262 τε
549 2202 655 2280 πράξεις
677 2203 720 2262 ἐπὶ
731 2202 797 2262 πολὺ
813 2203 918 2282 προῄε-

138 2315 201 2366 σαν,
222 2293 269 2350 καί
294 2295 373 2350 ὁτῶν
387 2289 581 2365 συνισταμένων
604 2289 680 2368 ὄχλος
703 2290 828 2366 ἀνάλογον
851 2293 919 2360 ἠκο-

138 2375 224 2438 initu
234 2380 291 2445 ταῖς
298 2377 431 2456 πράξεσιν.
625 2380 627 2384 ’

182 2493 196 2518 ι
220 2469 381 2542 Abruptam
398 2468 481 2539 ponit
498 2465 745 2522 Constantinianus
762 2468 920 2540 eclogarius

139 2558 333 2612 narrationem
348 2554 385 2610 de
401 2553 597 2622 Chariettone,
610 2571 697 2625 quam
718 2555 846 2608 Zosimus
860 2557 918 2626 ΙΙΙ,

142 2664 170 2712 7,
185 2646 326 2717 integram
337 2641 445 2708 scribit,
455 2642 616 2713 Eunapium
628 2642 687 2695 sine
699 2639 788 2695 dubio
800 2653 919 2724 sectans,

140 2730 188 2784 sed
207 2742 302 2784 tamen
309 2730 371 2784 aliis
386 2729 479 2784 verbis
492 2739 584 2784 utens.
601 2729 716 2782 Summa
725 2728 768 2782 rei
786 2739 826 2782 est
839 2729 917 2784 haec:

139 2817 285 2871 ilbarietto
305 2816 416 2883 Gallus,
434 2832 536 2888 magna
550 2815 594 2868 vir
616 2813 750 2888 praeditus
762 2813 882 2870 audacia
893 2825 921 2870 et

139 2903 267 2970 viribus,
289 2920 378 2974 quum
389 2913 454 2956 ante
473 2903 579 2956 iuliani
595 2903 623 2955 in
637 2902 757 2958 Galliam
768 2901 920 2956 adventum

140 2987 270 3044 adiiictas
284 2989 453 3060 Quadorum
471 2989 681 3044 incursionibus
694 2989 777 3043 urbes
791 2989 919 3057 videret,

141 3077 294 3150 adsinnpto
308 3076 362 3130 sibi
373 3076 516 3130 latronum
529 3077 681 3144 comitatu,
696 3078 845 3130 nocturnis
855 3077 921 3130 insi·

140 3163 195 3217 diis
206 3161 355 3218 trucidare
377 3161 493 3234 Quados
514 3165 618 3239 coepit3
644 3181 730 3236 quam
743 3183 804 3218 rem
822 3175 922 3238 postea

141 3253 344 3323 sarpemenieus
362 3251 490 3304 Julianus
513 3251 728 3319 ratambabuit,
747 3261 775 3306 et
796 3251 921 3306 Chariet-

144 3349 240 3392 tonem
252 3339 422 3392 auctoritate
435 3355 486 3412 sua
496 3349 580 3410 atque
588 3337 698 3394 auxiliis
707 3337 893 3394 confirmavit.
906 3363 918 3389 ν

145 3425 211 3480 list.
221 3455 259 3465 —-·
268 3421 416 3500 Κερκίωνα]
429 3448 440 3472 ι
451 3427 546 3498 Ττορο
560 3425 686 3497 quodam
697 3435 788 3492 utens,
800 3427 866 3480 loco
878 3427 922 3480 la·

144 3521 259 3567 bonum
272 3512 478 3586 gallicanorum
494 3512 578 3587 pouit
600 3513 765 3568 Cercioncm
783 3510 922 3588 [Cercyo-

146 3598 242 3674 neml,
256 3601 395 3654 famosum
407 3601 486 3654 illum
505 3600 605 3656 Attica
616 3609 820 3675 grassatorem,
838 3617 922 3672 quem

143 3689 267 3742 Theseus
278 3689 427 3744 interiecit.
443 3691 536 3760 Atque
550 3689 610 3743 bac
625 3701 666 3744 est
681 3688 818 3764 Eunapii,
837 3705 921 3761 quam

144 3849 261 3898 taem
273 3850 407 3910 crederem,
416 3851 485 3911 cujus
493 3850 658 3900 inooluarm's
669 3852 818 3913 resistereut;
831 3865 923 3901 renim·

142 3931 222 3975 tunes
236 3927 302 3974 iiiam
315 3927 417 3988 propriae
426 3927 499 3976 instar
511 3927 639 3990 baberent,
649 3941 704 3990 que
711 3930 761 3992 jam
775 3928 924 3979 suidoditio-

143 4015 197 4052 εισι
206 4003 311 4052 ῖεείιεεί.

172 4081 286 4130 telimas
294 4093 343 4129 uos
355 4091 468 4143 mariam,
480 4079 521 4130 sed
533 4080 657 4131 victoriam
667 4081 770 4130 exordiri
782 4081 882 4132 solebat.

174 4247 245 4294 iiimc
258 4244 490 4306 (Chariettonem)
510 4246 535 4294 in
551 4245 702 4294 sodalitatem
717 4248 837 4307 receptum
859 4245 925 4294 lateri

139 4335 187 4370 mo
195 4321 364 4369 adherentem
374 4321 496 4370 babebat:
511 4325 564 4370 tum
576 4322 636 4370 etius
652 4321 794 4382 accedebat,
807 4321 926 4385 flebatque

138 4411 269 4448 numus.
302 4399 331 4446 et
341 4397 544 4458 quemadmodum
559 4400 697 4460 Pyliugorei
707 4401 774 4448 aiunt
783 4399 925 4457 monadem,

135 4477 157 4524 si
173 4475 204 4523 ad
217 4473 325 4535 dyadem
337 4473 471 4535 adjiciatur,
484 4474 548 4522 haud
557 4475 606 4536 jam
619 4476 720 4524 retinere
733 4475 846 4526 solitaria
863 4477 926 4524 nois

136 4553 278 4611 rationem,
293 4550 337 4600 sed
353 4551 453 4599 diiiundl
474 4554 546 4613 atque
558 4553 581 4600 in
593 4553 710 4614 pluralem
728 4565 856 4602 numerum
873 4566 925 4602 cre·

134 4645 225 4690 εεετες
247 4631 281 4678 ita
303 4633 430 4691 postquam
449 4629 572 4680 charietto
582 4630 722 4679 Cerdonem
739 4630 785 4680 sibi
802 4631 925 4690 adiunxit,

133 4709 209 4770 ptura
222 4711 276 4768 jam
289 4707 397 4754 [εείοοτε
406 4705 547 4767 edebantur,
557 4709 581 4755 ei
587 4707 638 4767 lam
653 4708 770 4756 sociorum
787 4707 857 4756 turba
870 4719 925 4768 pro·

133 4789 192 4846 pta·
202 4784 303 4832 ielioem
314 4783 433 4831 tactorum
442 4795 579 4831 successum
588 4781 741 4844 moriebatur.
845 4799 847 4804 ·

168 4859 301 4910 nariodo
311 4859 393 4921 intur,
404 4861 572 4921 quumetanie
580 4860 617 4907 vir
624 4861 702 4908 clarus
715 4861 776 4909 esset
789 4861 813 4908 ci
823 4860 927 4908 invictus

119 4943 161 4986 ‘et
179 4937 272 4998 insimi
287 4948 371 4984 mmm
382 4936 537 4996 gerendamm
546 4935 645 4984 audacia
653 4935 712 4984 alios
721 4937 833 4994 terreret,
845 4948 927 4984 omum

132 5031 149 5062 a
163 5012 339 5062 buccinando
351 5012 500 5074 prohibebat.

168 5093 313 5142 t'uiebaiur
323 5094 387 5140 enim
404 5095 412 5152 i
426 5093 556 5141 Charietio
567 5093 576 5152 )
591 5097 614 5141 et
624 5106 723 5154 corpore
735 5095 833 5156 gigantis
843 5107 894 5143 (τεο
904 5097 927 5144 ct

246 5189 391 5224 mmm-l
407 5189 498 5224 utstott.
515 5189 554 5224 cu.
570 5203 594 5211 ··
606 5189 657 5224 tut.
674 5190 705 5224 it.

963 475 1078 530 Pbotius
1097 473 1162 531 cod.
1186 493 1220 543 77
1246 473 1449 543 admirabatur,
1468 471 1610 544 οἰοτειότης.
1636 503 1648 526 ι
1673 481 1740 536 itin.

964 562 1071 616 Dubito
1082 579 1117 616 an
1130 573 1187 616 tam
1202 563 1303 616 insulse
1320 563 1364 616 vel
1377 565 1519 636 Euuapius
1531 565 1637 621 luserit.

1003 647 1103 702 Suidas
1116 665 1123 704 ε
1136 645 1161 703 Ἀ
1171 669 1184 702 ν
1193 668 1203 702 ε
1212 653 1302 724 ῖχεν,
1314 646 1420 707 ἐκώλυε.
1438 674 1450 699 ι
1472 647 1625 727 Χαριέττων
1639 649 1686 727 μὲν
1696 642 1741 710 oliv

964 731 1009 788 καί
1022 730 1073 811 πρὸ
1088 732 1178 791 τούτου
1198 730 1306 812 φανερός
1321 755 1358 799 τις
1378 730 1414 790 ὧν
1434 733 1479 790 καί
1501 733 1681 803 ἀνυπόστατος
1702 739 1740 816 τῷ

964 842 992 876 τε
1010 819 1176 888 πλεονάζοντι
1196 825 1242 877 τοῦ
1264 819 1420 899 δραστηρίου
1446 819 1545 900 pobbo,
1567 823 1669 901 ἀνεῖχεν
1689 825 1741 882 ἀπὸ

964 905 1086 982 λῃστείας
1122 905 1250 972 ἅπαντας.
1281 933 1293 958 ν
1328 910 1459 984 Eunapio
1492 912 1552 966 baec
1585 913 1741 968 vindicavit

963 997 1087 1050 Valesius
1099 995 1136 1052 ad
1153 997 1291 1052 Ammiau.
1304 997 1408 1065 xxti,
1428 1016 1470 1055 11.
1484 999 1524 1054 ci.
1543 1000 1669 1054 Zosimus
1679 1001 1739 1068 lll,

965 1101 992 1151 72
1010 1090 1037 1147 i·

1004 1171 1119 1226 ldemv.
1132 1171 1154 1227 Γ
1162 1167 1343 1246 ιγοιντώδης
1355 1189 1361 1228 :
1372 1195 1383 1222 ι
1395 1168 1497 1228 Ἐδόκει
1508 1169 1558 1248 γίιρ
1569 1171 1599 1228 rb
1610 1175 1687 1246 σῶμα
1697 1195 1737 1248 γι-

964 1253 1096 1329 γαντώδης
1110 1247 1174 1312 εἶναι
1190 1255 1233 1312 καί
1249 1254 1292 1312 τὸν
1309 1255 1388 1331 θυμὸν
1406 1255 1550 1333 θηριώδης,
1567 1257 1611 1315 καί
1627 1259 1652 1323 t<
1664 1256 1741 1336 ἀγχί·

965 1361 1035 1398 νοιαν
1060 1344 1112 1398 τῶν
1137 1341 1363 1418 συλλῃστευόντων
1393 1341 1517 1400 ἁπάντων
1539 1343 1742 1402 πολυπλοκώτε-

965 1447 1015 1504 ρος,
1028 1433 1113 1485 »Ηωο
1126 1449 1160 1486 ex
1172 1431 1274 1486 eodem
1286 1431 1364 1487 sonte
1375 1431 1459 1486 ducta
1471 1449 1529 1488 esse
1537 1444 1632 1488 censet
1642 1433 1741 1504 lilajus,

964 1518 1068 1572 collato
1096 1520 1208 1573 Zosimo
1230 1520 1289 1587 ΙΙΙ,
1307 1538 1333 1588 7,
1351 1538 1381 1588 1,
1404 1521 1454 1592 qui
1477 1519 1513 1574 de
1531 1519 1712 1576 Chariettone
1734 1539 1740 1574 ε

965 1601 1040 1680 Ἀνήρ
1050 1626 1088 1667 τις
1099 1593 1142 1674 ἧν,
1155 1602 1259 1678 μέγεθος
1271 1602 1393 1676 σώματος
1407 1601 1470 1682 ὑπὲρ
1480 1602 1539 1669 τοὺς
1549 1603 1641 1670 σίλλους
1657 1603 1742 1661 ἀπαν-

963 1713 1009 1757 τας
1022 1687 1101 1768 ἔχων,
1114 1691 1159 1748 καὶ
1172 1689 1219 1759 τὴν
1234 1689 1353 1768 ἀνδρείαν
1366 1689 1491 1767 ἀνάλογον
1507 1695 1544 1770 τῷ
1562 1689 1675 1766 σώματι.

1331 1878 1376 1914 ia.

1005 2039 1073 2090 Ere.
1089 2038 1132 2090 Dc
1144 2037 1227 2109 legat.
1242 2055 1273 2108 p.
1291 2033 1324 2088 15
1338 2035 1371 2091 P.
1386 2033 1430 2106 (tt
1445 2031 1494 2106 V.)
1514 2053 1520 2086 :
1536 2028 1600 2090 Ὅτι
1615 2035 1658 2088 τοῦ
1674 2029 1743 2090 ‘loos

964 2122 1054 2180 λιανοῦ
1069 2123 1094 2186 ές
1107 2120 1154 2191 την
1166 2119 1294 2196 πολεμίαν
1308 2124 1469 2198 χωροῦντος,
1483 2117 1527 2176 καί
1540 2121 1591 2175 τῶν
1604 2117 1742 2194 Χαμοίύιον

964 2206 1129 2266 ἱκετευόντων
1145 2208 1276 2286 φείδεσθαι
1297 2206 1342 2264 καί
1355 2205 1452 2274 ταύτης
1466 2208 1501 2270 ὡς
1522 2204 1632 2282 οἰκείας,
1646 2209 1660 2263 δ
1675 2205 1744 2264 Ἰου-

965 2294 1050 2360 λιανὸς
1074 2294 1231 2374 συνεχώρει,
1254 2293 1299 2352 καί
1318 2293 1362 2351 τὸν
1386 2293 1496 2371 βασιλέα
1519 2296 1591 2372 σφῶν
1612 2295 1744 2370 προελθεῖν

966 2381 1104 2452 κελεύσας,
1129 2380 1217 2452 ἐπειδὴ
1239 2382 1352 2459 προῆλθε
1373 2380 1418 2438 καί
1442 2379 1486 2436 tut
1509 2383 1555 2446 τῆς
1575 2378 1654 2456 ὄγθης
1676 2369 1743 2436 εἶδεν

965 2465 1201 2539 ἑστηκότα,·έπι6δις
1208 2467 1300 2524 πλοίου
1308 2467 1347 2542 (τὸ
1353 2467 1443 2524 πλοῖον
1456 2457 1573 2543 οίίνέχων
1583 2444 1629 2540 (ip
1645 2464 1743 2542 ίκτδςί)

965 2554 1154 2630 τοξεύματος),
1167 2551 1280 2632 ἑρμηνέα
1295 2553 1364 2632 ἔχων
1379 2552 1508 2630 διελέγετο
1523 2561 1575 2617 τοῖς
1590 2551 1741 2630 βαρὸοίροις.

965 2643 1093 2702 Ἐκείνων
1106 2641 1133 2700 δὲ
1146 2641 1231 2698 πάντα
1241 2649 1323 2699 ποιεῖν
1332 2640 1412 2700 ὄντων
1425 2641 1545 2717 ἑτοίμων,
1556 2643 1620 2718 δρῶν
1632 2639 1745 2717 εὐπρόσ-

965 2727 1036 2786 ωπόν
1049 2751 1077 2786 τε
1094 2727 1151 2802 ἀμα
1171 2727 1215 2785 καὶ
1235 2727 1380 2803 ἀναγκαίαν
1399 2731 1470 2804 αύτῷ
1489 2729 1537 2797 την
1552 2725 1656 2803 εἰρήνην
1672 2725 1746 2805 (Χα-

966 2813 1058 2890 μάὸων
1083 2812 1134 2893 γὰρ
1156 2811 1193 2891 μὴ
1220 2813 1384 2892 βουλομένων
1404 2812 1529 2872 ἀδύνατόν
1552 2813 1606 2870 ἐστι
1627 2811 1674 2882 τὴν
1697 2815 1745 2880 τῆς

966 2904 1141 2978 Βρεττανικῆς
1150 2900 1229 2969 νήσου
1237 2900 1413 2976 σιτοπομπίαν
1425 2900 1466 2958 ἐπί
1475 2899 1507 2958 rit
1516 2898 1657 2973 Ῥωμαϊκὰ
1668 2897 1747 2978 φρού-

972 3010 1014 3067 ρια
1029 2985 1237 3066 διαπέμπεσθαι)
1247 3034 1254 3060 ,
1264 2986 1447 3063 καμπτόμενος
1456 2986 1505 3044 ὑπὸ
1515 2991 1561 3055 τῆς
1571 2985 1660 3064 χρείας
1670 2985 1747 3062 χαρί-
1778 2993 1782 3003 “

966 3078 1036 3143 ζεται
1050 3073 1096 3143 την
1111 3074 1225 3154 εἰρήνην,
1237 3073 1282 3132 καί
1294 3074 1381 3154 δμηρα
1395 3075 1452 3152 ᾔτει
1466 3073 1556 3132 λαθεῖν
1569 3073 1681 3136 πίστεως
1692 3069 1746 3130 iva·

966 3187 1020 3222 κεν.
1062 3165 1124 3222 Τῶν
1147 3161 1175 3219 δὲ
1195 3161 1298 3228 ἱκανούς
1320 3153 1385 3220 εἰναι
1403 3158 1586 3242 αἰχμαλώτους
1608 3159 1744 3236 λεγόντων,

967 3249 1076 3316 ἐκείνους
1089 3247 1136 3328 ἔφη
1158 3249 1201 3307 τδν
1215 3249 1330 3324 πόλεμον
1345 3251 1415 3328 αύτῷ
1430 3247 1584 3318 δεδωκέναι,
1603 3246 1660 3306 καθ’
1679 3249 1745 3321 ὁμο-

967 3335 1057 3413 λογίαν
1068 3336 1119 3416 γίιρ
1134 3335 1171 3410 μὴ
1187 3337 1292 3394 λαύεῒν·
1307 3335 1360 3394 νυνί
1375 3336 1403 3396 δε
1418 3339 1502 3406 ζητεῖν
1516 3333 1578 3412 παρ’
1593 3337 1677 3392 αὐτῶν
1688 3331 1746 3398 τούς

969 3425 1104 3503 ἀρίστους,
1120 3425 1143 3480 εἰ
1156 3422 1193 3500 μὴ
1206 3422 1359 3502 τεχνάζουσι
1372 3423 1432 3502 περί
1445 3422 1493 3493 τὴν
1509 3421 1624 3498 εἰρήνην.
1640 3424 1702 3480 Τῶν
1718 3419 1746 3476 δὲ

968 3511 1137 3570 ἱκετευόντων
1150 3509 1196 3568 καί
1211 3509 1350 3578 ἀξιούντων
1365 3511 1446 3568 εἰπεῖν
1458 3507 1500 3574 οθς
1515 3507 1650 3586 βούλεται,
1664 3529 1747 3581 μετα·

970 3598 1059 3657 λαθὼν
1070 3589 1142 3664 αύθις
1154 3597 1197 3655 τὸν
1208 3603 1253 3656 τοῦ
1273 3596 1399 3676 βασιλέως
1413 3599 1498 3654 αὐτῶν
1518 3598 1629 3653 αἰτεῖται
1650 3593 1747 3662 παῖδα,

970 3683 1161 3760 πλαττόμενος,
1175 3682 1203 3741 ὃν
1218 3674 1287 3762 εἶχεν
1296 3683 1482 3762 αἰχμάλωτον,
1502 3679 1591 3760 ὥσπερ
1606 3680 1653 3740 ούκ
1668 3677 1747 3758 ἔχων.

1691 3800 1739 3808 —-.

969 3852 1048 3900 animo
1059 3853 1133 3901 lerino
1140 3857 1164 3901 et
1172 3851 1257 3914 ingenii
1264 3850 1375 3900 acumine
1382 3853 1406 3900 et
1413 3850 1558 3898 doloomnes
1568 3847 1747 3896 latrociniorum

969 3941 1068 3977 suorum
1078 3929 1156 3978 socios
1167 3930 1236 3990 longe
1247 3940 1367 3991 superare.

1000 4097 1080 4150 Quum
1091 4093 1201 4142 Julianus
1209 4091 1234 4139 in
1243 4093 1331 4140 terram
1340 4090 1450 4138 hostilem
1461 4089 1592 4150 irrupisset,
1603 4088 1627 4135 ct
1635 4085 1750 4134 cliamavi

969 4170 1141 4230 supplicarent,
1152 4171 1179 4217 ui
1196 4168 1274 4230 genii,
1287 4171 1401 4228 tanquam
1416 4179 1471 4228 quae
1490 4178 1533 4214 sua
1544 4167 1614 4224 esset,
1628 4166 1750 4226 parceret,

970 4258 1078 4295 assensus
1089 4249 1139 4306 esi,
1152 4248 1176 4294 ei
1186 4257 1269 4293 corum
1282 4257 1361 4306 regem
1371 4242 1400 4290 ad
1412 4257 1437 4292 se
1448 4243 1528 4294 vestire
1536 4241 1614 4303 jussit.
1626 4243 1658 4290 Ui
1671 4239 1746 4298 veuit,

969 4327 994 4373 et
1010 4338 1065 4373 eum
1078 4324 1107 4372 ad
1121 4325 1194 4386 ripam
1205 4325 1308 4374 stautcm
1323 4322 1394 4382 vidit,
1414 4333 1500 4369 narem
1518 4318 1663 4368 adscendens
1682 4317 1750 4384 (erat

970 4403 1051 4450 autem
1064 4402 1131 4450 naris
1145 4402 1213 4449 extra
1222 4400 1360 4460 tciijactum
1371 4400 1393 4460 ),
1411 4412 1452 4461 per
1461 4397 1615 4458 interpretem
1630 4407 1686 4442 cum
1699 4392 1752 4440 liar·

970 4477 1156 4526 harisdisscruit.
1168 4479 1249 4534 Quum
1262 4489 1320 4524 roro
1330 4474 1444 4537 iiiiparati
1453 4476 1530 4522 esent
1540 4472 1654 4532 imperata
1665 4469 1751 4528 iacere,

970 4557 994 4604 et
1006 4553 1097 4603 videret
1108 4566 1193 4616 paoem
1209 4555 1410 4615 peropportunam
1422 4564 1472 4599 esse
1481 4553 1506 4598 et
1517 4547 1673 4598 necessariam
1687 4547 1751 4606 iete-

971 4632 1020 4681 nim
1031 4631 1160 4681 (thamaris
1171 4629 1266 4689 invitis,
1278 4642 1291 4677 e
1304 4629 1425 4678 Britannia
1435 4627 1512 4676 insuia
1524 4625 1637 4675 Romanis
1653 4622 1752 4672 coloniis

970 4710 1118 4756 commeatus
1133 4706 1230 4755 immitti
1248 4705 1401 4768 nequeunt),
1411 4705 1514 4752 utilitate
1526 4702 1656 4762 adductus,
1669 4711 1752 4761 pacem

971 4783 1077 4842 indulsit,
1090 4786 1114 4833 et
1124 4783 1177 4832 iidei
1191 4781 1312 4830 armantia
1327 4781 1402 4843 gratia
1414 4779 1506 4828 obsides
1516 4779 1592 4841 petiit.
1624 4781 1704 4833 Quuiu
1714 4775 1752 4822 ‹li-

971 4862 1052 4909 cerent
1068 4859 1165 4908 idoneos
1180 4871 1231 4908 esse
1243 4871 1285 4908 eos
1295 4857 1337 4919 qui
1356 4858 1380 4906 in
1396 4856 1459 4905 bello
1473 4856 1536 4917 capti
1548 4857 1642 4913 essem,
1653 4853 1696 4900 iios
1705 4851 1756 4899 liei.

972 4937 1324 4998 iumdixitsibitradidisse,es
1334 4930 1753 4994 ioedcreminimesumpsisscmunc

972 5017 1053 5064 autem
1072 5015 1200 5063 nobiliores
1210 5012 1344 5075 postulare,
1362 5013 1406 5061 nisi
1418 5010 1532 5073 qiiiddoti
1546 5011 1569 5058 in
1586 5020 1643 5072 pace
1664 5018 1752 5056 couve-

974 5091 1059 5142 nieuda
1077 5092 1246 5153 excogitarent,
1281 5093 1362 5150 Quum
1377 5089 1496 5151 supplices
1510 5088 1606 5140 orarent
1620 5087 1693 5145 atquc
1708 5083 1751 5132 ob·

1635 5176 1648 5213 ο
