<?xml version="1.0" encoding="UTF-8"?>
<!DOCTYPE html PUBLIC "-//W3C//DTD XHTML 1.0 Transitional//EN"
    "http://www.w3.org/TR/xhtml1/DTD/xhtml1-transitional.dtd">
<html xmlns="http://www.w3.org/1999/xhtml" xml:lang="en" lang="en">
 <head>
  <title>
</title>
<meta http-equiv="Content-Type" content="text/html;charset=utf-8" />
  <meta name='ocr-system' content='tesseract 3.04.00' />
  <meta name='ocr-capabilities' content='ocr_page ocr_carea ocr_par ocr_line ocrx_word'/>
</head>
<body>
  <div class='ocr_page' id='page_1' title='image "./fragmentahistor01antgoog/fragmentahistor01antgoog_0054.png"; bbox 0 0 3842 5726; ppageno 0'>
   <div class='ocr_carea' id='block_1_1' title="bbox 90 2208 355 2292">
    <p class='ocr_par' dir='ltr' id='par_1_1' title="bbox 90 2208 355 2292">
     <span class='ocr_line' id='line_1_1' title="bbox 90 2208 355 2292; baseline -0.011 -27"><span class='ocrx_word' id='word_1_1' title='bbox 90 2283 92 2292; x_wconf 92' lang='lat'><em>.</em></span> <span class='ocrx_word' id='word_1_2' title='bbox 185 2215 257 2284; x_wconf 73' lang='lat' dir='ltr'>sug.</span> <span class='ocrx_word' id='word_1_3' title='bbox 274 2208 355 2283; x_wconf 79' lang='grc' dir='ltr'>ιιι).</span> 
     </span>
    </p>
   </div>
   <div class='ocr_carea' id='block_1_2' title="bbox 198 331 1175 398">
    <p class='ocr_par' dir='ltr' id='par_1_2' title="bbox 198 331 1175 398">
     <span class='ocr_line' id='line_1_2' title="bbox 198 331 1175 398; baseline 0.014 -14"><span class='ocrx_word' id='word_1_4' title='bbox 198 337 235 385; x_wconf 80' lang='lat' dir='ltr'>tu</span> <span class='ocrx_word' id='word_1_5' title='bbox 811 331 969 394; x_wconf 73' lang='lat' dir='ltr'>enutrit</span> <span class='ocrx_word' id='word_1_6' title='bbox 992 333 1175 398; x_wconf 75' lang='lat' dir='ltr'>staulam</span> 
     </span>
    </p>
   </div>
   <div class='ocr_carea' id='block_1_3' title="bbox 185 454 1796 2200">
    <p class='ocr_par' dir='ltr' id='par_1_3' title="bbox 185 454 1796 2200">
     <span class='ocr_line' id='line_1_3' title="bbox 191 454 1787 557; baseline 0.017 -43"><span class='ocrx_word' id='word_1_7' title='bbox 191 454 281 536; x_wconf 75' lang='grc' dir='ltr'>ὥσπερ</span> <span class='ocrx_word' id='word_1_8' title='bbox 292 455 350 515; x_wconf 82' lang='grc' dir='ltr'>τινίε</span> <span class='ocrx_word' id='word_1_9' title='bbox 360 457 488 538; x_wconf 76' lang='grc' dir='ltr'>θησαυρόν</span> <span class='ocrx_word' id='word_1_10' title='bbox 500 458 647 538; x_wconf 82' lang='grc' dir='ltr'>ἀπόρρητον</span> <span class='ocrx_word' id='word_1_11' title='bbox 659 463 688 521; x_wconf 85' lang='grc' dir='ltr'>οὑ</span> <span class='ocrx_word' id='word_1_12' title='bbox 701 461 839 539; x_wconf 88' lang='grc' dir='ltr'>διιγόμνου</span> <span class='ocrx_word' id='word_1_13' title='bbox 850 464 896 523; x_wconf 80' lang='grc' dir='ltr'>καὶ</span> <span class='ocrx_word' id='word_1_14' title='bbox 908 467 970 525; x_wconf 85' lang='grc' dir='ltr'>ἀπε·</span> <span class='ocrx_word' id='word_1_15' title='bbox 1015 467 1121 550; x_wconf 79' lang='grc' dir='ltr'>φύσεσιν</span> <span class='ocrx_word' id='word_1_16' title='bbox 1134 475 1149 531; x_wconf 88' lang='grc' dir='ltr'>θ</span> <span class='ocrx_word' id='word_1_17' title='bbox 1163 470 1218 539; x_wconf 89' lang='grc' dir='ltr'>θεδς</span> <span class='ocrx_word' id='word_1_18' title='bbox 1229 471 1407 552; x_wconf 72' lang='grc' dir='ltr'>ἐγκατέμιξεν,</span> <span class='ocrx_word' id='word_1_19' title='bbox 1423 475 1514 557; x_wconf 82' lang='grc' dir='ltr'>ὥσπερ</span> <span class='ocrx_word' id='word_1_20' title='bbox 1534 487 1587 546; x_wconf 86' lang='grc' dir='ltr'>τοῖς</span> <span class='ocrx_word' id='word_1_21' title='bbox 1600 481 1723 550; x_wconf 83' lang='grc' dir='ltr'>ὀστακοῖς</span> <span class='ocrx_word' id='word_1_22' title='bbox 1737 481 1787 555; x_wconf 77' lang='grc' dir='ltr'>πλυ</span> 
     </span>
     <span class='ocr_line' id='line_1_4' title="bbox 191 537 1796 644; baseline 0.017 -44"><span class='ocrx_word' id='word_1_23' title='bbox 191 545 333 605; x_wconf 86' lang='grc' dir='ltr'>κάλυπτεν.</span> <span class='ocrx_word' id='word_1_24' title='bbox 345 543 450 625; x_wconf 74' lang='grc' dir='ltr'>Ὠσπερ</span> <span class='ocrx_word' id='word_1_25' title='bbox 461 537 504 604; x_wconf 82' lang='grc' dir='ltr'>οὑν</span> <span class='ocrx_word' id='word_1_26' title='bbox 516 556 569 614; x_wconf 87' lang='grc' dir='ltr'>τοῖς</span> <span class='ocrx_word' id='word_1_27' title='bbox 579 547 707 628; x_wconf 86' lang='grc' dir='ltr'>γράφουσι</span> <span class='ocrx_word' id='word_1_28' title='bbox 719 550 765 618; x_wconf 87' lang='grc' dir='ltr'>τθις</span> <span class='ocrx_word' id='word_1_29' title='bbox 775 551 875 618; x_wconf 81' lang='grc' dir='ltr'>εἰκόνας</span> <span class='ocrx_word' id='word_1_30' title='bbox 886 553 930 611; x_wconf 86' lang='grc' dir='ltr'>καί</span> <span class='ocrx_word' id='word_1_31' title='bbox 940 554 969 613; x_wconf 83' lang='grc' dir='ltr'>τὸ</span> <span class='ocrx_word' id='word_1_32' title='bbox 1016 559 1175 618; x_wconf 91' lang='grc' dir='ltr'>ἐπικίνδυνον</span> <span class='ocrx_word' id='word_1_33' title='bbox 1189 559 1271 639; x_wconf 79' lang='grc' dir='ltr'>χολὴν</span> <span class='ocrx_word' id='word_1_34' title='bbox 1286 561 1330 620; x_wconf 79' lang='grc' dir='ltr'>καί</span> <span class='ocrx_word' id='word_1_35' title='bbox 1340 565 1394 631; x_wconf 83' lang='grc' dir='ltr'>τοῖς</span> <span class='ocrx_word' id='word_1_36' title='bbox 1406 564 1488 644; x_wconf 72' lang='grc' dir='ltr'>ῥόδοις</span> <span class='ocrx_word' id='word_1_37' title='bbox 1505 565 1632 640; x_wconf 76' lang='grc' dir='ltr'>ἀκάνθας,</span> <span class='ocrx_word' id='word_1_38' title='bbox 1646 567 1715 628; x_wconf 87' lang='grc' dir='ltr'>οὑτω</span> <span class='ocrx_word' id='word_1_39' title='bbox 1735 575 1796 638; x_wconf 88' lang='grc' dir='ltr'>ταῖς</span> 
     </span>
     <span class='ocr_line' id='line_1_5' title="bbox 190 629 1794 736; baseline 0.016 -46"><span class='ocrx_word' id='word_1_40' title='bbox 190 629 260 690; x_wconf 83' lang='grc' dir='ltr'>δοθθν</span> <span class='ocrx_word' id='word_1_41' title='bbox 275 631 445 710; x_wconf 89' lang='grc' dir='ltr'>παράδειγμα</span> <span class='ocrx_word' id='word_1_42' title='bbox 457 634 691 712; x_wconf 80' lang='grc' dir='ltr'>χαρακιηρίζουσιν</span> <span class='ocrx_word' id='word_1_43' title='bbox 706 636 826 694; x_wconf 75' lang='grc' dir='ltr'>ἐπιτείνει</span> <span class='ocrx_word' id='word_1_44' title='bbox 840 637 887 708; x_wconf 83' lang='grc' dir='ltr'>τὴν</span> <span class='ocrx_word' id='word_1_45' title='bbox 908 641 969 720; x_wconf 85' lang='grc' dir='ltr'>περὶ</span> <span class='ocrx_word' id='word_1_46' title='bbox 1015 643 1140 713; x_wconf 72' lang='grc' dir='ltr'>ἐξουσίαις</span> <span class='ocrx_word' id='word_1_47' title='bbox 1155 649 1382 728; x_wconf 83' lang='grc' dir='ltr'>συγκατασπείρας</span> <span class='ocrx_word' id='word_1_48' title='bbox 1403 651 1451 722; x_wconf 78' lang='grc' dir='ltr'>τὴν</span> <span class='ocrx_word' id='word_1_49' title='bbox 1469 653 1564 724; x_wconf 76' lang='grc' dir='ltr'>ἡδονὴν</span> <span class='ocrx_word' id='word_1_50' title='bbox 1586 657 1632 715; x_wconf 81' lang='grc' dir='ltr'>καί</span> <span class='ocrx_word' id='word_1_51' title='bbox 1654 659 1794 736; x_wconf 74' lang='grc' dir='ltr'>ῥαθυμίαν,</span> 
     </span>
     <span class='ocr_line' id='line_1_6' title="bbox 188 717 1794 814; baseline 0.014 -38"><span class='ocrx_word' id='word_1_52' title='bbox 188 717 328 799; x_wconf 82' lang='grc' dir='ltr'>πρόσωπον</span> <span class='ocrx_word' id='word_1_53' title='bbox 338 720 480 795; x_wconf 84' lang='grc' dir='ltr'>ὁμοιότητα</span> <span class='ocrx_word' id='word_1_54' title='bbox 491 721 573 800; x_wconf 88' lang='grc' dir='ltr'>μικρά</span> <span class='ocrx_word' id='word_1_55' title='bbox 583 745 641 780; x_wconf 89' lang='grc' dir='ltr'>τινα</span> <span class='ocrx_word' id='word_1_56' title='bbox 654 725 705 780; x_wconf 88' lang='grc' dir='ltr'>τῶν</span> <span class='ocrx_word' id='word_1_57' title='bbox 716 723 891 800; x_wconf 79' lang='grc' dir='ltr'>ὑποκειμένων</span> <span class='ocrx_word' id='word_1_58' title='bbox 903 749 968 803; x_wconf 91' lang='grc' dir='ltr'>συμ-</span> <span class='ocrx_word' id='word_1_59' title='bbox 1014 732 1048 789; x_wconf 89' lang='grc' dir='ltr'>δι’</span> <span class='ocrx_word' id='word_1_60' title='bbox 1059 733 1103 808; x_wconf 71' lang='grc' dir='ltr'>ἣν,</span> <span class='ocrx_word' id='word_1_61' title='bbox 1118 734 1206 793; x_wconf 87' lang='grc' dir='ltr'>πάντα</span> <span class='ocrx_word' id='word_1_62' title='bbox 1220 735 1275 803; x_wconf 83' lang='grc' dir='ltr'>ἐξὸν</span> <span class='ocrx_word' id='word_1_63' title='bbox 1288 739 1324 803; x_wconf 82' lang='grc' dir='ltr'>εἰς</span> <span class='ocrx_word' id='word_1_64' title='bbox 1343 738 1406 814; x_wconf 87' lang='grc' dir='ltr'>μίαν</span> <span class='ocrx_word' id='word_1_65' title='bbox 1420 743 1584 814; x_wconf 76' lang='grc' dir='ltr'>μεταστῆσαι</span> <span class='ocrx_word' id='word_1_66' title='bbox 1602 717 1735 802; x_wconf 66' lang='grc' dir='ltr'>πολιάείσν</span> <span class='ocrx_word' id='word_1_67' title='bbox 1746 747 1794 804; x_wconf 76' lang='grc' dir='ltr'>χαλ</span> 
     </span>
     <span class='ocr_line' id='line_1_7' title="bbox 188 805 1795 908; baseline 0.018 -45"><span class='ocrx_word' id='word_1_68' title='bbox 188 805 284 878; x_wconf 81' lang='grc' dir='ltr'>όόλων,</span> <span class='ocrx_word' id='word_1_69' title='bbox 302 806 347 864; x_wconf 81' lang='grc' dir='ltr'>καί</span> <span class='ocrx_word' id='word_1_70' title='bbox 361 811 377 876; x_wconf 78' lang='grc' dir='ltr'>ἡ</span> <span class='ocrx_word' id='word_1_71' title='bbox 392 807 460 887; x_wconf 79' lang='grc' dir='ltr'>ρυτλς</span> <span class='ocrx_word' id='word_1_72' title='bbox 472 806 516 864; x_wconf 78' lang='grc' dir='ltr'>ἐπὶ</span> <span class='ocrx_word' id='word_1_73' title='bbox 527 813 572 868; x_wconf 81' lang='grc' dir='ltr'>τοῦ</span> <span class='ocrx_word' id='word_1_74' title='bbox 585 807 708 886; x_wconf 87' lang='grc' dir='ltr'>μετώπου</span> <span class='ocrx_word' id='word_1_75' title='bbox 721 811 966 890; x_wconf 80' lang='grc' dir='ltr'>διακεχαραγμένη,</span> <span class='ocrx_word' id='word_1_76' title='bbox 1015 820 1177 899; x_wconf 80' lang='grc' dir='ltr'>συναρμόσαι</span> <span class='ocrx_word' id='word_1_77' title='bbox 1199 822 1229 882; x_wconf 85' lang='grc' dir='ltr'>τὸ</span> <span class='ocrx_word' id='word_1_78' title='bbox 1250 823 1420 904; x_wconf 85' lang='grc' dir='ltr'>ἀνθρώπινον,</span> <span class='ocrx_word' id='word_1_79' title='bbox 1445 831 1472 886; x_wconf 87' lang='grc' dir='ltr'>αί</span> <span class='ocrx_word' id='word_1_80' title='bbox 1495 831 1625 908; x_wconf 88' lang='grc' dir='ltr'>βασιλεῖαι</span> <span class='ocrx_word' id='word_1_81' title='bbox 1648 834 1678 890; x_wconf 81' lang='grc' dir='ltr'>τὸ</span> <span class='ocrx_word' id='word_1_82' title='bbox 1701 835 1795 905; x_wconf 80' lang='grc' dir='ltr'>θνητὸν</span> 
     </span>
     <span class='ocr_line' id='line_1_8' title="bbox 188 893 1796 994; baseline 0.007 -44"><span class='ocrx_word' id='word_1_83' title='bbox 188 893 206 964; x_wconf 72' lang='grc' dir='ltr'>ἡ</span> <span class='ocrx_word' id='word_1_84' title='bbox 223 916 261 960; x_wconf 90' lang='grc' dir='ltr'>τις</span> <span class='ocrx_word' id='word_1_85' title='bbox 274 895 356 960; x_wconf 82' lang='grc' dir='ltr'>ἴονθος</span> <span class='ocrx_word' id='word_1_86' title='bbox 371 896 576 973; x_wconf 83' lang='grc' dir='ltr'>παρανατέλλων</span> <span class='ocrx_word' id='word_1_87' title='bbox 592 895 665 976; x_wconf 78' lang='grc' dir='ltr'>παρὰ</span> <span class='ocrx_word' id='word_1_88' title='bbox 676 897 706 956; x_wconf 82' lang='grc' dir='ltr'>τό</span> <span class='ocrx_word' id='word_1_89' title='bbox 717 897 823 975; x_wconf 88' lang='grc' dir='ltr'>γένειον,</span> <span class='ocrx_word' id='word_1_90' title='bbox 837 899 855 970; x_wconf 75' lang='grc' dir='ltr'><strong>ἢ</strong></span> <span class='ocrx_word' id='word_1_91' title='bbox 869 899 968 959; x_wconf 83' lang='grc' dir='ltr'>τοιοῦτό</span> <span class='ocrx_word' id='word_1_92' title='bbox 1014 915 1160 968; x_wconf 66' lang='grc' dir='ltr'>σκοποῦσαι</span> <span class='ocrx_word' id='word_1_93' title='bbox 1179 910 1245 990; x_wconf 75' lang='grc' dir='ltr'>πρὸς</span> <span class='ocrx_word' id='word_1_94' title='bbox 1264 911 1294 969; x_wconf 64' lang='grc' dir='ltr'>τὸ</span> <span class='ocrx_word' id='word_1_95' title='bbox 1307 912 1356 983; x_wconf 72' lang='grc' dir='ltr'>ἡδὺ</span> <span class='ocrx_word' id='word_1_96' title='bbox 1377 915 1587 994; x_wconf 56' lang='grc' dir='ltr'>χαταφέρ,ντ,,,</span> <span class='ocrx_word' id='word_1_97' title='bbox 1610 918 1640 978; x_wconf 70' lang='grc' dir='ltr'>,ὸ</span> <span class='ocrx_word' id='word_1_98' title='bbox 1656 924 1701 991; x_wconf 64' lang='grc' dir='ltr'>,ἧς</span> <span class='ocrx_word' id='word_1_99' title='bbox 1720 921 1796 994; x_wconf 61' lang='grc' dir='ltr'>δόξης</span> 
     </span>
     <span class='ocr_line' id='line_1_9' title="bbox 187 981 1669 1081; baseline 0.009 -28"><span class='ocrx_word' id='word_1_100' title='bbox 187 1005 213 1040; x_wconf 63' lang='grc' dir='ltr'>τί</span> <span class='ocrx_word' id='word_1_101' title='bbox 236 981 329 1061; x_wconf 54' lang='lat' dir='ltr'>indidi</span> <span class='ocrx_word' id='word_1_102' title='bbox 354 983 400 1040; x_wconf 63' lang='grc' dir='ltr'>καί</span> <span class='ocrx_word' id='word_1_103' title='bbox 422 983 643 1062; x_wconf 59' lang='grc' dir='ltr'>παρημέλημένθν</span> <span class='ocrx_word' id='word_1_104' title='bbox 665 989 717 1042; x_wconf 66' lang='grc' dir='ltr'>τῶν</span> <span class='ocrx_word' id='word_1_105' title='bbox 738 985 806 1044; x_wconf 61' lang='grc' dir='ltr'>κατὰ</span> <span class='ocrx_word' id='word_1_106' title='bbox 829 985 877 1056; x_wconf 56' lang='lat' dir='ltr'>fd*</span> <span class='ocrx_word' id='word_1_107' title='bbox 899 989 966 1068; x_wconf 66' lang='grc' dir='ltr'>ὄψίν,</span> <span class='ocrx_word' id='word_1_108' title='bbox 1018 995 1145 1055; x_wconf 85' lang='grc' dir='ltr'>ἀθάνατον</span> <span class='ocrx_word' id='word_1_109' title='bbox 1160 999 1437 1068; x_wconf 79' lang='grc' dir='ltr'>οὖκέξετάζουσαικαὶ</span> <span class='ocrx_word' id='word_1_110' title='bbox 1451 1005 1669 1081; x_wconf 87' lang='grc' dir='ltr'>παρεκλέγουσαι.</span> 
     </span>
     <span class='ocr_line' id='line_1_10' title="bbox 186 1065 1791 1173; baseline 0.015 -45"><span class='ocrx_word' id='word_1_111' title='bbox 186 1069 201 1128; x_wconf 85' lang='grc' dir='ltr'>θ</span> <span class='ocrx_word' id='word_1_112' title='bbox 217 1069 348 1150; x_wconf 79' lang='grc' dir='ltr'>παροφθὲν</span> <span class='ocrx_word' id='word_1_113' title='bbox 360 1069 408 1147; x_wconf 82' lang='grc' dir='ltr'>μέν</span> <span class='ocrx_word' id='word_1_114' title='bbox 424 1073 474 1149; x_wconf 83' lang='grc' dir='ltr'>οὐχ</span> <span class='ocrx_word' id='word_1_115' title='bbox 486 1073 631 1152; x_wconf 89' lang='grc' dir='ltr'>ὑπογράφει</span> <span class='ocrx_word' id='word_1_116' title='bbox 642 1072 672 1130; x_wconf 87' lang='grc' dir='ltr'>τὸ</span> <span class='ocrx_word' id='word_1_117' title='bbox 686 1065 768 1146; x_wconf 78' lang='grc' dir='ltr'>εἶδος,</span> <span class='ocrx_word' id='word_1_118' title='bbox 783 1075 926 1153; x_wconf 75' lang='grc' dir='ltr'>ἀκριθωθέν</span> <span class='ocrx_word' id='word_1_119' title='bbox 940 1075 967 1134; x_wconf 83' lang='grc' dir='ltr'>δὲ</span> <span class='ocrx_word' id='word_1_120' title='bbox 1053 1087 1095 1144; x_wconf 85' lang='lat' dir='ltr'>Cl.</span> <span class='ocrx_word' id='word_1_121' title='bbox 1112 1090 1232 1164; x_wconf 86' lang='lat' dir='ltr'>Eunapii</span> <span class='ocrx_word' id='word_1_122' title='bbox 1247 1091 1390 1164; x_wconf 82' lang='lat' dir='ltr'><strong>epitomen</strong></span> <span class='ocrx_word' id='word_1_123' title='bbox 1404 1093 1433 1146; x_wconf 89' lang='lat' dir='ltr'>in</span> <span class='ocrx_word' id='word_1_124' title='bbox 1444 1095 1548 1150; x_wconf 88' lang='lat' dir='ltr'>Zosim.</span> <span class='ocrx_word' id='word_1_125' title='bbox 1565 1097 1613 1172; x_wconf 85' lang='lat' dir='ltr'>lv,</span> <span class='ocrx_word' id='word_1_126' title='bbox 1630 1097 1677 1168; x_wconf 74' lang='lat'>45,</span> <span class='ocrx_word' id='word_1_127' title='bbox 1693 1105 1714 1164; x_wconf 78' lang='lat' dir='ltr'>q·</span> <span class='ocrx_word' id='word_1_128' title='bbox 1725 1118 1791 1173; x_wconf 83' lang='lat' dir='ltr'>sqq.</span> 
     </span>
     <span class='ocr_line' id='line_1_11' title="bbox 188 1156 1195 1250; baseline 0.007 -35"><span class='ocrx_word' id='word_1_129' title='bbox 188 1156 266 1232; x_wconf 90' lang='grc' dir='ltr'>μόνον</span> <span class='ocrx_word' id='word_1_130' title='bbox 282 1157 364 1217; x_wconf 84' lang='grc' dir='ltr'>αἴτιον</span> <span class='ocrx_word' id='word_1_131' title='bbox 378 1161 423 1229; x_wconf 83' lang='grc' dir='ltr'>τῆς</span> <span class='ocrx_word' id='word_1_132' title='bbox 440 1158 591 1234; x_wconf 85' lang='grc' dir='ltr'>ὁμοιότητος</span> <span class='ocrx_word' id='word_1_133' title='bbox 604 1159 719 1238; x_wconf 88' lang='grc' dir='ltr'>γίνεται,</span> <span class='ocrx_word' id='word_1_134' title='bbox 736 1160 816 1228; x_wconf 87' lang='grc' dir='ltr'>οὑτως</span> <span class='ocrx_word' id='word_1_135' title='bbox 828 1163 910 1231; x_wconf 79' lang='grc' dir='ltr'>ἔξεστι</span> <span class='ocrx_word' id='word_1_136' title='bbox 921 1163 967 1222; x_wconf 86' lang='grc' dir='ltr'>καί</span> <span class='ocrx_word' id='word_1_137' title='bbox 1015 1171 1086 1248; x_wconf 82' lang='lat'><em>(388</em></span> <span class='ocrx_word' id='word_1_138' title='bbox 1098 1177 1168 1248; x_wconf 60' lang='grc' dir='ltr'>μ’,</span> <span class='ocrx_word' id='word_1_139' title='bbox 1177 1175 1195 1250; x_wconf 73' lang='lat' dir='ltr'>J,</span> 
     </span>
     <span class='ocr_line' id='line_1_12' title="bbox 188 1241 967 1324; baseline 0.009 -21"><span class='ocrx_word' id='word_1_140' title='bbox 188 1246 231 1303; x_wconf 78' lang='grc' dir='ltr'>ἐπὶ</span> <span class='ocrx_word' id='word_1_141' title='bbox 245 1249 317 1306; x_wconf 86' lang='grc' dir='ltr'>τοῦδε</span> <span class='ocrx_word' id='word_1_142' title='bbox 330 1252 374 1305; x_wconf 77' lang='grc' dir='ltr'>τοῦ</span> <span class='ocrx_word' id='word_1_143' title='bbox 391 1246 517 1324; x_wconf 88' lang='grc' dir='ltr'>βασιλέως</span> <span class='ocrx_word' id='word_1_144' title='bbox 533 1247 726 1320; x_wconf 77' lang='grc' dir='ltr'>συλλαμόάνειν</span> <span class='ocrx_word' id='word_1_145' title='bbox 740 1241 791 1316; x_wconf 80' lang='grc' dir='ltr'>οἷός</span> <span class='ocrx_word' id='word_1_146' title='bbox 807 1274 845 1317; x_wconf 90' lang='grc' dir='ltr'>τις</span> <span class='ocrx_word' id='word_1_147' title='bbox 861 1244 900 1322; x_wconf 68' lang='grc' dir='ltr'>ἦν,</span> <span class='ocrx_word' id='word_1_148' title='bbox 913 1243 967 1320; x_wconf 82' lang='grc' dir='ltr'>νέος</span> 
     </span>
     <span class='ocr_line' id='line_1_13' title="bbox 187 1318 1424 1417; baseline 0.007 -26"><span class='ocrx_word' id='word_1_149' title='bbox 187 1357 215 1392; x_wconf 90' lang='grc' dir='ltr'>τε</span> <span class='ocrx_word' id='word_1_150' title='bbox 230 1332 266 1394; x_wconf 79' lang='grc' dir='ltr'>ὧν</span> <span class='ocrx_word' id='word_1_151' title='bbox 282 1334 367 1393; x_wconf 83' lang='grc' dir='ltr'>καὶέν</span> <span class='ocrx_word' id='word_1_152' title='bbox 382 1333 485 1414; x_wconf 68' lang='grc' dir='ltr'>ἐξουσίᾳ</span> <span class='ocrx_word' id='word_1_153' title='bbox 504 1338 626 1414; x_wconf 78' lang='grc' dir='ltr'>βασιλικῇ</span> <span class='ocrx_word' id='word_1_154' title='bbox 639 1337 745 1417; x_wconf 80' lang='grc' dir='ltr'>τραφεὶς</span> <span class='ocrx_word' id='word_1_155' title='bbox 761 1341 791 1396; x_wconf 88' lang='grc' dir='ltr'>ἐκ</span> <span class='ocrx_word' id='word_1_156' title='bbox 803 1339 907 1410; x_wconf 80' lang='grc' dir='ltr'>παιδός,</span> <span class='ocrx_word' id='word_1_157' title='bbox 922 1340 966 1398; x_wconf 83' lang='grc' dir='ltr'>καί</span> <span class='ocrx_word' id='word_1_158' title='bbox 1378 1318 1424 1394; x_wconf 83' lang='grc'>59·</span> 
     </span>
     <span class='ocr_line' id='line_1_14' title="bbox 187 1413 1117 1508; baseline 0.008 -30"><span class='ocrx_word' id='word_1_159' title='bbox 187 1419 225 1498; x_wconf 73' lang='grc' dir='ltr'>μθ,</span> <span class='ocrx_word' id='word_1_160' title='bbox 239 1420 398 1498; x_wconf 83' lang='grc' dir='ltr'>μεμαθηκὼς</span> <span class='ocrx_word' id='word_1_161' title='bbox 412 1413 465 1480; x_wconf 78' lang='grc' dir='ltr'>οἷον</span> <span class='ocrx_word' id='word_1_162' title='bbox 480 1423 510 1480; x_wconf 84' lang='grc' dir='ltr'>τὸ</span> <span class='ocrx_word' id='word_1_163' title='bbox 524 1422 614 1503; x_wconf 84' lang='grc' dir='ltr'>ἀρχειν</span> <span class='ocrx_word' id='word_1_164' title='bbox 628 1423 673 1481; x_wconf 78' lang='grc' dir='ltr'>καὶ</span> <span class='ocrx_word' id='word_1_165' title='bbox 691 1415 743 1483; x_wconf 80' lang='grc' dir='ltr'>οἷον</span> <span class='ocrx_word' id='word_1_166' title='bbox 761 1425 790 1482; x_wconf 80' lang='grc' dir='ltr'>τὸ</span> <span class='ocrx_word' id='word_1_167' title='bbox 805 1425 965 1504; x_wconf 83' lang='grc' dir='ltr'>ἀρχόμενον·</span> <span class='ocrx_word' id='word_1_168' title='bbox 1019 1428 1036 1441; x_wconf 83' lang='grc'><strong>”</strong></span> <span class='ocrx_word' id='word_1_169' title='bbox 1052 1453 1117 1508; x_wconf 62' lang='lat' dir='ltr'><strong>lbid</strong></span> 
     </span>
     <span class='ocr_line' id='line_1_15' title="bbox 186 1498 1128 1594; baseline 0.002 -27"><span class='ocrx_word' id='word_1_170' title='bbox 186 1514 262 1568; x_wconf 77' lang='grc' dir='ltr'>τοῦτο</span> <span class='ocrx_word' id='word_1_171' title='bbox 279 1509 330 1588; x_wconf 87' lang='grc' dir='ltr'>γδιρ</span> <span class='ocrx_word' id='word_1_172' title='bbox 345 1509 460 1584; x_wconf 82' lang='grc' dir='ltr'>μάλιστα</span> <span class='ocrx_word' id='word_1_173' title='bbox 477 1511 606 1591; x_wconf 78' lang='grc' dir='ltr'>διαφαίνει</span> <span class='ocrx_word' id='word_1_174' title='bbox 626 1511 656 1569; x_wconf 75' lang='lat' dir='ltr'>ri</span> <span class='ocrx_word' id='word_1_175' title='bbox 671 1515 717 1580; x_wconf 72' lang='grc' dir='ltr'>τῆς</span> <span class='ocrx_word' id='word_1_176' title='bbox 730 1509 829 1590; x_wconf 81' lang='grc' dir='ltr'>φάσεως</span> <span class='ocrx_word' id='word_1_177' title='bbox 844 1510 964 1589; x_wconf 88' lang='grc' dir='ltr'>μέγεθος,</span> <span class='ocrx_word' id='word_1_178' title='bbox 1012 1539 1041 1594; x_wconf 69' lang='grc' dir='ltr'>γ,</span> <span class='ocrx_word' id='word_1_179' title='bbox 1121 1498 1128 1513; x_wconf 60' lang='lat'><em>⁰</em></span> 
     </span>
     <span class='ocr_line' id='line_1_16' title="bbox 187 1595 966 1676; baseline -0.003 -22"><span class='ocrx_word' id='word_1_180' title='bbox 187 1595 248 1654; x_wconf 83' lang='grc' dir='ltr'>όταν</span> <span class='ocrx_word' id='word_1_181' title='bbox 271 1595 328 1668; x_wconf 68' lang='grc' dir='ltr'>τὴνΙ</span> <span class='ocrx_word' id='word_1_182' title='bbox 339 1601 507 1676; x_wconf 87' lang='grc' dir='ltr'>προτεθεῖσαν</span> <span class='ocrx_word' id='word_1_183' title='bbox 524 1595 629 1674; x_wconf 78' lang='grc' dir='ltr'>ἀγωγὴν</span> <span class='ocrx_word' id='word_1_184' title='bbox 643 1596 688 1656; x_wconf 82' lang='grc' dir='ltr'>καλ</span> <span class='ocrx_word' id='word_1_185' title='bbox 704 1597 840 1668; x_wconf 78' lang='grc' dir='ltr'>συνήθειαν</span> <span class='ocrx_word' id='word_1_186' title='bbox 861 1595 966 1676; x_wconf 79' lang='grc' dir='ltr'>ἡφύσις</span> 
     </span>
     <span class='ocr_line' id='line_1_17' title="bbox 187 1680 965 1762; baseline 0.003 -23"><span class='ocrx_word' id='word_1_187' title='bbox 187 1681 231 1740; x_wconf 84' lang='grc' dir='ltr'>ἐπὶ</span> <span class='ocrx_word' id='word_1_188' title='bbox 244 1680 273 1740; x_wconf 85' lang='grc' dir='ltr'>ιδ</span> <span class='ocrx_word' id='word_1_189' title='bbox 285 1690 400 1762; x_wconf 83' lang='grc' dir='ltr'>κρεῖττον</span> <span class='ocrx_word' id='word_1_190' title='bbox 413 1681 496 1762; x_wconf 87' lang='grc' dir='ltr'>ἐξώσῃ</span> <span class='ocrx_word' id='word_1_191' title='bbox 509 1684 554 1742; x_wconf 85' lang='grc' dir='ltr'>καί</span> <span class='ocrx_word' id='word_1_192' title='bbox 568 1682 700 1762; x_wconf 87' lang='grc' dir='ltr'>βιάσηται.</span> <span class='ocrx_word' id='word_1_193' title='bbox 714 1682 821 1752; x_wconf 80' lang='grc' dir='ltr'>Ἔξεστι</span> <span class='ocrx_word' id='word_1_194' title='bbox 832 1685 859 1743; x_wconf 89' lang='grc' dir='ltr'>δέ</span> <span class='ocrx_word' id='word_1_195' title='bbox 875 1687 965 1761; x_wconf 88' lang='grc' dir='ltr'>μαθεῖν</span> 
     </span>
     <span class='ocr_line' id='line_1_18' title="bbox 187 1769 965 1850; baseline 0.005 -24"><span class='ocrx_word' id='word_1_196' title='bbox 187 1772 217 1827; x_wconf 85' lang='grc' dir='ltr'>ἐκ</span> <span class='ocrx_word' id='word_1_197' title='bbox 228 1772 279 1826; x_wconf 83' lang='grc' dir='ltr'>τῶν</span> <span class='ocrx_word' id='word_1_198' title='bbox 294 1770 718 1850; x_wconf 76' lang='grc' dir='ltr'>ὑποκειμένωνπαραδειγμάτων,</span> <span class='ocrx_word' id='word_1_199' title='bbox 732 1774 767 1838; x_wconf 83' lang='grc' dir='ltr'>εἰς</span> <span class='ocrx_word' id='word_1_200' title='bbox 782 1769 798 1828; x_wconf 83' lang='grc' dir='ltr'>ά</span> <span class='ocrx_word' id='word_1_201' title='bbox 817 1771 965 1848; x_wconf 88' lang='grc' dir='ltr'>συνωμολό·</span> 
     </span>
     <span class='ocr_line' id='line_1_19' title="bbox 185 1849 965 1937; baseline 0.005 -24"><span class='ocrx_word' id='word_1_202' title='bbox 185 1879 247 1931; x_wconf 90' lang='grc' dir='ltr'>γουν</span> <span class='ocrx_word' id='word_1_203' title='bbox 259 1855 371 1920; x_wconf 82' lang='grc' dir='ltr'>ἅπαντες</span> <span class='ocrx_word' id='word_1_204' title='bbox 383 1858 427 1916; x_wconf 84' lang='grc' dir='ltr'>καί</span> <span class='ocrx_word' id='word_1_205' title='bbox 441 1858 574 1934; x_wconf 85' lang='grc' dir='ltr'>ἀντέλεγεν</span> <span class='ocrx_word' id='word_1_206' title='bbox 591 1857 648 1916; x_wconf 82' lang='grc' dir='ltr'>οὐδὲ</span> <span class='ocrx_word' id='word_1_207' title='bbox 663 1849 700 1925; x_wconf 79' lang='grc' dir='ltr'>εἷς</span> <span class='ocrx_word' id='word_1_208' title='bbox 713 1862 764 1916; x_wconf 83' lang='grc' dir='ltr'>τῶν</span> <span class='ocrx_word' id='word_1_209' title='bbox 776 1857 860 1937; x_wconf 87' lang='grc' dir='ltr'>λέγειν</span> <span class='ocrx_word' id='word_1_210' title='bbox 878 1882 965 1917; x_wconf 87' lang='grc' dir='ltr'>συνει-</span> 
     </span>
     <span class='ocr_line' id='line_1_20' title="bbox 186 1943 853 2023; baseline 0.007 -22"><span class='ocrx_word' id='word_1_211' title='bbox 186 1943 312 2019; x_wconf 87' lang='grc' dir='ltr'>θισμένοιν</span> <span class='ocrx_word' id='word_1_212' title='bbox 329 1945 374 2001; x_wconf 79' lang='grc' dir='ltr'>καὶ</span> <span class='ocrx_word' id='word_1_213' title='bbox 387 1943 431 2006; x_wconf 84' lang='grc' dir='ltr'>τόν</span> <span class='ocrx_word' id='word_1_214' title='bbox 444 1945 528 2002; x_wconf 84' lang='grc' dir='ltr'>κοινὸν</span> <span class='ocrx_word' id='word_1_215' title='bbox 541 1944 674 2023; x_wconf 78' lang='grc' dir='ltr'>φληναφον</span> <span class='ocrx_word' id='word_1_216' title='bbox 689 1946 853 2018; x_wconf 81' lang='grc' dir='ltr'>ἠσκηκότων.</span> 
     </span>
     <span class='ocr_line' id='line_1_21' title="bbox 226 2033 964 2109; baseline 0.004 -22"><span class='ocrx_word' id='word_1_217' title='bbox 226 2033 414 2088; x_wconf 86' lang='lat' dir='ltr'>Probabiliter</span> <span class='ocrx_word' id='word_1_218' title='bbox 425 2034 483 2088; x_wconf 86' lang='lat' dir='ltr'>haec</span> <span class='ocrx_word' id='word_1_219' title='bbox 497 2035 534 2089; x_wconf 88' lang='lat' dir='ltr'>de</span> <span class='ocrx_word' id='word_1_220' title='bbox 548 2035 674 2090; x_wconf 88' lang='lat' dir='ltr'>Gratiani</span> <span class='ocrx_word' id='word_1_221' title='bbox 689 2036 804 2107; x_wconf 79' lang='lat' dir='ltr'>ingenio</span> <span class='ocrx_word' id='word_1_222' title='bbox 821 2036 964 2109; x_wconf 88' lang='lat' dir='ltr'>Eunapius</span> 
     </span>
     <span class='ocr_line' id='line_1_22' title="bbox 186 2121 958 2200; baseline 0.004 -24"><span class='ocrx_word' id='word_1_223' title='bbox 186 2121 331 2192; x_wconf 78' lang='lat' dir='ltr'>subjunxit</span> <span class='ocrx_word' id='word_1_224' title='bbox 354 2123 511 2176; x_wconf 84' lang='lat' dir='ltr'>narrationi</span> <span class='ocrx_word' id='word_1_225' title='bbox 530 2121 566 2176; x_wconf 90' lang='lat' dir='ltr'>de</span> <span class='ocrx_word' id='word_1_226' title='bbox 591 2133 683 2176; x_wconf 88' lang='lat' dir='ltr'>morte</span> <span class='ocrx_word' id='word_1_227' title='bbox 701 2123 882 2196; x_wconf 84' lang='lat' dir='ltr'>imperatoris</span> <span class='ocrx_word' id='word_1_228' title='bbox 908 2121 958 2200; x_wconf 85' lang='lat'>(25</span> 
     </span>
    </p>
   </div>
   <div class='ocr_carea' id='block_1_4' title="bbox 551 1453 1796 2494">
    <p class='ocr_par' dir='ltr' id='par_1_4' title="bbox 551 1453 1796 2494">
     <span class='ocr_line' id='line_1_23' title="bbox 1144 1453 1796 1542; baseline 0.018 -34"><span class='ocrx_word' id='word_1_229' title='bbox 1144 1474 1174 1528; x_wconf 92' lang='lat' dir='ltr'>p.</span> <span class='ocrx_word' id='word_1_230' title='bbox 1193 1454 1247 1510; x_wconf 84' lang='lat' dir='ltr'>u8r</span> <span class='ocrx_word' id='word_1_231' title='bbox 1268 1473 1276 1513; x_wconf 88' lang='lat'>:</span> <span class='ocrx_word' id='word_1_232' title='bbox 1290 1453 1355 1514; x_wconf 82' lang='grc' dir='ltr'>Ὅτι</span> <span class='ocrx_word' id='word_1_233' title='bbox 1367 1455 1513 1536; x_wconf 84' lang='grc' dir='ltr'>θλισθηρδν,</span> <span class='ocrx_word' id='word_1_234' title='bbox 1525 1461 1559 1524; x_wconf 83' lang='grc' dir='ltr'>ὡς</span> <span class='ocrx_word' id='word_1_235' title='bbox 1574 1457 1654 1533; x_wconf 79' lang='grc' dir='ltr'>ἔοικε,</span> <span class='ocrx_word' id='word_1_236' title='bbox 1666 1461 1712 1520; x_wconf 82' lang='grc' dir='ltr'>καί</span> <span class='ocrx_word' id='word_1_237' title='bbox 1724 1485 1796 1542; x_wconf 86' lang='grc' dir='ltr'>σφα-</span> 
     </span>
     <span class='ocr_line' id='line_1_24' title="bbox 1044 1537 1796 1628; baseline 0.017 -33"><span class='ocrx_word' id='word_1_238' title='bbox 1044 1537 1153 1618; x_wconf 88' lang='grc' dir='ltr'>ρώτερον</span> <span class='ocrx_word' id='word_1_239' title='bbox 1166 1539 1298 1619; x_wconf 72' lang='grc' dir='ltr'>ἅνθρωπος</span> <span class='ocrx_word' id='word_1_240' title='bbox 1309 1539 1370 1620; x_wconf 87' lang='grc' dir='ltr'>πρδς</span> <span class='ocrx_word' id='word_1_241' title='bbox 1381 1543 1459 1618; x_wconf 72' lang='grc' dir='ltr'>τιμὴν</span> <span class='ocrx_word' id='word_1_242' title='bbox 1471 1543 1488 1615; x_wconf 74' lang='grc' dir='ltr'>ἢ</span> <span class='ocrx_word' id='word_1_243' title='bbox 1500 1546 1644 1626; x_wconf 87' lang='grc' dir='ltr'>συμφοράν.</span> <span class='ocrx_word' id='word_1_244' title='bbox 1656 1549 1796 1628; x_wconf 82' lang='grc' dir='ltr'>Θεραπεὺ·</span> 
     </span>
     <span class='ocr_line' id='line_1_25' title="bbox 1012 1627 1796 1712; baseline 0.017 -28"><span class='ocrx_word' id='word_1_245' title='bbox 1012 1649 1102 1691; x_wconf 90' lang='grc' dir='ltr'>σαντες</span> <span class='ocrx_word' id='word_1_246' title='bbox 1114 1627 1164 1706; x_wconf 88' lang='grc' dir='ltr'>γάρ</span> <span class='ocrx_word' id='word_1_247' title='bbox 1182 1628 1226 1686; x_wconf 81' lang='grc' dir='ltr'>τὸν</span> <span class='ocrx_word' id='word_1_248' title='bbox 1245 1630 1375 1688; x_wconf 84' lang='grc' dir='ltr'>Τατιανδν</span> <span class='ocrx_word' id='word_1_249' title='bbox 1396 1635 1419 1689; x_wconf 84' lang='lat' dir='ltr'>oi</span> <span class='ocrx_word' id='word_1_250' title='bbox 1433 1631 1493 1712; x_wconf 84' lang='grc' dir='ltr'>περί</span> <span class='ocrx_word' id='word_1_251' title='bbox 1507 1632 1551 1692; x_wconf 82' lang='grc' dir='ltr'>τὸν</span> <span class='ocrx_word' id='word_1_252' title='bbox 1567 1635 1677 1711; x_wconf 79' lang='grc' dir='ltr'>βασιλέα</span> <span class='ocrx_word' id='word_1_253' title='bbox 1690 1639 1796 1697; x_wconf 86' lang='grc' dir='ltr'>Θεοδό-</span> 
     </span>
     <span class='ocr_line' id='line_1_26' title="bbox 1013 1713 1794 1800; baseline 0.015 -30"><span class='ocrx_word' id='word_1_254' title='bbox 1013 1736 1076 1784; x_wconf 90' lang='grc' dir='ltr'>σιον,</span> <span class='ocrx_word' id='word_1_255' title='bbox 1096 1713 1173 1790; x_wconf 84' lang='grc' dir='ltr'>τιμάς</span> <span class='ocrx_word' id='word_1_256' title='bbox 1193 1738 1221 1773; x_wconf 91' lang='grc' dir='ltr'>τε</span> <span class='ocrx_word' id='word_1_257' title='bbox 1239 1718 1376 1796; x_wconf 83' lang='grc' dir='ltr'>ὑπερφυεῖς</span> <span class='ocrx_word' id='word_1_258' title='bbox 1396 1719 1425 1776; x_wconf 87' lang='grc' dir='ltr'>ἐκ</span> <span class='ocrx_word' id='word_1_259' title='bbox 1450 1724 1493 1777; x_wconf 83' lang='grc' dir='ltr'>τοῦ</span> <span class='ocrx_word' id='word_1_260' title='bbox 1510 1721 1635 1798; x_wconf 89' lang='grc' dir='ltr'>βασιλέως</span> <span class='ocrx_word' id='word_1_261' title='bbox 1650 1725 1695 1781; x_wconf 83' lang='grc' dir='ltr'>καὶ</span> <span class='ocrx_word' id='word_1_262' title='bbox 1710 1749 1794 1800; x_wconf 85' lang='grc' dir='ltr'>μετα·</span> 
     </span>
     <span class='ocr_line' id='line_1_27' title="bbox 1011 1801 1793 1889; baseline 0.02 -35"><span class='ocrx_word' id='word_1_263' title='bbox 1011 1801 1119 1878; x_wconf 89' lang='grc' dir='ltr'>γνώσεις</span> <span class='ocrx_word' id='word_1_264' title='bbox 1129 1802 1173 1860; x_wconf 79' lang='grc' dir='ltr'>ἐπὶ</span> <span class='ocrx_word' id='word_1_265' title='bbox 1187 1807 1239 1868; x_wconf 87' lang='grc' dir='ltr'>τοῖς</span> <span class='ocrx_word' id='word_1_266' title='bbox 1248 1806 1429 1881; x_wconf 76' lang='grc' dir='ltr'>γεγενημένοις</span> <span class='ocrx_word' id='word_1_267' title='bbox 1439 1807 1593 1875; x_wconf 87' lang='grc' dir='ltr'>ἐνσπόνδους</span> <span class='ocrx_word' id='word_1_268' title='bbox 1606 1811 1793 1889; x_wconf 86' lang='grc' dir='ltr'>ποιησάμενοι,</span> 
     </span>
     <span class='ocr_line' id='line_1_28' title="bbox 1011 1887 1795 1971; baseline 0.018 -27"><span class='ocrx_word' id='word_1_269' title='bbox 1011 1887 1055 1945; x_wconf 86' lang='grc' dir='ltr'>καὶ</span> <span class='ocrx_word' id='word_1_270' title='bbox 1071 1889 1193 1968; x_wconf 78' lang='grc' dir='ltr'>περὶτῶν</span> <span class='ocrx_word' id='word_1_271' title='bbox 1206 1893 1353 1966; x_wconf 83' lang='grc' dir='ltr'>μελλόντων</span> <span class='ocrx_word' id='word_1_272' title='bbox 1367 1894 1555 1971; x_wconf 77' lang='grc' dir='ltr'>οὐρανομήκεις</span> <span class='ocrx_word' id='word_1_273' title='bbox 1567 1897 1673 1965; x_wconf 81' lang='grc' dir='ltr'>ἐλπίδας</span> <span class='ocrx_word' id='word_1_274' title='bbox 1685 1901 1795 1958; x_wconf 87' lang='grc' dir='ltr'>ὑποτεί-</span> 
     </span>
     <span class='ocr_line' id='line_1_29' title="bbox 1012 1979 1793 2060; baseline 0.019 -30"><span class='ocrx_word' id='word_1_275' title='bbox 1012 1997 1116 2050; x_wconf 88' lang='grc' dir='ltr'>νοιντες,</span> <span class='ocrx_word' id='word_1_276' title='bbox 1140 1981 1230 2034; x_wconf 79' lang='grc' dir='ltr'>τοῦτον</span> <span class='ocrx_word' id='word_1_277' title='bbox 1248 1979 1408 2057; x_wconf 84' lang='grc' dir='ltr'>παρέπεισαν</span> <span class='ocrx_word' id='word_1_278' title='bbox 1433 1983 1540 2060; x_wconf 82' lang='grc' dir='ltr'>ἀγαγεῖν</span> <span class='ocrx_word' id='word_1_279' title='bbox 1564 1982 1608 2040; x_wconf 85' lang='grc' dir='ltr'>τὸν</span> <span class='ocrx_word' id='word_1_280' title='bbox 1627 1987 1682 2042; x_wconf 83' lang='grc' dir='ltr'>υἱὸν</span> <span class='ocrx_word' id='word_1_281' title='bbox 1708 1991 1793 2045; x_wconf 64' lang='grc' dir='ltr'>αὑτοῦ</span> 
     </span>
     <span class='ocr_line' id='line_1_30' title="bbox 1013 2061 1792 2148; baseline 0.01 -26"><span class='ocrx_word' id='word_1_282' title='bbox 1013 2061 1132 2140; x_wconf 82' lang='grc' dir='ltr'>Πρόκλον</span> <span class='ocrx_word' id='word_1_283' title='bbox 1144 2063 1273 2141; x_wconf 78' lang='grc' dir='ltr'>τοῦνόμα’</span> <span class='ocrx_word' id='word_1_284' title='bbox 1288 2065 1315 2124; x_wconf 85' lang='grc' dir='ltr'>ὃν</span> <span class='ocrx_word' id='word_1_285' title='bbox 1329 2069 1364 2134; x_wconf 86' lang='grc' dir='ltr'>είς</span> <span class='ocrx_word' id='word_1_286' title='bbox 1375 2067 1404 2125; x_wconf 83' lang='grc' dir='ltr'>τὸ</span> <span class='ocrx_word' id='word_1_287' title='bbox 1416 2068 1592 2148; x_wconf 77' lang='grc' dir='ltr'>δεσμωτήριον</span> <span class='ocrx_word' id='word_1_288' title='bbox 1606 2071 1792 2146; x_wconf 86' lang='grc' dir='ltr'>συνέκλεισαν,</span> 
     </span>
     <span class='ocr_line' id='line_1_31' title="bbox 1011 2149 1793 2238; baseline 0.017 -32"><span class='ocrx_word' id='word_1_289' title='bbox 1011 2149 1113 2208; x_wconf 78' lang='grc' dir='ltr'>καὶτὸν</span> <span class='ocrx_word' id='word_1_290' title='bbox 1137 2154 1161 2211; x_wconf 89' lang='grc' dir='ltr'><strong>Τ</strong></span> <span class='ocrx_word' id='word_1_291' title='bbox 1163 2152 1267 2209; x_wconf 86' lang='grc' dir='ltr'>ατιανδν</span> <span class='ocrx_word' id='word_1_292' title='bbox 1287 2154 1331 2212; x_wconf 80' lang='grc' dir='ltr'>ἐπί</span> <span class='ocrx_word' id='word_1_293' title='bbox 1352 2154 1450 2222; x_wconf 79' lang='grc' dir='ltr'>Λυκίας</span> <span class='ocrx_word' id='word_1_294' title='bbox 1464 2157 1625 2238; x_wconf 75' lang='grc' dir='ltr'>ἀπέπεμψαν</span> <span class='ocrx_word' id='word_1_295' title='bbox 1636 2165 1681 2218; x_wconf 83' lang='grc' dir='ltr'>τοῦ</span> <span class='ocrx_word' id='word_1_296' title='bbox 1697 2162 1793 2230; x_wconf 82' lang='grc' dir='ltr'>παιδὸς</span> 
     </span>
     <span class='ocr_line' id='line_1_32' title="bbox 1009 2235 1187 2315; baseline 0.011 -23"><span class='ocrx_word' id='word_1_297' title='bbox 1009 2235 1187 2315; x_wconf 85' lang='grc' dir='ltr'>χηρώσαντες.</span> 
     </span>
     <span class='ocr_line' id='line_1_33' title="bbox 551 2328 1792 2424; baseline 0.017 -52"><span class='ocrx_word' id='word_1_298' title='bbox 551 2367 587 2424; x_wconf 70' lang='lat'>58</span> <span class='ocrx_word' id='word_1_299' title='bbox 1054 2351 1065 2378; x_wconf 81' lang='grc' dir='ltr'>ι</span> <span class='ocrx_word' id='word_1_300' title='bbox 1080 2330 1191 2383; x_wconf 87' lang='lat' dir='ltr'>Tatiani</span> <span class='ocrx_word' id='word_1_301' title='bbox 1201 2328 1371 2403; x_wconf 90' lang='lat' dir='ltr'>Proculique</span> <span class='ocrx_word' id='word_1_302' title='bbox 1381 2331 1431 2387; x_wconf 88' lang='lat' dir='ltr'>filii</span> <span class='ocrx_word' id='word_1_303' title='bbox 1441 2333 1499 2388; x_wconf 83' lang='lat' dir='ltr'>fata</span> <span class='ocrx_word' id='word_1_304' title='bbox 1508 2337 1658 2409; x_wconf 89' lang='lat' dir='ltr'>perspicue</span> <span class='ocrx_word' id='word_1_305' title='bbox 1670 2336 1792 2411; x_wconf 86' lang='lat' dir='ltr'>diligen·</span> 
     </span>
     <span class='ocr_line' id='line_1_34' title="bbox 591 2410 1791 2494; baseline 0.012 -30"><span class='ocrx_word' id='word_1_306' title='bbox 591 2410 598 2424; x_wconf 77' lang='lat'>⁸</span> <span class='ocrx_word' id='word_1_307' title='bbox 1010 2425 1108 2488; x_wconf 88' lang='lat' dir='ltr'>terque</span> <span class='ocrx_word' id='word_1_308' title='bbox 1118 2426 1296 2471; x_wconf 86' lang='lat' dir='ltr'>narrantura</span> <span class='ocrx_word' id='word_1_309' title='bbox 1310 2419 1422 2473; x_wconf 90' lang='lat' dir='ltr'>Zosimo</span> <span class='ocrx_word' id='word_1_310' title='bbox 1434 2421 1481 2493; x_wconf 84' lang='lat' dir='ltr'>lV,</span> <span class='ocrx_word' id='word_1_311' title='bbox 1494 2421 1548 2489; x_wconf 76' lang='lat'>52,</span> <span class='ocrx_word' id='word_1_312' title='bbox 1562 2423 1611 2494; x_wconf 88' lang='lat' dir='ltr'>qui</span> <span class='ocrx_word' id='word_1_313' title='bbox 1625 2424 1683 2476; x_wconf 87' lang='lat' dir='ltr'>sine</span> <span class='ocrx_word' id='word_1_314' title='bbox 1698 2423 1791 2478; x_wconf 88' lang='lat' dir='ltr'>dubio</span> 
     </span>
    </p>
   </div>
   <div class='ocr_carea' id='block_1_5' title="bbox 224 2501 1793 2600">
    <p class='ocr_par' dir='ltr' id='par_1_5' title="bbox 224 2501 1793 2600">
     <span class='ocr_line' id='line_1_35' title="bbox 224 2501 1793 2600; baseline 0.004 -46"><span class='ocrx_word' id='word_1_315' title='bbox 224 2528 292 2582; x_wconf 57' lang='lat' dir='ltr'>Em.¹</span> <span class='ocrx_word' id='word_1_316' title='bbox 301 2529 344 2582; x_wconf 67' lang='lat' dir='ltr'>De</span> <span class='ocrx_word' id='word_1_317' title='bbox 353 2537 472 2588; x_wconf 45' lang='lat' dir='ltr'><strong>sentem·</strong></span> <span class='ocrx_word' id='word_1_318' title='bbox 484 2525 558 2582; x_wconf 44' lang='lat' dir='ltr'><strong>lbid·</strong></span> <span class='ocrx_word' id='word_1_319' title='bbox 568 2545 598 2600; x_wconf 52' lang='lat' dir='ltr'>p·</span> <span class='ocrx_word' id='word_1_320' title='bbox 610 2526 679 2596; x_wconf 53' lang='grc' dir='ltr'>,δυ’</span> <span class='ocrx_word' id='word_1_321' title='bbox 691 2527 745 2583; x_wconf 62' lang='grc'>,8,</span> <span class='ocrx_word' id='word_1_322' title='bbox 760 2520 840 2585; x_wconf 60' lang='lat' dir='ltr'>:00n</span> <span class='ocrx_word' id='word_1_323' title='bbox 849 2525 890 2584; x_wconf 66' lang='grc' dir='ltr'>γπγ</span> <span class='ocrx_word' id='word_1_324' title='bbox 901 2529 965 2586; x_wconf 50' lang='grc' dir='ltr'>Θω-</span> <span class='ocrx_word' id='word_1_325' title='bbox 1010 2501 1170 2575; x_wconf 84' lang='lat' dir='ltr'>Eunopium</span> <span class='ocrx_word' id='word_1_326' title='bbox 1181 2504 1329 2576; x_wconf 84' lang='lat' dir='ltr'><strong>exscripsit</strong></span> <span class='ocrx_word' id='word_1_327' title='bbox 1340 2506 1429 2559; x_wconf 88' lang='lat' dir='ltr'>multo</span> <span class='ocrx_word' id='word_1_328' title='bbox 1442 2508 1525 2562; x_wconf 87' lang='lat' dir='ltr'>latius</span> <span class='ocrx_word' id='word_1_329' title='bbox 1538 2525 1623 2581; x_wconf 90' lang='lat' dir='ltr'>quam</span> <span class='ocrx_word' id='word_1_330' title='bbox 1635 2528 1711 2564; x_wconf 90' lang='lat' dir='ltr'>nunc</span> <span class='ocrx_word' id='word_1_331' title='bbox 1724 2510 1793 2584; x_wconf 80' lang='lat' dir='ltr'>legi.</span> 
     </span>
    </p>
   </div>
   <div class='ocr_carea' id='block_1_6' title="bbox 185 2591 1791 2780">
    <p class='ocr_par' dir='ltr' id='par_1_6' title="bbox 185 2591 1791 2780">
     <span class='ocr_line' id='line_1_36' title="bbox 187 2591 1791 2693; baseline 0.002 -23"><span class='ocrx_word' id='word_1_332' title='bbox 187 2612 272 2670; x_wconf 90' lang='grc' dir='ltr'>δοσίου</span> <span class='ocrx_word' id='word_1_333' title='bbox 284 2617 329 2670; x_wconf 81' lang='grc' dir='ltr'>τοῦ</span> <span class='ocrx_word' id='word_1_334' title='bbox 341 2611 464 2689; x_wconf 84' lang='grc' dir='ltr'>Μαξίμου</span> <span class='ocrx_word' id='word_1_335' title='bbox 479 2611 667 2679; x_wconf 88' lang='grc' dir='ltr'>στασιάσαντος</span> <span class='ocrx_word' id='word_1_336' title='bbox 680 2613 725 2670; x_wconf 82' lang='grc' dir='ltr'>καὶ</span> <span class='ocrx_word' id='word_1_337' title='bbox 741 2612 880 2693; x_wconf 77' lang='grc' dir='ltr'>βαράάρων</span> <span class='ocrx_word' id='word_1_338' title='bbox 895 2614 963 2671; x_wconf 90' lang='grc' dir='ltr'>κατδι</span> <span class='ocrx_word' id='word_1_339' title='bbox 1009 2591 1269 2689; x_wconf 36' lang='grc' dir='ltr'><strong>ΠῙΠΒῘΠΙΕΜῙῬῘΟ</strong></span> <span class='ocrx_word' id='word_1_340' title='bbox 1287 2593 1431 2690; x_wconf 56' lang='lat' dir='ltr'>Yatic&#39;ffl</span> <span class='ocrx_word' id='word_1_341' title='bbox 1457 2595 1521 2648; x_wconf 48' lang='lat' dir='ltr'>Fun</span> <span class='ocrx_word' id='word_1_342' title='bbox 1536 2607 1629 2650; x_wconf 59' lang='lat' dir='ltr'><strong>amem</strong></span> <span class='ocrx_word' id='word_1_343' title='bbox 1652 2597 1791 2651; x_wconf 58' lang='lat' dir='ltr'><strong>”nivem</strong></span> 
     </span>
     <span class='ocr_line' id='line_1_37' title="bbox 185 2676 1788 2780; baseline 0.012 -62"><span class='ocrx_word' id='word_1_344' title='bbox 185 2697 962 2780; x_wconf 52' lang='grc' dir='ltr'>Ῥωμαίωνἐκστρατευσάντων,φγμηχατέοχῃοὺςβαρεά,</span> <span class='ocrx_word' id='word_1_345' title='bbox 1008 2676 1151 2749; x_wconf 74' lang='lat' dir='ltr'>tragoediae</span> <span class='ocrx_word' id='word_1_346' title='bbox 1164 2677 1274 2731; x_wconf 82' lang='lat' dir='ltr'>celeber</span> <span class='ocrx_word' id='word_1_347' title='bbox 1293 2679 1339 2732; x_wconf 83' lang='lat' dir='ltr'>ulle</span> <span class='ocrx_word' id='word_1_348' title='bbox 1360 2677 1479 2734; x_wconf 81' lang='lat' dir='ltr'>Rufinus</span> <span class='ocrx_word' id='word_1_349' title='bbox 1491 2681 1666 2740; x_wconf 81' lang='lat' dir='ltr'>moderator.</span> <span class='ocrx_word' id='word_1_350' title='bbox 1684 2706 1697 2732; x_wconf 74' lang='grc' dir='ltr'>ν</span> <span class='ocrx_word' id='word_1_351' title='bbox 1714 2683 1788 2738; x_wconf 77' lang='lat' dir='ltr'>illst.</span> 
     </span>
    </p>
   </div>
   <div class='ocr_carea' id='block_1_7' title="bbox 185 2764 1383 2866">
    <p class='ocr_par' dir='ltr' id='par_1_7' title="bbox 185 2764 1383 2866">
     <span class='ocr_line' id='line_1_38' title="bbox 185 2764 1383 2866; baseline 0.004 -24"><span class='ocrx_word' id='word_1_352' title='bbox 185 2809 252 2864; x_wconf 87' lang='grc' dir='ltr'>ρους,</span> <span class='ocrx_word' id='word_1_353' title='bbox 261 2788 296 2850; x_wconf 84' lang='grc' dir='ltr'>ὡς</span> <span class='ocrx_word' id='word_1_354' title='bbox 310 2788 333 2842; x_wconf 82' lang='lat' dir='ltr'>oi</span> <span class='ocrx_word' id='word_1_355' title='bbox 347 2783 478 2862; x_wconf 83' lang='grc' dir='ltr'>Ῥωμαῖοι</span> <span class='ocrx_word' id='word_1_356' title='bbox 487 2785 598 2866; x_wconf 77' lang='grc' dir='ltr'>στρατόν</span> <span class='ocrx_word' id='word_1_357' title='bbox 610 2786 650 2844; x_wconf 79' lang='grc' dir='ltr'>ὅτι</span> <span class='ocrx_word' id='word_1_358' title='bbox 664 2790 785 2844; x_wconf 85' lang='grc' dir='ltr'>πλεῖστον</span> <span class='ocrx_word' id='word_1_359' title='bbox 796 2786 960 2864; x_wconf 85' lang='grc' dir='ltr'>συλλέγουσι.</span> <span class='ocrx_word' id='word_1_360' title='bbox 1008 2765 1063 2819; x_wconf 64' lang='lat' dir='ltr'>Res</span> <span class='ocrx_word' id='word_1_361' title='bbox 1074 2767 1196 2839; x_wconf 60' lang='lat' dir='ltr'>pertinet</span> <span class='ocrx_word' id='word_1_362' title='bbox 1207 2764 1244 2820; x_wconf 59' lang='lat' dir='ltr'>ad</span> <span class='ocrx_word' id='word_1_363' title='bbox 1256 2783 1301 2822; x_wconf 78' lang='lat'>³¹¹·</span> <span class='ocrx_word' id='word_1_364' title='bbox 1316 2765 1383 2839; x_wconf 78' lang='lat'>39²·</span> 
     </span>
    </p>
   </div>
   <div class='ocr_carea' id='block_1_8' title="bbox 183 2871 1791 3392">
    <p class='ocr_par' dir='ltr' id='par_1_8' title="bbox 183 2871 1791 3392">
     <span class='ocr_line' id='line_1_39' title="bbox 185 2871 1409 2970; baseline 0 -39"><span class='ocrx_word' id='word_1_365' title='bbox 185 2872 239 2931; x_wconf 81' lang='grc' dir='ltr'>Καὶ</span> <span class='ocrx_word' id='word_1_366' title='bbox 254 2874 468 2950; x_wconf 82' lang='grc' dir='ltr'>συλλογισάμενον</span> <span class='ocrx_word' id='word_1_367' title='bbox 477 2873 506 2931; x_wconf 82' lang='grc' dir='ltr'>τὸ</span> <span class='ocrx_word' id='word_1_368' title='bbox 519 2872 599 2931; x_wconf 84' lang='grc' dir='ltr'>δεινὸν</span> <span class='ocrx_word' id='word_1_369' title='bbox 610 2876 633 2931; x_wconf 88' lang='grc' dir='ltr'>οί</span> <span class='ocrx_word' id='word_1_370' title='bbox 645 2871 772 2953; x_wconf 79' lang='grc' dir='ltr'>βάρόαροι</span> <span class='ocrx_word' id='word_1_371' title='bbox 785 2873 828 2932; x_wconf 80' lang='grc' dir='ltr'>ἐπὶ</span> <span class='ocrx_word' id='word_1_372' title='bbox 839 2874 868 2932; x_wconf 81' lang='grc' dir='ltr'>τὸ</span> <span class='ocrx_word' id='word_1_373' title='bbox 882 2874 960 2944; x_wconf 79' lang='grc' dir='ltr'>σὺνη-</span> <span class='ocrx_word' id='word_1_374' title='bbox 1372 2915 1409 2970; x_wconf 67' lang='lat'>6⁰</span> 
     </span>
     <span class='ocr_line' id='line_1_40' title="bbox 184 2954 1418 3041; baseline 0.002 -23"><span class='ocrx_word' id='word_1_375' title='bbox 184 2966 224 3026; x_wconf 91' lang='grc' dir='ltr'>θες</span> <span class='ocrx_word' id='word_1_376' title='bbox 240 2961 387 3039; x_wconf 82' lang='grc' dir='ltr'>ἀνέδραμον</span> <span class='ocrx_word' id='word_1_377' title='bbox 406 2961 539 3041; x_wconf 83' lang='grc' dir='ltr'>σόφισμα,</span> <span class='ocrx_word' id='word_1_378' title='bbox 561 2960 606 3018; x_wconf 83' lang='grc' dir='ltr'>καί</span> <span class='ocrx_word' id='word_1_379' title='bbox 621 2960 765 3019; x_wconf 87' lang='grc' dir='ltr'>κατέδυσαν</span> <span class='ocrx_word' id='word_1_380' title='bbox 778 2961 820 3020; x_wconf 85' lang='grc' dir='ltr'>ἐπὶ</span> <span class='ocrx_word' id='word_1_381' title='bbox 839 2961 884 3028; x_wconf 79' lang='grc' dir='ltr'>τὰς</span> <span class='ocrx_word' id='word_1_382' title='bbox 901 2965 960 3020; x_wconf 78' lang='lat' dir='ltr'>Ma·</span> <span class='ocrx_word' id='word_1_383' title='bbox 1412 2954 1418 2966; x_wconf 55' lang='lat'>¹</span> 
     </span>
     <span class='ocr_line' id='line_1_41' title="bbox 184 3047 1791 3127; baseline 0.006 -23"><span class='ocrx_word' id='word_1_384' title='bbox 184 3047 316 3114; x_wconf 86' lang='grc' dir='ltr'>κεδονικάς</span> <span class='ocrx_word' id='word_1_385' title='bbox 326 3048 429 3125; x_wconf 89' lang='grc' dir='ltr'>λίμνας.</span> <span class='ocrx_word' id='word_1_386' title='bbox 443 3047 496 3106; x_wconf 82' lang='grc' dir='ltr'>Καὶ</span> <span class='ocrx_word' id='word_1_387' title='bbox 510 3048 642 3127; x_wconf 87' lang='grc' dir='ltr'>συμφανές</span> <span class='ocrx_word' id='word_1_388' title='bbox 652 3072 682 3127; x_wconf 94' lang='grc' dir='ltr'>γε</span> <span class='ocrx_word' id='word_1_389' title='bbox 693 3048 777 3107; x_wconf 88' lang='grc' dir='ltr'>ίίπασι</span> <span class='ocrx_word' id='word_1_390' title='bbox 785 3049 899 3119; x_wconf 86' lang='grc' dir='ltr'>κατέστη</span> <span class='ocrx_word' id='word_1_391' title='bbox 909 3094 916 3120; x_wconf 91' lang='grc'>,</span> <span class='ocrx_word' id='word_1_392' title='bbox 927 3053 961 3116; x_wconf 80' lang='grc' dir='ltr'>ὡς</span> <span class='ocrx_word' id='word_1_393' title='bbox 1046 3053 1115 3106; x_wconf 81' lang='lat' dir='ltr'>Exc.</span> <span class='ocrx_word' id='word_1_394' title='bbox 1129 3055 1171 3107; x_wconf 85' lang='lat' dir='ltr'>De</span> <span class='ocrx_word' id='word_1_395' title='bbox 1180 3053 1252 3126; x_wconf 78' lang='lat' dir='ltr'>legg.</span> <span class='ocrx_word' id='word_1_396' title='bbox 1264 3071 1294 3125; x_wconf 90' lang='lat' dir='ltr'>p.</span> <span class='ocrx_word' id='word_1_397' title='bbox 1307 3070 1340 3107; x_wconf 83' lang='lat' dir='ltr'>ar</span> <span class='ocrx_word' id='word_1_398' title='bbox 1358 3071 1400 3126; x_wconf 90' lang='lat' dir='ltr'>sq.</span> <span class='ocrx_word' id='word_1_399' title='bbox 1418 3050 1500 3111; x_wconf 74' lang='lat' dir='ltr'>t‘On</span> <span class='ocrx_word' id='word_1_400' title='bbox 1516 3052 1558 3111; x_wconf 83' lang='grc' dir='ltr'>ἐπὶ</span> <span class='ocrx_word' id='word_1_401' title='bbox 1572 3054 1715 3113; x_wconf 86' lang='grc' dir='ltr'>Θεοδοσίου</span> <span class='ocrx_word' id='word_1_402' title='bbox 1728 3054 1791 3122; x_wconf 78' lang='grc' dir='ltr'>τοὺς</span> 
     </span>
     <span class='ocr_line' id='line_1_42' title="bbox 183 3127 1790 3216; baseline 0.003 -21"><span class='ocrx_word' id='word_1_403' title='bbox 183 3139 200 3204; x_wconf 83' lang='grc' dir='ltr'>ἡ</span> <span class='ocrx_word' id='word_1_404' title='bbox 213 3133 355 3212; x_wconf 81' lang='grc' dir='ltr'>Ῥωμαίων</span> <span class='ocrx_word' id='word_1_405' title='bbox 369 3135 502 3215; x_wconf 86' lang='grc' dir='ltr'>βασιλεία,</span> <span class='ocrx_word' id='word_1_406' title='bbox 517 3135 615 3216; x_wconf 76' lang='grc' dir='ltr'>τρυφὴν</span> <span class='ocrx_word' id='word_1_407' title='bbox 628 3135 675 3213; x_wconf 85' lang='grc' dir='ltr'>μὲν</span> <span class='ocrx_word' id='word_1_408' title='bbox 689 3135 833 3216; x_wconf 83' lang='grc' dir='ltr'>ἀρνουμένη</span> <span class='ocrx_word' id='word_1_409' title='bbox 846 3135 959 3211; x_wconf 87' lang='grc' dir='ltr'>πόλεμον</span> <span class='ocrx_word' id='word_1_410' title='bbox 1006 3135 1123 3214; x_wconf 82' lang='grc' dir='ltr'>πρώτους</span> <span class='ocrx_word' id='word_1_411' title='bbox 1137 3135 1244 3214; x_wconf 85' lang='grc' dir='ltr'>χρόνους</span> <span class='ocrx_word' id='word_1_412' title='bbox 1257 3140 1304 3206; x_wconf 75' lang='grc' dir='ltr'>’.ἧς</span> <span class='ocrx_word' id='word_1_413' title='bbox 1327 3137 1462 3214; x_wconf 86' lang='grc' dir='ltr'>βασιλείας</span> <span class='ocrx_word' id='word_1_414' title='bbox 1475 3137 1505 3195; x_wconf 86' lang='grc' dir='ltr'>τὸ</span> <span class='ocrx_word' id='word_1_415' title='bbox 1524 3142 1575 3196; x_wconf 84' lang='grc' dir='ltr'>τῶν</span> <span class='ocrx_word' id='word_1_416' title='bbox 1591 3127 1701 3199; x_wconf 82' lang='grc' dir='ltr'>Σκυθῶν</span> <span class='ocrx_word' id='word_1_417' title='bbox 1716 3140 1790 3208; x_wconf 85' lang='grc' dir='ltr'>ἔθνος</span> 
     </span>
     <span class='ocr_line' id='line_1_43' title="bbox 183 3221 1789 3303; baseline 0.004 -23"><span class='ocrx_word' id='word_1_418' title='bbox 183 3223 210 3280; x_wconf 86' lang='grc' dir='ltr'>δέ</span> <span class='ocrx_word' id='word_1_419' title='bbox 224 3223 378 3301; x_wconf 81' lang='grc' dir='ltr'>αἱρουμένη,</span> <span class='ocrx_word' id='word_1_420' title='bbox 390 3221 463 3282; x_wconf 81' lang='grc' dir='ltr'>οὐδέν</span> <span class='ocrx_word' id='word_1_421' title='bbox 473 3221 565 3303; x_wconf 86' lang='grc' dir='ltr'>ἀφίησι</span> <span class='ocrx_word' id='word_1_422' title='bbox 581 3229 627 3294; x_wconf 83' lang='grc' dir='ltr'>τῆς</span> <span class='ocrx_word' id='word_1_423' title='bbox 639 3228 686 3300; x_wconf 73' lang='grc' dir='ltr'>γῆς</span> <span class='ocrx_word' id='word_1_424' title='bbox 697 3223 806 3294; x_wconf 77' lang='grc' dir='ltr'>ἀνήκοον</span> <span class='ocrx_word' id='word_1_425' title='bbox 825 3223 869 3282; x_wconf 82' lang='grc' dir='ltr'>καὶ</span> <span class='ocrx_word' id='word_1_426' title='bbox 881 3221 957 3282; x_wconf 83' lang='grc' dir='ltr'>ἀδοθ-</span> <span class='ocrx_word' id='word_1_427' title='bbox 1005 3221 1200 3300; x_wconf 70' lang='grc' dir='ltr'>ἐξελαυνόμενοι</span> <span class='ocrx_word' id='word_1_428' title='bbox 1209 3228 1255 3294; x_wconf 77' lang='grc' dir='ltr'>τῆς</span> <span class='ocrx_word' id='word_1_429' title='bbox 1268 3223 1356 3302; x_wconf 79' lang='grc' dir='ltr'>χώρας</span> <span class='ocrx_word' id='word_1_430' title='bbox 1370 3225 1420 3281; x_wconf 78' lang='grc' dir='ltr'>ὑπὸ</span> <span class='ocrx_word' id='word_1_431' title='bbox 1434 3228 1485 3282; x_wconf 80' lang='grc' dir='ltr'>τῶν</span> <span class='ocrx_word' id='word_1_432' title='bbox 1498 3223 1616 3296; x_wconf 85' lang='grc' dir='ltr'>Οὗννων,</span> <span class='ocrx_word' id='word_1_433' title='bbox 1631 3227 1789 3298; x_wconf 78' lang='grc' dir='ltr'>διεὸεὑήκε-</span> 
     </span>
     <span class='ocr_line' id='line_1_44' title="bbox 183 3309 1789 3392; baseline 0.001 -24"><span class='ocrx_word' id='word_1_434' title='bbox 183 3312 277 3369; x_wconf 83' lang='grc' dir='ltr'>λωεον.</span> <span class='ocrx_word' id='word_1_435' title='bbox 297 3310 375 3370; x_wconf 68' lang='lat' dir='ltr'>itii&amp;</span> <span class='ocrx_word' id='word_1_436' title='bbox 390 3309 472 3369; x_wconf 90' lang='grc' dir='ltr'>δεινόν</span> <span class='ocrx_word' id='word_1_437' title='bbox 484 3309 514 3387; x_wconf 89' lang='grc' dir='ltr'>γέ</span> <span class='ocrx_word' id='word_1_438' title='bbox 529 3333 553 3369; x_wconf 85' lang='grc' dir='ltr'>τι</span> <span class='ocrx_word' id='word_1_439' title='bbox 574 3316 666 3390; x_wconf 63' lang='grc' dir='ltr'>χρῆμα</span> <span class='ocrx_word' id='word_1_440' title='bbox 680 3315 736 3378; x_wconf 86' lang='grc' dir='ltr'>ταῖς</span> <span class='ocrx_word' id='word_1_441' title='bbox 753 3315 804 3369; x_wconf 84' lang='grc' dir='ltr'>τῶν</span> <span class='ocrx_word' id='word_1_442' title='bbox 818 3309 959 3390; x_wconf 86' lang='grc' dir='ltr'>ἀνθρώπων</span> <span class='ocrx_word' id='word_1_443' title='bbox 1006 3333 1053 3368; x_wconf 94' lang='grc' dir='ltr'>σαν</span> <span class='ocrx_word' id='word_1_444' title='bbox 1065 3312 1117 3366; x_wconf 84' lang='grc' dir='ltr'>τῶν</span> <span class='ocrx_word' id='word_1_445' title='bbox 1130 3312 1216 3390; x_wconf 78' lang='grc' dir='ltr'>φυλῶν</span> <span class='ocrx_word' id='word_1_446' title='bbox 1231 3309 1369 3388; x_wconf 79' lang='grc' dir='ltr'>ἡγεμόνες,</span> <span class='ocrx_word' id='word_1_447' title='bbox 1383 3310 1512 3386; x_wconf 79' lang='grc' dir='ltr'>ἀξιώματι</span> <span class='ocrx_word' id='word_1_448' title='bbox 1522 3311 1566 3369; x_wconf 78' lang='grc' dir='ltr'>καὶ</span> <span class='ocrx_word' id='word_1_449' title='bbox 1576 3311 1644 3389; x_wconf 92' lang='grc' dir='ltr'>γένει</span> <span class='ocrx_word' id='word_1_450' title='bbox 1654 3315 1789 3392; x_wconf 77' lang='grc' dir='ltr'>προήκον-</span> 
     </span>
    </p>
   </div>
   <div class='ocr_carea' id='block_1_9' title="bbox 179 3473 1790 4547">
    <p class='ocr_par' dir='ltr' id='par_1_9' title="bbox 179 3473 1790 4547">
     <span class='ocr_line' id='line_1_45' title="bbox 181 3473 1790 3539; baseline 0.002 -14"><span class='ocrx_word' id='word_1_451' title='bbox 181 3489 268 3538; x_wconf 84' lang='lat' dir='ltr'>nempe</span> <span class='ocrx_word' id='word_1_452' title='bbox 279 3477 316 3526; x_wconf 84' lang='lat' dir='ltr'>vel</span> <span class='ocrx_word' id='word_1_453' title='bbox 330 3477 427 3539; x_wconf 78' lang='lat' dir='ltr'>insignis</span> <span class='ocrx_word' id='word_1_454' title='bbox 438 3479 462 3525; x_wconf 92' lang='lat' dir='ltr'>in</span> <span class='ocrx_word' id='word_1_455' title='bbox 473 3478 551 3527; x_wconf 78' lang='lat' dir='ltr'>fronte</span> <span class='ocrx_word' id='word_1_456' title='bbox 561 3490 633 3538; x_wconf 82' lang='lat' dir='ltr'>ruga,</span> <span class='ocrx_word' id='word_1_457' title='bbox 643 3477 682 3526; x_wconf 80' lang='lat' dir='ltr'>vel</span> <span class='ocrx_word' id='word_1_458' title='bbox 695 3477 831 3538; x_wconf 85' lang='lat' dir='ltr'>prominens</span> <span class='ocrx_word' id='word_1_459' title='bbox 840 3477 865 3524; x_wconf 90' lang='lat' dir='ltr'>in</span> <span class='ocrx_word' id='word_1_460' title='bbox 883 3475 958 3524; x_wconf 77' lang='lat' dir='ltr'>barin</span> <span class='ocrx_word' id='word_1_461' title='bbox 1004 3473 1050 3524; x_wconf 89' lang='lat' dir='ltr'>sed</span> <span class='ocrx_word' id='word_1_462' title='bbox 1067 3476 1130 3524; x_wconf 90' lang='lat' dir='ltr'>enim</span> <span class='ocrx_word' id='word_1_463' title='bbox 1146 3488 1218 3537; x_wconf 81' lang='lat' dir='ltr'>graue</span> <span class='ocrx_word' id='word_1_464' title='bbox 1231 3476 1351 3537; x_wconf 82' lang='lat' dir='ltr'><strong>quoddam</strong></span> <span class='ocrx_word' id='word_1_465' title='bbox 1368 3477 1479 3525; x_wconf 73' lang='lat' dir='ltr'>humanae</span> <span class='ocrx_word' id='word_1_466' title='bbox 1496 3480 1591 3528; x_wconf 83' lang='lat' dir='ltr'>naturae</span> <span class='ocrx_word' id='word_1_467' title='bbox 1615 3479 1674 3528; x_wconf 86' lang='lat' dir='ltr'>deus</span> <span class='ocrx_word' id='word_1_468' title='bbox 1685 3484 1790 3529; x_wconf 84' lang='lat' dir='ltr'>comuni·</span> 
     </span>
     <span class='ocr_line' id='line_1_46' title="bbox 182 3552 1788 3620; baseline 0.002 -18"><span class='ocrx_word' id='word_1_469' title='bbox 182 3555 257 3617; x_wconf 84' lang='lat' dir='ltr'>pilus,</span> <span class='ocrx_word' id='word_1_470' title='bbox 269 3554 307 3603; x_wconf 84' lang='lat' dir='ltr'>rel</span> <span class='ocrx_word' id='word_1_471' title='bbox 315 3555 380 3604; x_wconf 88' lang='lat' dir='ltr'>aliud</span> <span class='ocrx_word' id='word_1_472' title='bbox 393 3556 525 3616; x_wconf 81' lang='lat' dir='ltr'>eiusmodi,</span> <span class='ocrx_word' id='word_1_473' title='bbox 537 3555 603 3618; x_wconf 90' lang='lat' dir='ltr'>quod</span> <span class='ocrx_word' id='word_1_474' title='bbox 611 3555 749 3616; x_wconf 80' lang='lat' dir='ltr'>ceteroquin</span> <span class='ocrx_word' id='word_1_475' title='bbox 762 3556 787 3602; x_wconf 93' lang='lat' dir='ltr'>in</span> <span class='ocrx_word' id='word_1_476' title='bbox 801 3555 861 3603; x_wconf 81' lang='lat' dir='ltr'>secie</span> <span class='ocrx_word' id='word_1_477' title='bbox 873 3553 958 3615; x_wconf 78' lang='lat' dir='ltr'>negligi</span> <span class='ocrx_word' id='word_1_478' title='bbox 1003 3552 1066 3599; x_wconf 84' lang='lat' dir='ltr'>scuit</span> <span class='ocrx_word' id='word_1_479' title='bbox 1083 3553 1249 3611; x_wconf 71' lang='lat' dir='ltr'>intortunium</span> <span class='ocrx_word' id='word_1_480' title='bbox 1261 3565 1316 3600; x_wconf 84' lang='lat' dir='ltr'>nunu</span> <span class='ocrx_word' id='word_1_481' title='bbox 1328 3553 1403 3601; x_wconf 79' lang='lat' dir='ltr'>ueluti</span> <span class='ocrx_word' id='word_1_482' title='bbox 1415 3554 1506 3602; x_wconf 86' lang='lat' dir='ltr'>cancris</span> <span class='ocrx_word' id='word_1_483' title='bbox 1518 3555 1677 3615; x_wconf 82' lang='lat' dir='ltr'>periculosam</span> <span class='ocrx_word' id='word_1_484' title='bbox 1696 3557 1788 3620; x_wconf 84' lang='lat' dir='ltr'>bitem,</span> 
     </span>
     <span class='ocr_line' id='line_1_47' title="bbox 182 3625 1788 3694; baseline 0.001 -13"><span class='ocrx_word' id='word_1_485' title='bbox 182 3633 243 3682; x_wconf 89' lang='lat' dir='ltr'>solet</span> <span class='ocrx_word' id='word_1_486' title='bbox 251 3649 258 3694; x_wconf 73' lang='grc' dir='ltr'>ς</span> <span class='ocrx_word' id='word_1_487' title='bbox 267 3631 299 3691; x_wconf 89' lang='lat' dir='ltr'>id,</span> <span class='ocrx_word' id='word_1_488' title='bbox 314 3632 423 3694; x_wconf 87' lang='lat' dir='ltr'>inquam,</span> <span class='ocrx_word' id='word_1_489' title='bbox 434 3631 453 3680; x_wconf 88' lang='lat' dir='ltr'>si</span> <span class='ocrx_word' id='word_1_490' title='bbox 461 3633 667 3693; x_wconf 72' lang='lat' dir='ltr'>praetermittatur,</span> <span class='ocrx_word' id='word_1_491' title='bbox 680 3635 758 3692; x_wconf 78' lang='lat' dir='ltr'>imago</span> <span class='ocrx_word' id='word_1_492' title='bbox 768 3644 814 3679; x_wconf 87' lang='lat' dir='ltr'>uon</span> <span class='ocrx_word' id='word_1_493' title='bbox 822 3631 849 3679; x_wconf 84' lang='lat' dir='ltr'>fit</span> <span class='ocrx_word' id='word_1_494' title='bbox 858 3631 957 3689; x_wconf 84' lang='lat' dir='ltr'>iconica;</span> <span class='ocrx_word' id='word_1_495' title='bbox 1005 3625 1159 3689; x_wconf 74' lang='lat' dir='ltr'>rodominus,</span> <span class='ocrx_word' id='word_1_496' title='bbox 1168 3629 1232 3676; x_wconf 87' lang='lat' dir='ltr'>ituin</span> <span class='ocrx_word' id='word_1_497' title='bbox 1244 3629 1402 3690; x_wconf 74' lang='lat' dir='ltr'>potestatibus</span> <span class='ocrx_word' id='word_1_498' title='bbox 1412 3631 1558 3691; x_wconf 88' lang='lat' dir='ltr'>voluptatem</span> <span class='ocrx_word' id='word_1_499' title='bbox 1572 3631 1736 3694; x_wconf 73' lang='lat' dir='ltr'>desidiamque</span> <span class='ocrx_word' id='word_1_500' title='bbox 1746 3634 1788 3682; x_wconf 92' lang='lat' dir='ltr'>in·</span> 
     </span>
     <span class='ocr_line' id='line_1_48' title="bbox 180 3705 1788 3769; baseline 0.001 -12"><span class='ocrx_word' id='word_1_501' title='bbox 180 3709 216 3757; x_wconf 83' lang='lat' dir='ltr'>ein</span> <span class='ocrx_word' id='word_1_502' title='bbox 228 3710 340 3758; x_wconf 81' lang='lat' dir='ltr'>accurate</span> <span class='ocrx_word' id='word_1_503' title='bbox 357 3709 506 3769; x_wconf 80' lang='lat' dir='ltr'>observetur,</span> <span class='ocrx_word' id='word_1_504' title='bbox 515 3709 553 3757; x_wconf 79' lang='lat' dir='ltr'>rel</span> <span class='ocrx_word' id='word_1_505' title='bbox 573 3708 597 3756; x_wconf 93' lang='lat' dir='ltr'>id</span> <span class='ocrx_word' id='word_1_506' title='bbox 612 3709 689 3757; x_wconf 85' lang='lat' dir='ltr'>solnm</span> <span class='ocrx_word' id='word_1_507' title='bbox 702 3707 768 3756; x_wconf 76' lang='lat' dir='ltr'>faciei</span> <span class='ocrx_word' id='word_1_508' title='bbox 780 3707 957 3756; x_wconf 85' lang='lat' dir='ltr'>similitudinem</span> <span class='ocrx_word' id='word_1_509' title='bbox 1003 3705 1132 3765; x_wconf 81' lang='lat' dir='ltr'>generarit.</span> <span class='ocrx_word' id='word_1_510' title='bbox 1146 3709 1225 3764; x_wconf 82' lang='lat' dir='ltr'>Quare</span> <span class='ocrx_word' id='word_1_511' title='bbox 1234 3718 1309 3767; x_wconf 88' lang='lat' dir='ltr'>quum</span> <span class='ocrx_word' id='word_1_512' title='bbox 1322 3705 1372 3755; x_wconf 85' lang='lat' dir='ltr'>lueri</span> <span class='ocrx_word' id='word_1_513' title='bbox 1383 3711 1461 3768; x_wconf 85' lang='lat' dir='ltr'>posset</span> <span class='ocrx_word' id='word_1_514' title='bbox 1472 3710 1499 3755; x_wconf 89' lang='lat' dir='ltr'>ut</span> <span class='ocrx_word' id='word_1_515' title='bbox 1509 3707 1646 3756; x_wconf 83' lang='lat' dir='ltr'>uniuersum</span> <span class='ocrx_word' id='word_1_516' title='bbox 1660 3709 1788 3761; x_wconf 83' lang='lat' dir='ltr'>horninum</span> 
     </span>
     <span class='ocr_line' id='line_1_49' title="bbox 180 3783 1788 3850; baseline 0.004 -18"><span class='ocrx_word' id='word_1_517' title='bbox 180 3786 291 3834; x_wconf 81' lang='lat' dir='ltr'>effectam</span> <span class='ocrx_word' id='word_1_518' title='bbox 298 3784 497 3834; x_wconf 78' lang='lat' dir='ltr'>debit2sicetiam</span> <span class='ocrx_word' id='word_1_519' title='bbox 507 3785 629 3846; x_wconf 86' lang='lat' dir='ltr'>quodnam</span> <span class='ocrx_word' id='word_1_520' title='bbox 641 3785 752 3846; x_wconf 88' lang='lat' dir='ltr'>principis</span> <span class='ocrx_word' id='word_1_521' title='bbox 759 3784 830 3845; x_wconf 84' lang='lat' dir='ltr'>hujus</span> <span class='ocrx_word' id='word_1_522' title='bbox 839 3783 956 3844; x_wconf 83' lang='lat' dir='ltr'>ingenium</span> <span class='ocrx_word' id='word_1_523' title='bbox 1003 3796 1077 3844; x_wconf 80' lang='lat' dir='ltr'>genus</span> <span class='ocrx_word' id='word_1_524' title='bbox 1094 3783 1123 3832; x_wconf 88' lang='lat' dir='ltr'>ad</span> <span class='ocrx_word' id='word_1_525' title='bbox 1133 3796 1208 3832; x_wconf 90' lang='lat' dir='ltr'>unum</span> <span class='ocrx_word' id='word_1_526' title='bbox 1220 3797 1307 3846; x_wconf 88' lang='lat' dir='ltr'>eorpus</span> <span class='ocrx_word' id='word_1_527' title='bbox 1323 3784 1357 3833; x_wconf 86' lang='lat' dir='ltr'>rei</span> <span class='ocrx_word' id='word_1_528' title='bbox 1375 3786 1476 3846; x_wconf 79' lang='lat' dir='ltr'>publice</span> <span class='ocrx_word' id='word_1_529' title='bbox 1493 3789 1665 3848; x_wconf 80' lang='lat' dir='ltr'>reuocaretur3</span> <span class='ocrx_word' id='word_1_530' title='bbox 1684 3789 1788 3850; x_wconf 87' lang='lat' dir='ltr'>imperia</span> 
     </span>
     <span class='ocr_line' id='line_1_50' title="bbox 181 3859 1789 3929; baseline 0.003 -19"><span class='ocrx_word' id='word_1_531' title='bbox 181 3863 264 3923; x_wconf 80' lang='lat' dir='ltr'>suerit,</span> <span class='ocrx_word' id='word_1_532' title='bbox 276 3863 368 3923; x_wconf 83' lang='lat' dir='ltr'>assequi</span> <span class='ocrx_word' id='word_1_533' title='bbox 380 3863 448 3923; x_wconf 85' lang='lat' dir='ltr'>lieet,</span> <span class='ocrx_word' id='word_1_534' title='bbox 457 3862 499 3923; x_wconf 91' lang='lat' dir='ltr'>qui</span> <span class='ocrx_word' id='word_1_535' title='bbox 508 3875 565 3910; x_wconf 88' lang='lat' dir='ltr'>sane</span> <span class='ocrx_word' id='word_1_536' title='bbox 577 3864 600 3911; x_wconf 87' lang='lat' dir='ltr'>et</span> <span class='ocrx_word' id='word_1_537' title='bbox 610 3862 716 3923; x_wconf 84' lang='lat' dir='ltr'>juvenis,</span> <span class='ocrx_word' id='word_1_538' title='bbox 729 3867 753 3910; x_wconf 88' lang='lat' dir='ltr'>et</span> <span class='ocrx_word' id='word_1_539' title='bbox 766 3863 790 3910; x_wconf 87' lang='lat' dir='ltr'>iu</span> <span class='ocrx_word' id='word_1_540' title='bbox 802 3862 866 3922; x_wconf 78' lang='lat' dir='ltr'>regia</span> <span class='ocrx_word' id='word_1_541' title='bbox 879 3861 957 3922; x_wconf 80' lang='lat' dir='ltr'>digui-</span> <span class='ocrx_word' id='word_1_542' title='bbox 1004 3859 1098 3908; x_wconf 90' lang='lat' dir='ltr'>interim</span> <span class='ocrx_word' id='word_1_543' title='bbox 1105 3859 1202 3909; x_wconf 69' lang='lat' dir='ltr'>caducae</span> <span class='ocrx_word' id='word_1_544' title='bbox 1212 3861 1245 3909; x_wconf 88' lang='lat' dir='ltr'>rei</span> <span class='ocrx_word' id='word_1_545' title='bbox 1255 3861 1512 3923; x_wconf 84' lang='lat' dir='ltr'>studiosauoluptutem</span> <span class='ocrx_word' id='word_1_546' title='bbox 1520 3867 1698 3924; x_wconf 85' lang='lat' dir='ltr'>consectantur,</span> <span class='ocrx_word' id='word_1_547' title='bbox 1706 3877 1789 3929; x_wconf 87' lang='lat' dir='ltr'>neque</span> 
     </span>
     <span class='ocr_line' id='line_1_51' title="bbox 180 3936 1691 4002; baseline 0.001 -15"><span class='ocrx_word' id='word_1_548' title='bbox 180 3942 230 3988; x_wconf 88' lang='lat' dir='ltr'>tate</span> <span class='ocrx_word' id='word_1_549' title='bbox 245 3939 372 4000; x_wconf 85' lang='lat' dir='ltr'>apueritia</span> <span class='ocrx_word' id='word_1_550' title='bbox 381 3938 497 3988; x_wconf 82' lang='lat' dir='ltr'>educatus</span> <span class='ocrx_word' id='word_1_551' title='bbox 511 3939 655 4001; x_wconf 69' lang='lat' dir='ltr'>iniqueque</span> <span class='ocrx_word' id='word_1_552' title='bbox 671 3938 782 4000; x_wconf 81' lang='lat' dir='ltr'>regnandi</span> <span class='ocrx_word' id='word_1_553' title='bbox 793 3940 869 3987; x_wconf 81' lang='lat' dir='ltr'>artem</span> <span class='ocrx_word' id='word_1_554' title='bbox 879 3951 957 4000; x_wconf 86' lang='lat' dir='ltr'>neque</span> <span class='ocrx_word' id='word_1_555' title='bbox 1002 3936 1027 3984; x_wconf 91' lang='lat' dir='ltr'>id</span> <span class='ocrx_word' id='word_1_556' title='bbox 1035 3937 1174 3999; x_wconf 80' lang='lat' dir='ltr'>exquirunt,</span> <span class='ocrx_word' id='word_1_557' title='bbox 1189 3937 1252 4000; x_wconf 91' lang='lat' dir='ltr'>quod</span> <span class='ocrx_word' id='word_1_558' title='bbox 1262 3939 1396 3988; x_wconf 81' lang='lat' dir='ltr'>immortale</span> <span class='ocrx_word' id='word_1_559' title='bbox 1405 3943 1450 4000; x_wconf 86' lang='lat' dir='ltr'>est,</span> <span class='ocrx_word' id='word_1_560' title='bbox 1462 3951 1540 4000; x_wconf 84' lang='lat' dir='ltr'>neque</span> <span class='ocrx_word' id='word_1_561' title='bbox 1548 3943 1691 4002; x_wconf 79' lang='lat' dir='ltr'>praeoptant.</span> 
     </span>
     <span class='ocr_line' id='line_1_52' title="bbox 180 4015 1413 4077; baseline 0.006 -14"><span class='ocrx_word' id='word_1_562' title='bbox 180 4015 306 4065; x_wconf 86' lang='lat' dir='ltr'>obediendi</span> <span class='ocrx_word' id='word_1_563' title='bbox 316 4019 424 4065; x_wconf 77' lang='lat' dir='ltr'>currerat.</span> <span class='ocrx_word' id='word_1_564' title='bbox 434 4015 461 4064; x_wconf 92' lang='lat' dir='ltr'>ld</span> <span class='ocrx_word' id='word_1_565' title='bbox 468 4017 531 4064; x_wconf 87' lang='lat' dir='ltr'>enirn</span> <span class='ocrx_word' id='word_1_566' title='bbox 540 4016 578 4064; x_wconf 85' lang='lat' dir='ltr'>rel</span> <span class='ocrx_word' id='word_1_567' title='bbox 586 4016 691 4064; x_wconf 81' lang='lat' dir='ltr'>maxime</span> <span class='ocrx_word' id='word_1_568' title='bbox 697 4017 789 4064; x_wconf 79' lang='lat' dir='ltr'>natutrae</span> <span class='ocrx_word' id='word_1_569' title='bbox 795 4015 956 4077; x_wconf 71' lang='lat' dir='ltr'>praestantium</span> <span class='ocrx_word' id='word_1_570' title='bbox 1371 4021 1413 4070; x_wconf 81' lang='lat'>59.</span> 
     </span>
     <span class='ocr_line' id='line_1_53' title="bbox 179 4091 1786 4165; baseline 0.007 -25"><span class='ocrx_word' id='word_1_571' title='bbox 179 4091 300 4142; x_wconf 83' lang='lat' dir='ltr'>declarare</span> <span class='ocrx_word' id='word_1_572' title='bbox 315 4092 389 4151; x_wconf 84' lang='lat' dir='ltr'>solet,</span> <span class='ocrx_word' id='word_1_573' title='bbox 406 4093 425 4140; x_wconf 87' lang='lat' dir='ltr'>si</span> <span class='ocrx_word' id='word_1_574' title='bbox 440 4093 493 4153; x_wconf 86' lang='lat' dir='ltr'>quis</span> <span class='ocrx_word' id='word_1_575' title='bbox 504 4093 616 4140; x_wconf 89' lang='lat' dir='ltr'>nimirum</span> <span class='ocrx_word' id='word_1_576' title='bbox 635 4094 775 4142; x_wconf 85' lang='lat' dir='ltr'>econsueto</span> <span class='ocrx_word' id='word_1_577' title='bbox 786 4092 957 4153; x_wconf 82' lang='lat' dir='ltr'>communique</span> <span class='ocrx_word' id='word_1_578' title='bbox 1032 4097 1133 4147; x_wconf 80' lang='lat' dir='ltr'>Videtur</span> <span class='ocrx_word' id='word_1_579' title='bbox 1140 4098 1212 4147; x_wconf 87' lang='grc' dir='ltr'>Ιιοιιιο</span> <span class='ocrx_word' id='word_1_580' title='bbox 1222 4099 1314 4148; x_wconf 85' lang='lat' dir='ltr'>lucilius</span> <span class='ocrx_word' id='word_1_581' title='bbox 1323 4100 1414 4150; x_wconf 87' lang='lat' dir='ltr'>honore</span> <span class='ocrx_word' id='word_1_582' title='bbox 1420 4100 1527 4150; x_wconf 80' lang='grc' dir='ltr'>ειιίιιοιίί</span> <span class='ocrx_word' id='word_1_583' title='bbox 1537 4112 1566 4149; x_wconf 83' lang='lat' dir='ltr'>uc</span> <span class='ocrx_word' id='word_1_584' title='bbox 1572 4101 1649 4164; x_wconf 86' lang='lat' dir='ltr'>decipi</span> <span class='ocrx_word' id='word_1_585' title='bbox 1658 4115 1731 4165; x_wconf 88' lang='lat' dir='ltr'>quarn</span> <span class='ocrx_word' id='word_1_586' title='bbox 1740 4117 1786 4152; x_wconf 83' lang='lat' dir='ltr'>ca-</span> 
     </span>
     <span class='ocr_line' id='line_1_54' title="bbox 180 4169 1786 4239; baseline 0.007 -21"><span class='ocrx_word' id='word_1_587' title='bbox 180 4183 248 4219; x_wconf 89' lang='lat' dir='ltr'>more</span> <span class='ocrx_word' id='word_1_588' title='bbox 261 4170 285 4219; x_wconf 93' lang='lat' dir='ltr'>in</span> <span class='ocrx_word' id='word_1_589' title='bbox 304 4171 389 4220; x_wconf 86' lang='lat' dir='ltr'>melius</span> <span class='ocrx_word' id='word_1_590' title='bbox 407 4169 521 4231; x_wconf 80' lang='lat' dir='ltr'>quiddam</span> <span class='ocrx_word' id='word_1_591' title='bbox 539 4170 564 4217; x_wconf 83' lang='lat' dir='ltr'>ui</span> <span class='ocrx_word' id='word_1_592' title='bbox 578 4183 621 4218; x_wconf 83' lang='grc' dir='ltr'>ευε</span> <span class='ocrx_word' id='word_1_593' title='bbox 632 4171 793 4233; x_wconf 79' lang='lat' dir='ltr'>progreditur.</span> <span class='ocrx_word' id='word_1_594' title='bbox 812 4173 955 4232; x_wconf 87' lang='lat' dir='ltr'>itemporro</span> <span class='ocrx_word' id='word_1_595' title='bbox 1001 4173 1117 4224; x_wconf 81' lang='lat' dir='ltr'>lumitate.</span> <span class='ocrx_word' id='word_1_596' title='bbox 1150 4179 1212 4224; x_wconf 84' lang='lat' dir='ltr'>Ecce</span> <span class='ocrx_word' id='word_1_597' title='bbox 1231 4176 1298 4226; x_wconf 89' lang='lat' dir='ltr'>enim</span> <span class='ocrx_word' id='word_1_598' title='bbox 1317 4177 1442 4227; x_wconf 83' lang='lat' dir='ltr'>Theodosii</span> <span class='ocrx_word' id='word_1_599' title='bbox 1472 4177 1623 4239; x_wconf 85' lang='lat' dir='ltr'>imperatoris</span> <span class='ocrx_word' id='word_1_600' title='bbox 1648 4179 1786 4230; x_wconf 81' lang='lat' dir='ltr'>administri</span> 
     </span>
     <span class='ocr_line' id='line_1_55' title="bbox 179 4248 1786 4316; baseline 0.005 -18"><span class='ocrx_word' id='word_1_601' title='bbox 179 4248 318 4311; x_wconf 80' lang='lat' dir='ltr'>esubjectis</span> <span class='ocrx_word' id='word_1_602' title='bbox 335 4249 450 4310; x_wconf 76' lang='lat' dir='ltr'>exemptis</span> <span class='ocrx_word' id='word_1_603' title='bbox 467 4261 611 4310; x_wconf 76' lang='lat' dir='ltr'>cognoscere</span> <span class='ocrx_word' id='word_1_604' title='bbox 630 4249 724 4310; x_wconf 87' lang='lat' dir='ltr'>licebit,</span> <span class='ocrx_word' id='word_1_605' title='bbox 742 4263 797 4312; x_wconf 80' lang='lat' dir='ltr'>quae</span> <span class='ocrx_word' id='word_1_606' title='bbox 808 4250 888 4299; x_wconf 89' lang='lat' dir='ltr'>cuncti</span> <span class='ocrx_word' id='word_1_607' title='bbox 898 4251 956 4301; x_wconf 82' lang='lat' dir='ltr'>iate·</span> <span class='ocrx_word' id='word_1_608' title='bbox 1002 4251 1011 4312; x_wconf 82' lang='grc' dir='ltr'>ί</span> <span class='ocrx_word' id='word_1_609' title='bbox 1017 4251 1123 4314; x_wconf 74' lang='lat' dir='ltr'>Rufinus</span> <span class='ocrx_word' id='word_1_610' title='bbox 1135 4253 1239 4316; x_wconf 79' lang='lat' dir='ltr'>ejusque</span> <span class='ocrx_word' id='word_1_611' title='bbox 1247 4253 1395 4313; x_wconf 70' lang='lat' dir='ltr'>rociildum</span> <span class='ocrx_word' id='word_1_612' title='bbox 1415 4254 1516 4302; x_wconf 84' lang='lat' dir='ltr'>Tutiano</span> <span class='ocrx_word' id='word_1_613' title='bbox 1531 4255 1622 4302; x_wconf 82' lang='lat' dir='ltr'>aulicos</span> <span class='ocrx_word' id='word_1_614' title='bbox 1638 4269 1689 4303; x_wconf 73' lang='lat' dir='ltr'>nne</span> <span class='ocrx_word' id='word_1_615' title='bbox 1708 4258 1786 4306; x_wconf 88' lang='lat' dir='ltr'>modo</span> 
     </span>
     <span class='ocr_line' id='line_1_56' title="bbox 180 4327 1786 4397; baseline 0.006 -21"><span class='ocrx_word' id='word_1_616' title='bbox 180 4328 276 4388; x_wconf 87' lang='lat' dir='ltr'>bantur,</span> <span class='ocrx_word' id='word_1_617' title='bbox 289 4329 385 4377; x_wconf 87' lang='lat' dir='ltr'>nemine</span> <span class='ocrx_word' id='word_1_618' title='bbox 396 4327 575 4378; x_wconf 84' lang='lat' dir='ltr'>contradicente</span> <span class='ocrx_word' id='word_1_619' title='bbox 580 4345 588 4389; x_wconf 75' lang='grc' dir='ltr'>ς</span> <span class='ocrx_word' id='word_1_620' title='bbox 600 4330 704 4390; x_wconf 88' lang='lat' dir='ltr'>nemine,</span> <span class='ocrx_word' id='word_1_621' title='bbox 715 4330 823 4392; x_wconf 88' lang='lat' dir='ltr'>inquam,</span> <span class='ocrx_word' id='word_1_622' title='bbox 835 4330 876 4379; x_wconf 83' lang='lat' dir='ltr'>rel</span> <span class='ocrx_word' id='word_1_623' title='bbox 883 4343 911 4378; x_wconf 86' lang='lat' dir='ltr'>eu</span> <span class='ocrx_word' id='word_1_624' title='bbox 925 4331 953 4379; x_wconf 87' lang='lat' dir='ltr'>iis</span> <span class='ocrx_word' id='word_1_625' title='bbox 1001 4329 1104 4380; x_wconf 84' lang='lat' dir='ltr'>honores</span> <span class='ocrx_word' id='word_1_626' title='bbox 1115 4334 1140 4380; x_wconf 91' lang='lat' dir='ltr'>et</span> <span class='ocrx_word' id='word_1_627' title='bbox 1152 4331 1264 4393; x_wconf 77' lang='lat' dir='ltr'>praeteriti</span> <span class='ocrx_word' id='word_1_628' title='bbox 1278 4333 1392 4394; x_wconf 85' lang='lat' dir='ltr'>temporis</span> <span class='ocrx_word' id='word_1_629' title='bbox 1401 4333 1546 4381; x_wconf 82' lang='lat' dir='ltr'>oblivionem</span> <span class='ocrx_word' id='word_1_630' title='bbox 1562 4333 1693 4394; x_wconf 79' lang='lat' dir='ltr'>spondent,</span> <span class='ocrx_word' id='word_1_631' title='bbox 1708 4339 1786 4397; x_wconf 86' lang='lat' dir='ltr'>atque</span> 
     </span>
     <span class='ocr_line' id='line_1_57' title="bbox 179 4407 1786 4472; baseline 0.004 -16"><span class='ocrx_word' id='word_1_632' title='bbox 179 4407 221 4469; x_wconf 91' lang='lat' dir='ltr'>qui</span> <span class='ocrx_word' id='word_1_633' title='bbox 233 4407 496 4468; x_wconf 81' lang='lat' dir='ltr'>communemnugaudi</span> <span class='ocrx_word' id='word_1_634' title='bbox 506 4420 689 4469; x_wconf 79' lang='lat' dir='ltr'>morernpraese</span> <span class='ocrx_word' id='word_1_635' title='bbox 700 4409 814 4458; x_wconf 82' lang='lat' dir='ltr'>terebant.</span> <span class='ocrx_word' id='word_1_636' title='bbox 1001 4407 1103 4456; x_wconf 81' lang='lat' dir='ltr'>infinitas</span> <span class='ocrx_word' id='word_1_637' title='bbox 1120 4408 1145 4456; x_wconf 90' lang='lat' dir='ltr'>iu</span> <span class='ocrx_word' id='word_1_638' title='bbox 1157 4409 1265 4456; x_wconf 84' lang='lat' dir='ltr'>tuturmn</span> <span class='ocrx_word' id='word_1_639' title='bbox 1289 4421 1341 4470; x_wconf 78' lang='lat' dir='ltr'>spes</span> <span class='ocrx_word' id='word_1_640' title='bbox 1352 4409 1495 4468; x_wconf 87' lang='lat' dir='ltr'>ostendunt,</span> <span class='ocrx_word' id='word_1_641' title='bbox 1508 4415 1677 4470; x_wconf 86' lang='lat' dir='ltr'>persuaserunt</span> <span class='ocrx_word' id='word_1_642' title='bbox 1693 4411 1736 4472; x_wconf 84' lang='lat' dir='ltr'>itii,</span> <span class='ocrx_word' id='word_1_643' title='bbox 1755 4418 1786 4464; x_wconf 91' lang='lat' dir='ltr'>ut</span> 
     </span>
     <span class='ocr_line' id='line_1_58' title="bbox 543 4483 1784 4547; baseline 0.008 -18"><span class='ocrx_word' id='word_1_644' title='bbox 543 4490 588 4540; x_wconf 76' lang='lat'>58,</span> <span class='ocrx_word' id='word_1_645' title='bbox 1001 4483 1077 4534; x_wconf 82' lang='lat' dir='ltr'>iulium</span> <span class='ocrx_word' id='word_1_646' title='bbox 1089 4486 1216 4534; x_wconf 86' lang='lat' dir='ltr'>Proculum</span> <span class='ocrx_word' id='word_1_647' title='bbox 1224 4485 1352 4534; x_wconf 87' lang='lat' dir='ltr'>adduceret</span> <span class='ocrx_word' id='word_1_648' title='bbox 1361 4502 1368 4544; x_wconf 76' lang='grc' dir='ltr'>ς</span> <span class='ocrx_word' id='word_1_649' title='bbox 1378 4498 1426 4547; x_wconf 87' lang='lat' dir='ltr'>qno</span> <span class='ocrx_word' id='word_1_650' title='bbox 1436 4487 1545 4547; x_wconf 89' lang='lat' dir='ltr'>protinus</span> <span class='ocrx_word' id='word_1_651' title='bbox 1553 4487 1578 4534; x_wconf 88' lang='lat' dir='ltr'>iu</span> <span class='ocrx_word' id='word_1_652' title='bbox 1590 4501 1711 4536; x_wconf 86' lang='lat' dir='ltr'>carcerem</span> <span class='ocrx_word' id='word_1_653' title='bbox 1725 4502 1784 4539; x_wconf 90' lang='lat' dir='ltr'>eon·</span> 
     </span>
    </p>
   </div>
   <div class='ocr_carea' id='block_1_10' title="bbox 177 4561 1784 5173">
    <p class='ocr_par' dir='ltr' id='par_1_10' title="bbox 207 4561 1720 4634">
     <span class='ocr_line' id='line_1_59' title="bbox 207 4561 1720 4634; baseline -0.003 -16"><span class='ocrx_word' id='word_1_654' title='bbox 207 4567 340 4618; x_wconf 82' lang='lat' dir='ltr'>Theodosio</span> <span class='ocrx_word' id='word_1_655' title='bbox 348 4569 492 4630; x_wconf 80' lang='lat' dir='ltr'>imperante,</span> <span class='ocrx_word' id='word_1_656' title='bbox 503 4583 579 4631; x_wconf 88' lang='lat' dir='ltr'>quum</span> <span class='ocrx_word' id='word_1_657' title='bbox 592 4571 711 4621; x_wconf 82' lang='lat' dir='ltr'>ltaxitnus</span> <span class='ocrx_word' id='word_1_658' title='bbox 719 4571 852 4631; x_wconf 79' lang='lat' dir='ltr'>rebellaret,</span> <span class='ocrx_word' id='word_1_659' title='bbox 863 4573 887 4620; x_wconf 86' lang='lat' dir='ltr'>et</span> <span class='ocrx_word' id='word_1_660' title='bbox 894 4584 955 4634; x_wconf 65' lang='grc' dir='ltr'>ρων.</span> <span class='ocrx_word' id='word_1_661' title='bbox 997 4565 1071 4622; x_wconf 80' lang='lat' dir='ltr'>jecto,</span> <span class='ocrx_word' id='word_1_662' title='bbox 1081 4561 1205 4611; x_wconf 86' lang='lat' dir='ltr'>Tatiunum</span> <span class='ocrx_word' id='word_1_663' title='bbox 1215 4561 1342 4623; x_wconf 86' lang='lat' dir='ltr'>iuLyciam</span> <span class='ocrx_word' id='word_1_664' title='bbox 1356 4562 1405 4610; x_wconf 82' lang='lat' dir='ltr'>iulio</span> <span class='ocrx_word' id='word_1_665' title='bbox 1418 4563 1531 4612; x_wconf 87' lang='lat' dir='ltr'>orbatum</span> <span class='ocrx_word' id='word_1_666' title='bbox 1544 4563 1720 4625; x_wconf 82' lang='lat' dir='ltr'>relegaverunt.</span> 
     </span>
    </p>

    <p class='ocr_par' dir='ltr' id='par_1_11' title="bbox 177 4645 1406 4710">
     <span class='ocr_line' id='line_1_60' title="bbox 177 4645 1406 4710; baseline 0.005 -16"><span class='ocrx_word' id='word_1_667' title='bbox 177 4647 242 4695; x_wconf 86' lang='lat' dir='ltr'>terea</span> <span class='ocrx_word' id='word_1_668' title='bbox 253 4645 348 4694; x_wconf 81' lang='lat' dir='ltr'>barbari</span> <span class='ocrx_word' id='word_1_669' title='bbox 363 4647 482 4696; x_wconf 74' lang='lat' dir='ltr'>Romanos</span> <span class='ocrx_word' id='word_1_670' title='bbox 491 4646 554 4696; x_wconf 87' lang='lat' dir='ltr'>betto</span> <span class='ocrx_word' id='word_1_671' title='bbox 562 4650 713 4710; x_wconf 84' lang='lat' dir='ltr'>appeterent,</span> <span class='ocrx_word' id='word_1_672' title='bbox 725 4648 787 4698; x_wconf 80' lang='lat' dir='ltr'>tame</span> <span class='ocrx_word' id='word_1_673' title='bbox 796 4649 857 4698; x_wconf 88' lang='lat' dir='ltr'>inter</span> <span class='ocrx_word' id='word_1_674' title='bbox 867 4649 953 4698; x_wconf 81' lang='lat' dir='ltr'>barba·</span> <span class='ocrx_word' id='word_1_675' title='bbox 1362 4645 1406 4694; x_wconf 81' lang='grc'>60-</span> 
     </span>
    </p>

    <p class='ocr_par' dir='ltr' id='par_1_12' title="bbox 177 4721 1784 5173">
     <span class='ocr_line' id='line_1_61' title="bbox 178 4721 1784 4789; baseline 0.005 -19"><span class='ocrx_word' id='word_1_676' title='bbox 178 4733 217 4770; x_wconf 85' lang='grc' dir='ltr'>εοε</span> <span class='ocrx_word' id='word_1_677' title='bbox 230 4722 356 4782; x_wconf 85' lang='lat' dir='ltr'>manabat,</span> <span class='ocrx_word' id='word_1_678' title='bbox 368 4721 433 4783; x_wconf 88' lang='lat' dir='ltr'>quod</span> <span class='ocrx_word' id='word_1_679' title='bbox 451 4725 552 4773; x_wconf 77' lang='lat' dir='ltr'>Romani</span> <span class='ocrx_word' id='word_1_680' title='bbox 568 4725 675 4787; x_wconf 80' lang='lat' dir='ltr'>ingentes</span> <span class='ocrx_word' id='word_1_681' title='bbox 683 4726 763 4787; x_wconf 85' lang='lat' dir='ltr'>copias</span> <span class='ocrx_word' id='word_1_682' title='bbox 777 4725 952 4774; x_wconf 83' lang='lat' dir='ltr'>contraherent.</span> <span class='ocrx_word' id='word_1_683' title='bbox 1030 4722 1314 4784; x_wconf 77' lang='lat' dir='ltr'>Suthreodosioprimis</span> <span class='ocrx_word' id='word_1_684' title='bbox 1325 4724 1476 4786; x_wconf 80' lang='lat' dir='ltr'>eiusimperii</span> <span class='ocrx_word' id='word_1_685' title='bbox 1487 4724 1555 4773; x_wconf 86' lang='lat' dir='ltr'>annis</span> <span class='ocrx_word' id='word_1_686' title='bbox 1566 4725 1784 4789; x_wconf 80' lang='lat' dir='ltr'>Scytharumgens</span> 
     </span>
     <span class='ocr_line' id='line_1_62' title="bbox 178 4799 1780 4866; baseline 0.006 -19"><span class='ocrx_word' id='word_1_687' title='bbox 178 4803 257 4857; x_wconf 85' lang='lat' dir='ltr'>Quare</span> <span class='ocrx_word' id='word_1_688' title='bbox 279 4799 413 4861; x_wconf 84' lang='lat' dir='ltr'>pericolum</span> <span class='ocrx_word' id='word_1_689' title='bbox 432 4804 570 4864; x_wconf 79' lang='lat' dir='ltr'>reputantes</span> <span class='ocrx_word' id='word_1_690' title='bbox 591 4803 686 4852; x_wconf 84' lang='lat' dir='ltr'>barbari</span> <span class='ocrx_word' id='word_1_691' title='bbox 708 4803 739 4852; x_wconf 81' lang='lat' dir='ltr'>ed</span> <span class='ocrx_word' id='word_1_692' title='bbox 756 4805 897 4852; x_wconf 86' lang='lat' dir='ltr'>consnetnm</span> <span class='ocrx_word' id='word_1_693' title='bbox 909 4803 954 4852; x_wconf 84' lang='lat' dir='ltr'>sibi</span> <span class='ocrx_word' id='word_1_694' title='bbox 999 4800 1093 4850; x_wconf 77' lang='lat' dir='ltr'>sedibm</span> <span class='ocrx_word' id='word_1_695' title='bbox 1104 4801 1153 4850; x_wconf 83' lang='lat' dir='ltr'>suis</span> <span class='ocrx_word' id='word_1_696' title='bbox 1161 4803 1271 4850; x_wconf 86' lang='lat' dir='ltr'>excitaet</span> <span class='ocrx_word' id='word_1_697' title='bbox 1283 4802 1314 4850; x_wconf 84' lang='lat' dir='ltr'>ab</span> <span class='ocrx_word' id='word_1_698' title='bbox 1325 4805 1417 4852; x_wconf 79' lang='lat' dir='ltr'>Hrunnis</span> <span class='ocrx_word' id='word_1_699' title='bbox 1426 4803 1525 4866; x_wconf 82' lang='lat' dir='ltr'>expulsa</span> <span class='ocrx_word' id='word_1_700' title='bbox 1536 4839 1543 4863; x_wconf 94' lang='lat'>,</span> <span class='ocrx_word' id='word_1_701' title='bbox 1554 4816 1602 4852; x_wconf 87' lang='grc' dir='ltr'>ιιιιιι</span> <span class='ocrx_word' id='word_1_702' title='bbox 1613 4817 1668 4852; x_wconf 90' lang='lat' dir='ltr'>cum</span> <span class='ocrx_word' id='word_1_703' title='bbox 1677 4819 1780 4857; x_wconf 75' lang='lat' dir='ltr'>surarum</span> 
     </span>
     <span class='ocr_line' id='line_1_63' title="bbox 177 4877 1780 4942; baseline 0.005 -18"><span class='ocrx_word' id='word_1_704' title='bbox 177 4878 318 4938; x_wconf 79' lang='lat' dir='ltr'>strategema</span> <span class='ocrx_word' id='word_1_705' title='bbox 334 4877 504 4941; x_wconf 75' lang='lat' dir='ltr'>confugerunt3</span> <span class='ocrx_word' id='word_1_706' title='bbox 522 4880 545 4928; x_wconf 91' lang='lat' dir='ltr'>in</span> <span class='ocrx_word' id='word_1_707' title='bbox 560 4879 688 4942; x_wconf 84' lang='lat' dir='ltr'>paludibus</span> <span class='ocrx_word' id='word_1_708' title='bbox 700 4893 786 4941; x_wconf 86' lang='lat' dir='ltr'>nempe</span> <span class='ocrx_word' id='word_1_709' title='bbox 797 4879 955 4929; x_wconf 82' lang='lat' dir='ltr'>Macedonicis</span> <span class='ocrx_word' id='word_1_710' title='bbox 998 4878 1105 4928; x_wconf 90' lang='lat' dir='ltr'>tribuum</span> <span class='ocrx_word' id='word_1_711' title='bbox 1123 4878 1237 4940; x_wconf 84' lang='lat' dir='ltr'>ducibus,</span> <span class='ocrx_word' id='word_1_712' title='bbox 1260 4879 1301 4941; x_wconf 90' lang='lat' dir='ltr'>qui</span> <span class='ocrx_word' id='word_1_713' title='bbox 1324 4893 1409 4941; x_wconf 83' lang='lat' dir='ltr'>genere</span> <span class='ocrx_word' id='word_1_714' title='bbox 1430 4882 1455 4930; x_wconf 85' lang='lat' dir='ltr'>et</span> <span class='ocrx_word' id='word_1_715' title='bbox 1471 4879 1596 4928; x_wconf 86' lang='lat' dir='ltr'>nobilitate</span> <span class='ocrx_word' id='word_1_716' title='bbox 1616 4883 1780 4942; x_wconf 73' lang='lat' dir='ltr'>prestabant.</span> 
     </span>
     <span class='ocr_line' id='line_1_64' title="bbox 177 4952 1781 5019; baseline 0.006 -20"><span class='ocrx_word' id='word_1_717' title='bbox 177 4955 253 5000; x_wconf 86' lang='lat' dir='ltr'>semet</span> <span class='ocrx_word' id='word_1_718' title='bbox 272 4952 424 5002; x_wconf 82' lang='lat' dir='ltr'>abdiderunt.</span> <span class='ocrx_word' id='word_1_719' title='bbox 457 4959 557 5006; x_wconf 79' lang='lat' dir='ltr'>Prorsus</span> <span class='ocrx_word' id='word_1_720' title='bbox 567 4961 648 5006; x_wconf 91' lang='lat' dir='ltr'>autem</span> <span class='ocrx_word' id='word_1_721' title='bbox 660 4957 752 5005; x_wconf 82' lang='lat' dir='ltr'>crunctis</span> <span class='ocrx_word' id='word_1_722' title='bbox 770 4957 888 5014; x_wconf 88' lang='lat' dir='ltr'>innotuit,</span> <span class='ocrx_word' id='word_1_723' title='bbox 906 4959 953 5005; x_wconf 87' lang='lat' dir='ltr'>ito·</span> <span class='ocrx_word' id='word_1_724' title='bbox 999 4956 1150 5016; x_wconf 83' lang='lat' dir='ltr'>trajecerant.</span> <span class='ocrx_word' id='word_1_725' title='bbox 1173 4955 1203 5004; x_wconf 88' lang='lat' dir='ltr'>iti</span> <span class='ocrx_word' id='word_1_726' title='bbox 1225 4957 1356 5006; x_wconf 83' lang='lat' dir='ltr'>honoribus</span> <span class='ocrx_word' id='word_1_727' title='bbox 1380 4957 1411 5006; x_wconf 83' lang='lat' dir='ltr'>ab</span> <span class='ocrx_word' id='word_1_728' title='bbox 1434 4957 1577 5019; x_wconf 87' lang='lat' dir='ltr'>imperatore</span> <span class='ocrx_word' id='word_1_729' title='bbox 1601 4957 1688 5007; x_wconf 78' lang='lat' dir='ltr'>delatis</span> <span class='ocrx_word' id='word_1_730' title='bbox 1710 4973 1781 5009; x_wconf 83' lang='lat' dir='ltr'>arro·</span> 
     </span>
     <span class='ocr_line' id='line_1_65' title="bbox 178 5029 1783 5096; baseline 0.007 -20"><span class='ocrx_word' id='word_1_731' title='bbox 178 5029 460 5092; x_wconf 83' lang='lat' dir='ltr'>manumimperium.si‚</span> <span class='ocrx_word' id='word_1_732' title='bbox 470 5032 706 5094; x_wconf 85' lang='lat' dir='ltr'>deliciisrepudiatis‚</span> <span class='ocrx_word' id='word_1_733' title='bbox 717 5033 806 5082; x_wconf 87' lang='lat' dir='ltr'>bellurn</span> <span class='ocrx_word' id='word_1_734' title='bbox 815 5032 953 5093; x_wconf 85' lang='lat' dir='ltr'>meditetur,</span> <span class='ocrx_word' id='word_1_735' title='bbox 997 5031 1115 5093; x_wconf 77' lang='lat' dir='ltr'>qautioree</span> <span class='ocrx_word' id='word_1_736' title='bbox 1127 5032 1182 5080; x_wconf 86' lang='lat' dir='ltr'>iacti</span> <span class='ocrx_word' id='word_1_737' title='bbox 1197 5035 1222 5081; x_wconf 88' lang='lat' dir='ltr'>et</span> <span class='ocrx_word' id='word_1_738' title='bbox 1238 5035 1318 5082; x_wconf 84' lang='lat' dir='ltr'>omnia</span> <span class='ocrx_word' id='word_1_739' title='bbox 1332 5034 1356 5082; x_wconf 91' lang='lat' dir='ltr'>in</span> <span class='ocrx_word' id='word_1_740' title='bbox 1374 5047 1400 5082; x_wconf 89' lang='lat' dir='ltr'>se</span> <span class='ocrx_word' id='word_1_741' title='bbox 1417 5034 1495 5095; x_wconf 87' lang='lat' dir='ltr'>posita</span> <span class='ocrx_word' id='word_1_742' title='bbox 1509 5034 1699 5096; x_wconf 81' lang='lat' dir='ltr'>conspicientes,</span> <span class='ocrx_word' id='word_1_743' title='bbox 1717 5037 1783 5088; x_wconf 88' lang='lat' dir='ltr'>inter</span> 
     </span>
     <span class='ocr_line' id='line_1_66' title="bbox 178 5091 1782 5173; baseline 0.007 -20"><span class='ocrx_word' id='word_1_744' title='bbox 178 5091 267 5154; x_wconf 86' lang='lat' dir='ltr'>nullam</span> <span class='ocrx_word' id='word_1_745' title='bbox 277 5107 393 5158; x_wconf 84' lang='lat' dir='ltr'>terrarum</span> <span class='ocrx_word' id='word_1_746' title='bbox 402 5113 493 5172; x_wconf 83' lang='lat' dir='ltr'>partem</span> <span class='ocrx_word' id='word_1_747' title='bbox 504 5109 643 5160; x_wconf 85' lang='lat' dir='ltr'>indomitam</span> <span class='ocrx_word' id='word_1_748' title='bbox 653 5123 681 5160; x_wconf 88' lang='lat' dir='ltr'>ac</span> <span class='ocrx_word' id='word_1_749' title='bbox 693 5111 793 5160; x_wconf 84' lang='lat' dir='ltr'>liberam</span> <span class='ocrx_word' id='word_1_750' title='bbox 803 5110 952 5161; x_wconf 81' lang='lat' dir='ltr'>relicturum.</span> <span class='ocrx_word' id='word_1_751' title='bbox 998 5121 1023 5158; x_wconf 90' lang='lat' dir='ltr'>se</span> <span class='ocrx_word' id='word_1_752' title='bbox 1033 5121 1080 5157; x_wconf 88' lang='lat' dir='ltr'>non</span> <span class='ocrx_word' id='word_1_753' title='bbox 1091 5121 1191 5171; x_wconf 83' lang='lat' dir='ltr'>parram</span> <span class='ocrx_word' id='word_1_754' title='bbox 1200 5109 1340 5160; x_wconf 83' lang='lat' dir='ltr'>seditionem</span> <span class='ocrx_word' id='word_1_755' title='bbox 1353 5111 1503 5172; x_wconf 85' lang='lat' dir='ltr'>excitarunt,</span> <span class='ocrx_word' id='word_1_756' title='bbox 1515 5123 1592 5173; x_wconf 88' lang='lat' dir='ltr'>quum</span> <span class='ocrx_word' id='word_1_757' title='bbox 1604 5111 1644 5160; x_wconf 85' lang='lat' dir='ltr'>ulii</span> <span class='ocrx_word' id='word_1_758' title='bbox 1654 5112 1782 5163; x_wconf 82' lang='lat' dir='ltr'>hortaren-</span> 
     </span>
    </p>
   </div>
   <div class='ocr_carea' id='block_1_11' title="bbox 0 0 1926 5726">
    <p class='ocr_par' dir='ltr' id='par_1_13' title="bbox 0 0 1926 5726">
     <span class='ocr_line' id='line_1_67' title="bbox 0 0 1926 5726; baseline 0 5"><span class='ocrx_word' id='word_1_759' title='bbox 0 0 1926 5726; x_wconf 95' lang='lat' dir='ltr'> </span> 
     </span>
    </p>
   </div>
  </div>
 </body>
</html>
