<?xml version="1.0" encoding="UTF-8"?>
<!DOCTYPE html PUBLIC "-//W3C//DTD XHTML 1.0 Transitional//EN"
    "http://www.w3.org/TR/xhtml1/DTD/xhtml1-transitional.dtd">
<html xmlns="http://www.w3.org/1999/xhtml" xml:lang="en" lang="en">
 <head>
  <title>
</title>
<meta http-equiv="Content-Type" content="text/html;charset=utf-8" />
  <meta name='ocr-system' content='tesseract 3.04.00' />
  <meta name='ocr-capabilities' content='ocr_page ocr_carea ocr_par ocr_line ocrx_word'/>
</head>
<body>
  <div class='ocr_page' id='page_1' title='image "./fragmentahistor01antgoog_0240.png"; bbox 0 0 3830 5720; ppageno 0'>
   <div class='ocr_carea' id='block_1_1' title="bbox 208 325 1260 388">
    <p class='ocr_par' dir='ltr' id='par_1_1' title="bbox 208 325 1260 388">
     <span class='ocr_line' id='line_1_1' title="bbox 208 325 1260 388; baseline -0.001 -1"><span class='ocrx_word' id='word_1_1' title='bbox 208 337 263 388; x_wconf 75' lang='lat' dir='ltr'><strong>tit</strong></span> <span class='ocrx_word' id='word_1_2' title='bbox 767 325 970 386; x_wconf 78' lang='lat' dir='ltr'><strong>MllNANDRl</strong></span> <span class='ocrx_word' id='word_1_3' title='bbox 995 327 1260 388; x_wconf 76' lang='lat' dir='ltr'><strong>usotsctouis</strong></span> 
     </span>
    </p>
   </div>
   <div class='ocr_carea' id='block_1_2' title="bbox 202 454 1879 2820">
    <p class='ocr_par' dir='ltr' id='par_1_2' title="bbox 204 454 1879 1242">
     <span class='ocr_line' id='line_1_2' title="bbox 204 454 1775 538; baseline 0.003 -22"><span class='ocrx_word' id='word_1_4' title='bbox 204 454 300 532; x_wconf 84' lang='grc' dir='ltr'>Ὅμως</span> <span class='ocrx_word' id='word_1_5' title='bbox 314 459 328 514; x_wconf 86' lang='grc' dir='ltr'>δ</span> <span class='ocrx_word' id='word_1_6' title='bbox 342 455 500 524; x_wconf 79' lang='grc' dir='ltr'>Διζάδουλος</span> <span class='ocrx_word' id='word_1_7' title='bbox 513 454 650 535; x_wconf 68' lang='grc' dir='ltr'>(ἀγχίνους</span> <span class='ocrx_word' id='word_1_8' title='bbox 662 455 712 535; x_wconf 86' lang='grc' dir='ltr'>γάρ</span> <span class='ocrx_word' id='word_1_9' title='bbox 726 478 763 522; x_wconf 87' lang='grc' dir='ltr'><strong>τις</strong></span> <span class='ocrx_word' id='word_1_10' title='bbox 777 455 822 514; x_wconf 88' lang='grc' dir='ltr'><strong>καί</strong></span> <span class='ocrx_word' id='word_1_11' title='bbox 832 455 929 530; x_wconf 73' lang='grc' dir='ltr'>δεινός)</span> <span class='ocrx_word' id='word_1_12' title='bbox 941 459 988 515; x_wconf 83' lang='grc' dir='ltr'><strong>οὐκ</strong></span> <span class='ocrx_word' id='word_1_13' title='bbox 1035 457 1103 524; x_wconf 93' lang='grc' dir='ltr'>νίας·</span> <span class='ocrx_word' id='word_1_14' title='bbox 1123 459 1153 517; x_wconf 85' lang='grc' dir='ltr'><strong>τὸ</strong></span> <span class='ocrx_word' id='word_1_15' title='bbox 1172 459 1200 517; x_wconf 84' lang='grc' dir='ltr'>δι’</span> <span class='ocrx_word' id='word_1_16' title='bbox 1214 483 1243 536; x_wconf 89' lang='grc' dir='ltr'>γε</span> <span class='ocrx_word' id='word_1_17' title='bbox 1259 459 1353 538; x_wconf 83' lang='grc' dir='ltr'>κράτος</span> <span class='ocrx_word' id='word_1_18' title='bbox 1369 463 1413 517; x_wconf 90' lang='grc' dir='ltr'><strong>τοῦ</strong></span> <span class='ocrx_word' id='word_1_19' title='bbox 1433 457 1575 536; x_wconf 79' lang='grc' dir='ltr'>ξύμπαντος</span> <span class='ocrx_word' id='word_1_20' title='bbox 1588 458 1663 526; x_wconf 74' lang='grc' dir='ltr'>ἔθνους</span> <span class='ocrx_word' id='word_1_21' title='bbox 1681 463 1775 522; x_wconf 68' lang='lat' dir='ltr'><strong>tietdo</strong></span> 
     </span>
     <span class='ocr_line' id='line_1_3' title="bbox 205 536 1879 627; baseline 0.004 -24"><span class='ocrx_word' id='word_1_22' title='bbox 205 547 318 621; x_wconf 84' lang='grc' dir='ltr'>ήγνόησε</span> <span class='ocrx_word' id='word_1_23' title='bbox 330 545 360 604; x_wconf 89' lang='grc' dir='ltr'><strong>τδ</strong></span> <span class='ocrx_word' id='word_1_24' title='bbox 371 545 498 624; x_wconf 76' lang='grc' dir='ltr'>πραχθὲν,</span> <span class='ocrx_word' id='word_1_25' title='bbox 512 545 584 624; x_wconf 81' lang='grc' dir='ltr'>ᾠήθη</span> <span class='ocrx_word' id='word_1_26' title='bbox 600 544 641 615; x_wconf 85' lang='grc' dir='ltr'>δὲ,</span> <span class='ocrx_word' id='word_1_27' title='bbox 654 545 718 624; x_wconf 80' lang='grc' dir='ltr'>ὅπερ</span> <span class='ocrx_word' id='word_1_28' title='bbox 732 545 778 602; x_wconf 79' lang='grc' dir='ltr'><strong>καὶ</strong></span> <span class='ocrx_word' id='word_1_29' title='bbox 794 536 836 617; x_wconf 68' lang='lat' dir='ltr'><strong>lv,</strong></span> <span class='ocrx_word' id='word_1_30' title='bbox 854 548 889 612; x_wconf 82' lang='grc' dir='ltr'>ὡς</span> <span class='ocrx_word' id='word_1_31' title='bbox 903 547 989 604; x_wconf 79' lang='grc' dir='ltr'>ἐδολο-</span> <span class='ocrx_word' id='word_1_32' title='bbox 1035 547 1107 625; x_wconf 83' lang='grc' dir='ltr'>μύνιρ</span> <span class='ocrx_word' id='word_1_33' title='bbox 1116 549 1154 626; x_wconf 80' lang='grc' dir='ltr'><strong>τῷ</strong></span> <span class='ocrx_word' id='word_1_34' title='bbox 1163 545 1328 626; x_wconf 78' lang='grc' dir='ltr'>Διζαδούλῳ.</span> <span class='ocrx_word' id='word_1_35' title='bbox 1338 546 1409 625; x_wconf 86' lang='grc' dir='ltr'>Πρός</span> <span class='ocrx_word' id='word_1_36' title='bbox 1420 569 1449 624; x_wconf 87' lang='grc' dir='ltr'>γε</span> <span class='ocrx_word' id='word_1_37' title='bbox 1459 545 1777 627; x_wconf 77' lang='grc' dir='ltr'>ἔλεξαν,διςπαρεατήσαντο</span> <span class='ocrx_word' id='word_1_38' title='bbox 1878 573 1879 596; x_wconf 70' lang='lat'><em>³</em></span> 
     </span>
     <span class='ocr_line' id='line_1_4' title="bbox 205 631 1778 715; baseline 0.003 -25"><span class='ocrx_word' id='word_1_39' title='bbox 205 633 354 711; x_wconf 63' lang='lat' dir='ltr'><strong>possitquae</strong></span> <span class='ocrx_word' id='word_1_40' title='bbox 368 635 392 690; x_wconf 80' lang='grc' dir='ltr'>οἱ</span> <span class='ocrx_word' id='word_1_41' title='bbox 406 633 536 712; x_wconf 79' lang='grc' dir='ltr'>πρὲσύεις.</span> <span class='ocrx_word' id='word_1_42' title='bbox 551 631 646 692; x_wconf 82' lang='grc' dir='ltr'>Ἔνθεν</span> <span class='ocrx_word' id='word_1_43' title='bbox 666 637 804 710; x_wconf 78' lang='grc' dir='ltr'>τοιγαροῦν</span> <span class='ocrx_word' id='word_1_44' title='bbox 818 637 835 704; x_wconf 81' lang='grc' dir='ltr'><strong>ἡ</strong></span> <span class='ocrx_word' id='word_1_45' title='bbox 850 631 989 709; x_wconf 79' lang='grc' dir='ltr'>δυσμένεια</span> <span class='ocrx_word' id='word_1_46' title='bbox 1035 634 1080 693; x_wconf 79' lang='grc' dir='ltr'><strong>καί</strong></span> <span class='ocrx_word' id='word_1_47' title='bbox 1092 633 1251 715; x_wconf 80' lang='grc' dir='ltr'>Ἐρδαλίτας</span> <span class='ocrx_word' id='word_1_48' title='bbox 1272 634 1350 714; x_wconf 85' lang='grc' dir='ltr'>μέχρι</span> <span class='ocrx_word' id='word_1_49' title='bbox 1362 634 1406 692; x_wconf 84' lang='grc' dir='ltr'><strong>καὶ</strong></span> <span class='ocrx_word' id='word_1_50' title='bbox 1421 636 1447 700; x_wconf 89' lang='grc' dir='ltr'>ίς</span> <span class='ocrx_word' id='word_1_51' title='bbox 1463 631 1541 714; x_wconf 71' lang='grc' dir='ltr'>γάρου</span> <span class='ocrx_word' id='word_1_52' title='bbox 1554 637 1694 714; x_wconf 83' lang='grc' dir='ltr'>ἀπαγωγήν.</span> <span class='ocrx_word' id='word_1_53' title='bbox 1708 665 1719 690; x_wconf 85' lang='grc' dir='ltr'>ι</span> <span class='ocrx_word' id='word_1_54' title='bbox 1732 641 1778 698; x_wconf 81' lang='grc' dir='ltr'><strong>Πᾶ-</strong></span> 
     </span>
     <span class='ocr_line' id='line_1_5' title="bbox 205 713 1780 804; baseline 0.002 -26"><span class='ocrx_word' id='word_1_55' title='bbox 205 721 301 800; x_wconf 79' lang='grc' dir='ltr'>ήρξατο</span> <span class='ocrx_word' id='word_1_56' title='bbox 334 723 443 800; x_wconf 82' lang='grc' dir='ltr'>Περσῶν</span> <span class='ocrx_word' id='word_1_57' title='bbox 470 744 498 780; x_wconf 90' lang='grc' dir='ltr'><strong>τε</strong></span> <span class='ocrx_word' id='word_1_58' title='bbox 522 721 567 779; x_wconf 82' lang='grc' dir='ltr'><strong>καὶ</strong></span> <span class='ocrx_word' id='word_1_59' title='bbox 591 720 728 799; x_wconf 89' lang='grc' dir='ltr'>Τούριιων.</span> <span class='ocrx_word' id='word_1_60' title='bbox 760 719 815 779; x_wconf 80' lang='lat' dir='ltr'><strong>tid</strong></span> <span class='ocrx_word' id='word_1_61' title='bbox 845 721 989 798; x_wconf 79' lang='grc' dir='ltr'>λαῦύμενος</span> <span class='ocrx_word' id='word_1_62' title='bbox 1036 713 1151 797; x_wconf 78' lang='grc' dir='ltr'>σοινούν,</span> <span class='ocrx_word' id='word_1_63' title='bbox 1167 749 1178 772; x_wconf 84' lang='grc' dir='ltr'>ν</span> <span class='ocrx_word' id='word_1_64' title='bbox 1192 721 1241 802; x_wconf 77' lang='grc' dir='ltr'><strong>ἔφη</strong></span> <span class='ocrx_word' id='word_1_65' title='bbox 1256 725 1270 780; x_wconf 82' lang='grc' dir='ltr'>δ</span> <span class='ocrx_word' id='word_1_66' title='bbox 1285 723 1468 801; x_wconf 73' lang='grc' dir='ltr'>αὐτοκράτωρ,</span> <span class='ocrx_word' id='word_1_67' title='bbox 1490 749 1500 772; x_wconf 80' lang='grc' dir='ltr'>ι</span> <span class='ocrx_word' id='word_1_68' title='bbox 1519 722 1564 790; x_wconf 76' lang='grc' dir='ltr'><strong>τήν</strong></span> <span class='ocrx_word' id='word_1_69' title='bbox 1578 726 1625 780; x_wconf 81' lang='grc' dir='ltr'><strong>τῶν</strong></span> <span class='ocrx_word' id='word_1_70' title='bbox 1643 723 1780 804; x_wconf 78' lang='grc' dir='ltr'>Ἐρδαλιτῦιν</span> 
     </span>
     <span class='ocr_line' id='line_1_6' title="bbox 204 808 1780 890; baseline 0 -24"><span class='ocrx_word' id='word_1_71' title='bbox 204 809 365 890; x_wconf 82' lang='grc' dir='ltr'>δΜανιδιχ,</span> <span class='ocrx_word' id='word_1_72' title='bbox 390 809 416 876; x_wconf 89' lang='grc' dir='ltr'><strong>δς</strong></span> <span class='ocrx_word' id='word_1_73' title='bbox 438 812 489 868; x_wconf 83' lang='grc' dir='ltr'><strong>τῶν</strong></span> <span class='ocrx_word' id='word_1_74' title='bbox 515 810 666 888; x_wconf 84' lang='grc' dir='ltr'>Σογδαῖτῶν</span> <span class='ocrx_word' id='word_1_75' title='bbox 690 809 865 889; x_wconf 77' lang='grc' dir='ltr'>προεστήκοι,</span> <span class='ocrx_word' id='word_1_76' title='bbox 890 811 989 868; x_wconf 84' lang='grc' dir='ltr'>τοιοῦδε</span> <span class='ocrx_word' id='word_1_77' title='bbox 1036 809 1225 880; x_wconf 75' lang='grc' dir='ltr'>δκποιήσασδαι</span> <span class='ocrx_word' id='word_1_78' title='bbox 1240 809 1509 885; x_wconf 80' lang='grc' dir='ltr'>(ἷδιοποιήσασδενεί</span> <span class='ocrx_word' id='word_1_79' title='bbox 1522 808 1676 868; x_wconf 82' lang='grc' dir='ltr'>δικειύσασδε</span> <span class='ocrx_word' id='word_1_80' title='bbox 1693 813 1780 884; x_wconf 80' lang='lat' dir='ltr'><strong>bell.)</strong></span> 
     </span>
     <span class='ocr_line' id='line_1_7' title="bbox 205 887 1848 977; baseline 0 -23"><span class='ocrx_word' id='word_1_81' title='bbox 205 903 297 976; x_wconf 80' lang='grc' dir='ltr'>καιροῦ</span> <span class='ocrx_word' id='word_1_82' title='bbox 323 896 491 975; x_wconf 77' lang='grc' dir='ltr'>ξυμδουλεύει</span> <span class='ocrx_word' id='word_1_83' title='bbox 520 901 557 976; x_wconf 84' lang='grc' dir='ltr'><strong>τῷ</strong></span> <span class='ocrx_word' id='word_1_84' title='bbox 584 897 754 977; x_wconf 74' lang='grc' dir='ltr'>Διζαδούλῳ,</span> <span class='ocrx_word' id='word_1_85' title='bbox 786 897 892 973; x_wconf 86' lang='grc' dir='ltr'>ἀμεινον</span> <span class='ocrx_word' id='word_1_86' title='bbox 923 889 989 955; x_wconf 87' lang='grc' dir='ltr'>είναι</span> <span class='ocrx_word' id='word_1_87' title='bbox 1034 895 1204 964; x_wconf 71' lang='grc' dir='ltr'>δύναμιννν</span> <span class='ocrx_word' id='word_1_88' title='bbox 1220 897 1297 957; x_wconf 87' lang='grc' dir='ltr'>Πάνυ</span> <span class='ocrx_word' id='word_1_89' title='bbox 1312 887 1784 976; x_wconf 54' lang='lat' dir='ltr'><strong>indrede·lltflaueinpa&#39;ossuqddlir</strong></span> <span class='ocrx_word' id='word_1_90' title='bbox 1844 887 1848 896; x_wconf 58' lang='grc'><strong>’</strong></span> 
     </span>
     <span class='ocr_line' id='line_1_8' title="bbox 204 983 1785 1065; baseline -0.003 -21"><span class='ocrx_word' id='word_1_91' title='bbox 204 983 330 1064; x_wconf 84' lang='grc' dir='ltr'>Τούρκοις</span> <span class='ocrx_word' id='word_1_92' title='bbox 351 986 521 1045; x_wconf 80' lang='grc' dir='ltr'>ἀσπάσασθαι</span> <span class='ocrx_word' id='word_1_93' title='bbox 543 986 576 1044; x_wconf 78' lang='grc' dir='ltr'>τά</span> <span class='ocrx_word' id='word_1_94' title='bbox 590 985 742 1062; x_wconf 84' lang='grc' dir='ltr'>Ῥωμαίων,</span> <span class='ocrx_word' id='word_1_95' title='bbox 755 986 800 1044; x_wconf 83' lang='grc' dir='ltr'><strong>καί</strong></span> <span class='ocrx_word' id='word_1_96' title='bbox 819 987 882 1065; x_wconf 90' lang='grc' dir='ltr'>παρ’</span> <span class='ocrx_word' id='word_1_97' title='bbox 898 985 989 1052; x_wconf 77' lang='grc' dir='ltr'>αὐτούς</span> <span class='ocrx_word' id='word_1_98' title='bbox 1035 987 1049 1042; x_wconf 85' lang='grc' dir='ltr'>δ</span> <span class='ocrx_word' id='word_1_99' title='bbox 1070 985 1229 1063; x_wconf 80' lang='grc' dir='ltr'>βασιλεύς·ι</span> <span class='ocrx_word' id='word_1_100' title='bbox 1252 984 1329 1045; x_wconf 84' lang='grc' dir='ltr'>Κατδι</span> <span class='ocrx_word' id='word_1_101' title='bbox 1343 983 1431 1051; x_wconf 82' lang='grc' dir='ltr'>πολεις</span> <span class='ocrx_word' id='word_1_102' title='bbox 1451 983 1468 1055; x_wconf 90' lang='grc' dir='ltr'>ή</span> <span class='ocrx_word' id='word_1_103' title='bbox 1490 1007 1540 1042; x_wconf 90' lang='grc' dir='ltr'><strong>που</strong></span> <span class='ocrx_word' id='word_1_104' title='bbox 1563 983 1611 1064; x_wconf 82' lang='grc' dir='ltr'><strong>ἀρα</strong></span> <span class='ocrx_word' id='word_1_105' title='bbox 1634 984 1696 1042; x_wconf 72' lang='grc' dir='ltr'>κατὰ</span> <span class='ocrx_word' id='word_1_106' title='bbox 1711 983 1785 1060; x_wconf 86' lang='grc' dir='ltr'>κύμας</span> 
     </span>
     <span class='ocr_line' id='line_1_9' title="bbox 206 1069 1787 1151; baseline -0.001 -21"><span class='ocrx_word' id='word_1_107' title='bbox 206 1071 280 1133; x_wconf 82' lang='grc' dir='ltr'>ὤνιον</span> <span class='ocrx_word' id='word_1_108' title='bbox 305 1075 473 1150; x_wconf 73' lang='grc' dir='ltr'>ἀποκομίζειν</span> <span class='ocrx_word' id='word_1_109' title='bbox 496 1073 544 1145; x_wconf 79' lang='grc' dir='ltr'><strong>τὴν</strong></span> <span class='ocrx_word' id='word_1_110' title='bbox 559 1073 684 1150; x_wconf 79' lang='grc' dir='ltr'>μέταξαν,</span> <span class='ocrx_word' id='word_1_111' title='bbox 703 1071 739 1140; x_wconf 82' lang='grc' dir='ltr'>ὥς</span> <span class='ocrx_word' id='word_1_112' title='bbox 758 1096 788 1150; x_wconf 82' lang='grc' dir='ltr'>γε</span> <span class='ocrx_word' id='word_1_113' title='bbox 807 1073 853 1132; x_wconf 82' lang='grc' dir='ltr'><strong>καὶ</strong></span> <span class='ocrx_word' id='word_1_114' title='bbox 874 1073 944 1132; x_wconf 69' lang='grc' dir='ltr'>κατὰ</span> <span class='ocrx_word' id='word_1_115' title='bbox 961 1072 990 1132; x_wconf 88' lang='grc' dir='ltr'><strong>τδ</strong></span> <span class='ocrx_word' id='word_1_116' title='bbox 1035 1069 1118 1130; x_wconf 87' lang='grc' dir='ltr'>ὤκουν</span> <span class='ocrx_word' id='word_1_117' title='bbox 1141 1073 1165 1130; x_wconf 79' lang='grc' dir='ltr'>οἱ</span> <span class='ocrx_word' id='word_1_118' title='bbox 1194 1070 1364 1151; x_wconf 77' lang='grc' dir='ltr'>Ἐφδαλῖταις</span> <span class='ocrx_word' id='word_1_119' title='bbox 1387 1096 1400 1124; x_wconf 84' lang='grc' dir='ltr'>κ</span> <span class='ocrx_word' id='word_1_120' title='bbox 1425 1073 1461 1132; x_wconf 81' lang='lat' dir='ltr'><strong>Ol</strong></span> <span class='ocrx_word' id='word_1_121' title='bbox 1490 1069 1623 1151; x_wconf 77' lang='grc' dir='ltr'>πρίσὸεις·</span> <span class='ocrx_word' id='word_1_122' title='bbox 1647 1097 1659 1124; x_wconf 81' lang='grc' dir='ltr'>ι</span> <span class='ocrx_word' id='word_1_123' title='bbox 1679 1071 1787 1140; x_wconf 79' lang='grc' dir='ltr'>Ἀττικοὶ,</span> 
     </span>
     <span class='ocr_line' id='line_1_10' title="bbox 205 1150 1788 1242; baseline -0.002 -24"><span class='ocrx_word' id='word_1_124' title='bbox 205 1161 282 1220; x_wconf 91' lang='grc' dir='ltr'>πλεόν</span> <span class='ocrx_word' id='word_1_125' title='bbox 296 1165 349 1221; x_wconf 83' lang='grc' dir='ltr'><strong>τῶν</strong></span> <span class='ocrx_word' id='word_1_126' title='bbox 363 1164 449 1222; x_wconf 85' lang='grc' dir='ltr'>ἀλλων</span> <span class='ocrx_word' id='word_1_127' title='bbox 464 1163 608 1242; x_wconf 82' lang='grc' dir='ltr'>ἀνθρώπων</span> <span class='ocrx_word' id='word_1_128' title='bbox 631 1161 792 1241; x_wconf 76' lang='grc' dir='ltr'>χρωμένους.</span> <span class='ocrx_word' id='word_1_129' title='bbox 811 1160 989 1238; x_wconf 83' lang='grc' dir='ltr'>Ἑτοιμύτατα</span> <span class='ocrx_word' id='word_1_130' title='bbox 1035 1183 1057 1217; x_wconf 87' lang='grc' dir='ltr'>ω</span> <span class='ocrx_word' id='word_1_131' title='bbox 1068 1156 1199 1232; x_wconf 75' lang='grc' dir='ltr'>δέσποτα,</span> <span class='ocrx_word' id='word_1_132' title='bbox 1211 1159 1240 1218; x_wconf 88' lang='grc' dir='ltr'><strong>τδ</strong></span> <span class='ocrx_word' id='word_1_133' title='bbox 1250 1161 1338 1240; x_wconf 78' lang='grc' dir='ltr'>ρῦλον.</span> <span class='ocrx_word' id='word_1_134' title='bbox 1353 1185 1365 1212; x_wconf 82' lang='grc' dir='ltr'>ν</span> <span class='ocrx_word' id='word_1_135' title='bbox 1376 1158 1517 1229; x_wconf 77' lang='grc' dir='ltr'>«Εὔδηλον</span> <span class='ocrx_word' id='word_1_136' title='bbox 1529 1151 1582 1232; x_wconf 72' lang='grc' dir='ltr'>οὖν,</span> <span class='ocrx_word' id='word_1_137' title='bbox 1591 1150 1608 1230; x_wconf 78' lang='grc' dir='ltr'>ή</span> <span class='ocrx_word' id='word_1_138' title='bbox 1618 1159 1644 1216; x_wconf 70' lang='grc' dir='ltr'>δὲ</span> <span class='ocrx_word' id='word_1_139' title='bbox 1655 1158 1788 1238; x_wconf 81' lang='grc' dir='ltr'>δβασιλεδς,</span> 
     </span>
    </p>

    <p class='ocr_par' dir='ltr' id='par_1_3' title="bbox 202 1247 1814 2820">
     <span class='ocr_line' id='line_1_11' title="bbox 205 1247 1787 1331; baseline -0.001 -25"><span class='ocrx_word' id='word_1_140' title='bbox 205 1248 232 1306; x_wconf 71' lang='grc' dir='ltr'>δὲ</span> <span class='ocrx_word' id='word_1_141' title='bbox 254 1252 323 1327; x_wconf 74' lang='grc' dir='ltr'>ἔχειν</span> <span class='ocrx_word' id='word_1_142' title='bbox 345 1249 394 1331; x_wconf 83' lang='grc' dir='ltr'>ἔρη</span> <span class='ocrx_word' id='word_1_143' title='bbox 416 1254 429 1308; x_wconf 87' lang='grc' dir='ltr'>δ</span> <span class='ocrx_word' id='word_1_144' title='bbox 448 1250 559 1328; x_wconf 63' lang='lat' dir='ltr'><strong>dioride(</strong></span> <span class='ocrx_word' id='word_1_145' title='bbox 582 1250 627 1308; x_wconf 86' lang='grc' dir='ltr'><strong>καλ</strong></span> <span class='ocrx_word' id='word_1_146' title='bbox 650 1249 727 1317; x_wconf 86' lang='grc' dir='ltr'>αὐτδς</span> <span class='ocrx_word' id='word_1_147' title='bbox 750 1247 921 1327; x_wconf 75' lang='grc' dir='ltr'>συναπαίρειν</span> <span class='ocrx_word' id='word_1_148' title='bbox 937 1257 990 1314; x_wconf 89' lang='grc' dir='ltr'>τοῖς</span> <span class='ocrx_word' id='word_1_149' title='bbox 1037 1249 1073 1313; x_wconf 83' lang='grc' dir='ltr'>ὡς</span> <span class='ocrx_word' id='word_1_150' title='bbox 1086 1247 1189 1306; x_wconf 81' lang='grc' dir='ltr'>ἐκείνων</span> <span class='ocrx_word' id='word_1_151' title='bbox 1202 1247 1286 1318; x_wconf 91' lang='grc' dir='ltr'>δήπου</span> <span class='ocrx_word' id='word_1_152' title='bbox 1305 1250 1357 1305; x_wconf 83' lang='grc' dir='ltr'><strong>τῶν</strong></span> <span class='ocrx_word' id='word_1_153' title='bbox 1376 1248 1478 1306; x_wconf 88' lang='grc' dir='ltr'>πολεων</span> <span class='ocrx_word' id='word_1_154' title='bbox 1500 1247 1583 1327; x_wconf 91' lang='grc' dir='ltr'>κύριοι</span> <span class='ocrx_word' id='word_1_155' title='bbox 1597 1247 1787 1318; x_wconf 74' lang='grc' dir='ltr'>καθεστήκατεν</span> 
     </span>
     <span class='ocr_line' id='line_1_12' title="bbox 204 1331 1798 1418; baseline -0.001 -25"><span class='ocrx_word' id='word_1_156' title='bbox 204 1335 329 1415; x_wconf 76' lang='grc' dir='ltr'>πρέσῦεσι</span> <span class='ocrx_word' id='word_1_157' title='bbox 349 1341 401 1396; x_wconf 83' lang='grc' dir='ltr'><strong>τῶν</strong></span> <span class='ocrx_word' id='word_1_158' title='bbox 420 1337 555 1416; x_wconf 78' lang='grc' dir='ltr'>Ἰὀύρκιον</span> <span class='ocrx_word' id='word_1_159' title='bbox 577 1338 622 1394; x_wconf 86' lang='grc' dir='ltr'><strong>καί</strong></span> <span class='ocrx_word' id='word_1_160' title='bbox 643 1341 678 1404; x_wconf 82' lang='grc' dir='ltr'>ὥς</span> <span class='ocrx_word' id='word_1_161' title='bbox 700 1337 784 1416; x_wconf 75' lang='grc' dir='ltr'>ταύτῃ</span> <span class='ocrx_word' id='word_1_162' title='bbox 803 1335 873 1418; x_wconf 79' lang='grc' dir='ltr'>τρίλοι</span> <span class='ocrx_word' id='word_1_163' title='bbox 887 1333 989 1394; x_wconf 73' lang='grc' dir='ltr'>ἔσονται</span> <span class='ocrx_word' id='word_1_164' title='bbox 1036 1361 1048 1386; x_wconf 77' lang='grc' dir='ltr'>ι</span> <span class='ocrx_word' id='word_1_165' title='bbox 1066 1337 1120 1394; x_wconf 80' lang='grc' dir='ltr'><strong>Καὶ</strong></span> <span class='ocrx_word' id='word_1_166' title='bbox 1130 1337 1213 1413; x_wconf 86' lang='grc' dir='ltr'>μάλα,</span> <span class='ocrx_word' id='word_1_167' title='bbox 1227 1336 1362 1416; x_wconf 80' lang='grc' dir='ltr'>νέρασαν.</span> <span class='ocrx_word' id='word_1_168' title='bbox 1378 1334 1413 1395; x_wconf 86' lang='grc' dir='ltr'><strong>Ὁ</strong></span> <span class='ocrx_word' id='word_1_169' title='bbox 1427 1333 1562 1414; x_wconf 88' lang='grc' dir='ltr'>βασιλεύς·</span> <span class='ocrx_word' id='word_1_170' title='bbox 1574 1363 1586 1389; x_wconf 86' lang='grc' dir='ltr'>ι</span> <span class='ocrx_word' id='word_1_171' title='bbox 1596 1331 1798 1414; x_wconf 55' lang='lat' dir='ltr'><strong>&#39;deripiebar</strong></span> 
     </span>
     <span class='ocr_line' id='line_1_13' title="bbox 205 1421 1791 1504; baseline -0.003 -22"><span class='ocrx_word' id='word_1_172' title='bbox 205 1423 335 1502; x_wconf 82' lang='grc' dir='ltr'>Ῥωμαῖοί</span> <span class='ocrx_word' id='word_1_173' title='bbox 350 1449 378 1484; x_wconf 86' lang='grc' dir='ltr'><strong>τε</strong></span> <span class='ocrx_word' id='word_1_174' title='bbox 400 1425 444 1483; x_wconf 84' lang='grc' dir='ltr'><strong>καὶ</strong></span> <span class='ocrx_word' id='word_1_175' title='bbox 458 1429 581 1503; x_wconf 86' lang='grc' dir='ltr'>Τοῦρκοι.</span> <span class='ocrx_word' id='word_1_176' title='bbox 598 1426 708 1492; x_wconf 80' lang='grc' dir='ltr'>Τούτοις</span> <span class='ocrx_word' id='word_1_177' title='bbox 722 1425 806 1496; x_wconf 87' lang='grc' dir='ltr'>δήπου</span> <span class='ocrx_word' id='word_1_178' title='bbox 826 1425 989 1491; x_wconf 81' lang='grc' dir='ltr'>κατανεύσας</span> <span class='ocrx_word' id='word_1_179' title='bbox 1037 1421 1155 1490; x_wconf 79' lang='grc' dir='ltr'>διδάξασα</span> <span class='ocrx_word' id='word_1_180' title='bbox 1177 1423 1226 1494; x_wconf 84' lang='grc' dir='ltr'><strong>ὅση</strong></span> <span class='ocrx_word' id='word_1_181' title='bbox 1240 1427 1292 1482; x_wconf 80' lang='grc' dir='ltr'><strong>τῶν</strong></span> <span class='ocrx_word' id='word_1_182' title='bbox 1307 1422 1425 1504; x_wconf 79' lang='grc' dir='ltr'>Ἀδάρων</span> <span class='ocrx_word' id='word_1_183' title='bbox 1438 1422 1540 1493; x_wconf 79' lang='grc' dir='ltr'>πληθὺς</span> <span class='ocrx_word' id='word_1_184' title='bbox 1558 1427 1603 1494; x_wconf 76' lang='grc' dir='ltr'><strong>τῆς</strong></span> <span class='ocrx_word' id='word_1_185' title='bbox 1621 1427 1670 1481; x_wconf 82' lang='grc' dir='ltr'><strong>τῶν</strong></span> <span class='ocrx_word' id='word_1_186' title='bbox 1684 1425 1706 1482; x_wconf 87' lang='grc' dir='ltr'><strong>Τ</strong></span> <span class='ocrx_word' id='word_1_187' title='bbox 1708 1423 1791 1499; x_wconf 87' lang='grc' dir='ltr'>ούρκων</span> 
     </span>
     <span class='ocr_line' id='line_1_14' title="bbox 204 1509 1794 1594; baseline -0.002 -25"><span class='ocrx_word' id='word_1_188' title='bbox 204 1521 256 1580; x_wconf 85' lang='grc' dir='ltr'>τοῖς</span> <span class='ocrx_word' id='word_1_189' title='bbox 271 1513 385 1594; x_wconf 78' lang='grc' dir='ltr'>ῥήμασιν</span> <span class='ocrx_word' id='word_1_190' title='bbox 398 1519 411 1572; x_wconf 82' lang='grc' dir='ltr'>δ</span> <span class='ocrx_word' id='word_1_191' title='bbox 424 1514 582 1581; x_wconf 75' lang='grc' dir='ltr'>Διζάύουλος</span> <span class='ocrx_word' id='word_1_192' title='bbox 596 1513 725 1590; x_wconf 71' lang='grc' dir='ltr'>ἐκπέμπει</span> <span class='ocrx_word' id='word_1_193' title='bbox 743 1512 820 1572; x_wconf 82' lang='grc' dir='ltr'>αὐτόν</span> <span class='ocrx_word' id='word_1_194' title='bbox 832 1537 861 1572; x_wconf 91' lang='grc' dir='ltr'><strong>τε</strong></span> <span class='ocrx_word' id='word_1_195' title='bbox 873 1512 918 1570; x_wconf 87' lang='grc' dir='ltr'><strong>καί</strong></span> <span class='ocrx_word' id='word_1_196' title='bbox 930 1512 989 1570; x_wconf 77' lang='grc' dir='ltr'>ἑτέ·</span> <span class='ocrx_word' id='word_1_197' title='bbox 1036 1510 1178 1590; x_wconf 85' lang='grc' dir='ltr'>ἀρηνίασεν</span> <span class='ocrx_word' id='word_1_198' title='bbox 1202 1510 1383 1588; x_wconf 72' lang='grc' dir='ltr'>ἐπικρατείας,</span> <span class='ocrx_word' id='word_1_199' title='bbox 1404 1510 1449 1568; x_wconf 80' lang='grc' dir='ltr'><strong>καὶ</strong></span> <span class='ocrx_word' id='word_1_200' title='bbox 1470 1510 1494 1568; x_wconf 83' lang='grc' dir='ltr'>εἴ</span> <span class='ocrx_word' id='word_1_201' title='bbox 1506 1534 1574 1578; x_wconf 90' lang='grc' dir='ltr'>τινες</span> <span class='ocrx_word' id='word_1_202' title='bbox 1588 1509 1625 1568; x_wconf 84' lang='grc' dir='ltr'><strong>ἔτι</strong></span> <span class='ocrx_word' id='word_1_203' title='bbox 1636 1514 1694 1589; x_wconf 90' lang='grc' dir='ltr'>παρ’</span> <span class='ocrx_word' id='word_1_204' title='bbox 1707 1513 1772 1586; x_wconf 73' lang='grc' dir='ltr'>δμῖνς</span> <span class='ocrx_word' id='word_1_205' title='bbox 1785 1537 1794 1558; x_wconf 78' lang='grc' dir='ltr'>ν</span> 
     </span>
     <span class='ocr_line' id='line_1_15' title="bbox 204 1587 1795 1680; baseline -0.004 -21"><span class='ocrx_word' id='word_1_206' title='bbox 204 1624 263 1678; x_wconf 83' lang='grc' dir='ltr'>ρους</span> <span class='ocrx_word' id='word_1_207' title='bbox 285 1602 356 1668; x_wconf 87' lang='grc' dir='ltr'>τινὰς</span> <span class='ocrx_word' id='word_1_208' title='bbox 378 1604 414 1668; x_wconf 81' lang='grc' dir='ltr'>ὡς</span> <span class='ocrx_word' id='word_1_209' title='bbox 439 1601 549 1680; x_wconf 78' lang='grc' dir='ltr'>βασιλέα</span> <span class='ocrx_word' id='word_1_210' title='bbox 569 1601 712 1676; x_wconf 84' lang='grc' dir='ltr'>Ῥωμαίων</span> <span class='ocrx_word' id='word_1_211' title='bbox 734 1600 988 1679; x_wconf 77' lang='grc' dir='ltr'>πρεσδευσομένους,</span> <span class='ocrx_word' id='word_1_212' title='bbox 1038 1623 1051 1648; x_wconf 75' lang='grc' dir='ltr'>ι</span> <span class='ocrx_word' id='word_1_213' title='bbox 1070 1597 1128 1656; x_wconf 71' lang='lat' dir='ltr'><strong>litai</strong></span> <span class='ocrx_word' id='word_1_214' title='bbox 1144 1597 1200 1674; x_wconf 76' lang='grc' dir='ltr'>μὲν,</span> <span class='ocrx_word' id='word_1_215' title='bbox 1215 1587 1237 1655; x_wconf 75' lang='grc' dir='ltr'><em>ὦ</em></span> <span class='ocrx_word' id='word_1_216' title='bbox 1253 1601 1376 1678; x_wconf 89' lang='grc' dir='ltr'>βασιλεῦ,</span> <span class='ocrx_word' id='word_1_217' title='bbox 1398 1597 1423 1656; x_wconf 76' lang='lat' dir='ltr'><strong>oi</strong></span> <span class='ocrx_word' id='word_1_218' title='bbox 1435 1621 1465 1673; x_wconf 83' lang='grc' dir='ltr'>γε</span> <span class='ocrx_word' id='word_1_219' title='bbox 1479 1599 1514 1656; x_wconf 79' lang='grc' dir='ltr'><strong>τά</strong></span> <span class='ocrx_word' id='word_1_220' title='bbox 1535 1597 1649 1676; x_wconf 76' lang='grc' dir='ltr'>ἡμέτερα</span> <span class='ocrx_word' id='word_1_221' title='bbox 1663 1598 1795 1676; x_wconf 81' lang='grc' dir='ltr'>στέργουσιν</span> 
     </span>
     <span class='ocr_line' id='line_1_16' title="bbox 204 1675 1798 1798; baseline -0.004 -52"><span class='ocrx_word' id='word_1_222' title='bbox 204 1688 361 1769; x_wconf 88' lang='grc' dir='ltr'>προσρήσεις</span> <span class='ocrx_word' id='word_1_223' title='bbox 376 1711 403 1748; x_wconf 87' lang='grc' dir='ltr'><strong>τε</strong></span> <span class='ocrx_word' id='word_1_224' title='bbox 423 1693 632 1765; x_wconf 86' lang='grc' dir='ltr'>ἀποκομιοῦντας</span> <span class='ocrx_word' id='word_1_225' title='bbox 650 1688 695 1748; x_wconf 80' lang='grc' dir='ltr'><strong>καὶ</strong></span> <span class='ocrx_word' id='word_1_226' title='bbox 709 1690 780 1768; x_wconf 83' lang='grc' dir='ltr'>δῶρα</span> <span class='ocrx_word' id='word_1_227' title='bbox 799 1687 927 1764; x_wconf 74' lang='grc' dir='ltr'>μετάξης,</span> <span class='ocrx_word' id='word_1_228' title='bbox 942 1687 990 1745; x_wconf 82' lang='grc' dir='ltr'><strong>οὐκ</strong></span> <span class='ocrx_word' id='word_1_229' title='bbox 1036 1685 1090 1742; x_wconf 79' lang='grc' dir='ltr'>ίτι·</span> <span class='ocrx_word' id='word_1_230' title='bbox 1109 1685 1168 1752; x_wconf 79' lang='grc' dir='ltr'>τούς</span> <span class='ocrx_word' id='word_1_231' title='bbox 1190 1686 1216 1744; x_wconf 81' lang='grc' dir='ltr'>δὲ</span> <span class='ocrx_word' id='word_1_232' title='bbox 1238 1688 1365 1757; x_wconf 85' lang='grc' dir='ltr'>δήπουθεν</span> <span class='ocrx_word' id='word_1_233' title='bbox 1387 1687 1590 1798; x_wconf 85' lang='grc' dir='ltr'>ἀποδράσαντας</span> <span class='ocrx_word' id='word_1_234' title='bbox 1604 1675 1675 1762; x_wconf 73' lang='grc' dir='ltr'>οἶμαι</span> <span class='ocrx_word' id='word_1_235' title='bbox 1688 1685 1749 1764; x_wconf 75' lang='grc' dir='ltr'>ἀμφὶ</span> <span class='ocrx_word' id='word_1_236' title='bbox 1760 1683 1798 1748; x_wconf 86' lang='grc' dir='ltr'><strong>τδς</strong></span> 
     </span>
     <span class='ocr_line' id='line_1_17' title="bbox 204 1767 1797 1856; baseline -0.003 -22"><span class='ocrx_word' id='word_1_237' title='bbox 204 1779 290 1854; x_wconf 84' lang='grc' dir='ltr'>ὀλίγον</span> <span class='ocrx_word' id='word_1_238' title='bbox 307 1801 332 1836; x_wconf 91' lang='grc' dir='ltr'><strong>τι</strong></span> <span class='ocrx_word' id='word_1_239' title='bbox 348 1778 512 1856; x_wconf 77' lang='grc' dir='ltr'>χρῆμα,καὶ</span> <span class='ocrx_word' id='word_1_240' title='bbox 533 1777 666 1842; x_wconf 77' lang='grc' dir='ltr'>συλλαὸάς</span> <span class='ocrx_word' id='word_1_241' title='bbox 687 1800 767 1843; x_wconf 88' lang='grc' dir='ltr'>τινας.</span> <span class='ocrx_word' id='word_1_242' title='bbox 785 1775 900 1836; x_wconf 85' lang='grc' dir='ltr'>Τοιάσδε</span> <span class='ocrx_word' id='word_1_243' title='bbox 917 1773 989 1842; x_wconf 83' lang='grc' dir='ltr'>τινδς</span> <span class='ocrx_word' id='word_1_244' title='bbox 1036 1772 1131 1832; x_wconf 82' lang='grc' dir='ltr'>εἴκοσιν</span> <span class='ocrx_word' id='word_1_245' title='bbox 1153 1767 1219 1832; x_wconf 78' lang='grc' dir='ltr'>ε’ίναι</span> <span class='ocrx_word' id='word_1_246' title='bbox 1242 1777 1374 1853; x_wconf 85' lang='grc' dir='ltr'>χιλιάδας.</span> <span class='ocrx_word' id='word_1_247' title='bbox 1399 1801 1411 1826; x_wconf 81' lang='grc' dir='ltr'>ν</span> <span class='ocrx_word' id='word_1_248' title='bbox 1433 1779 1502 1836; x_wconf 76' lang='lat' dir='ltr'><strong>Etru</strong></span> <span class='ocrx_word' id='word_1_249' title='bbox 1528 1771 1762 1854; x_wconf 83' lang='grc' dir='ltr'>ἀπαριδμησάμενοι</span> <span class='ocrx_word' id='word_1_250' title='bbox 1779 1774 1797 1827; x_wconf 84' lang='lat' dir='ltr'><strong>ol</strong></span> 
     </span>
     <span class='ocr_line' id='line_1_18' title="bbox 205 1860 1800 1944; baseline -0.004 -22"><span class='ocrx_word' id='word_1_251' title='bbox 205 1865 344 1930; x_wconf 78' lang='grc' dir='ltr'>ἐπιστολάς</span> <span class='ocrx_word' id='word_1_252' title='bbox 359 1865 541 1944; x_wconf 81' lang='grc' dir='ltr'>ἐπιφερόμενος</span> <span class='ocrx_word' id='word_1_253' title='bbox 554 1868 568 1923; x_wconf 86' lang='grc' dir='ltr'>δ</span> <span class='ocrx_word' id='word_1_254' title='bbox 584 1862 694 1943; x_wconf 79' lang='grc' dir='ltr'>Μανιδχ</span> <span class='ocrx_word' id='word_1_255' title='bbox 709 1863 844 1942; x_wconf 76' lang='grc' dir='ltr'>ἀπήρξατο</span> <span class='ocrx_word' id='word_1_256' title='bbox 862 1867 907 1934; x_wconf 83' lang='grc' dir='ltr'><strong>τῆς</strong></span> <span class='ocrx_word' id='word_1_257' title='bbox 921 1865 989 1920; x_wconf 87' lang='grc' dir='ltr'>δδοι-</span> <span class='ocrx_word' id='word_1_258' title='bbox 1034 1861 1157 1940; x_wconf 78' lang='grc' dir='ltr'>πρὲσὸεις</span> <span class='ocrx_word' id='word_1_259' title='bbox 1171 1863 1231 1932; x_wconf 84' lang='grc' dir='ltr'>ἔδνη</span> <span class='ocrx_word' id='word_1_260' title='bbox 1247 1862 1365 1933; x_wconf 76' lang='grc' dir='ltr'>κατήκοα</span> <span class='ocrx_word' id='word_1_261' title='bbox 1380 1865 1405 1922; x_wconf 85' lang='grc' dir='ltr'><strong>Τ</strong></span> <span class='ocrx_word' id='word_1_262' title='bbox 1406 1863 1516 1942; x_wconf 88' lang='grc' dir='ltr'>ούρκων,</span> <span class='ocrx_word' id='word_1_263' title='bbox 1527 1861 1559 1920; x_wconf 88' lang='grc' dir='ltr'><strong>τδ</strong></span> <span class='ocrx_word' id='word_1_264' title='bbox 1571 1861 1659 1920; x_wconf 86' lang='grc' dir='ltr'>λοτπδν</span> <span class='ocrx_word' id='word_1_265' title='bbox 1668 1860 1800 1931; x_wconf 82' lang='grc' dir='ltr'>ήντιύολοον</span> 
     </span>
     <span class='ocr_line' id='line_1_19' title="bbox 204 1947 1801 2033; baseline -0.005 -23"><span class='ocrx_word' id='word_1_266' title='bbox 204 1953 305 2033; x_wconf 87' lang='grc' dir='ltr'>πορίας.</span> <span class='ocrx_word' id='word_1_267' title='bbox 334 1952 389 2013; x_wconf 78' lang='lat' dir='ltr'><strong>tid</strong></span> <span class='ocrx_word' id='word_1_268' title='bbox 424 1951 455 2022; x_wconf 78' lang='grc' dir='ltr'>δὴ</span> <span class='ocrx_word' id='word_1_269' title='bbox 484 1953 509 2018; x_wconf 80' lang='grc' dir='ltr'>ἐς</span> <span class='ocrx_word' id='word_1_270' title='bbox 537 1951 571 2009; x_wconf 79' lang='grc' dir='ltr'><strong>τὰ</strong></span> <span class='ocrx_word' id='word_1_271' title='bbox 596 1953 712 2026; x_wconf 84' lang='grc' dir='ltr'>μάλιστα</span> <span class='ocrx_word' id='word_1_272' title='bbox 737 1949 837 2022; x_wconf 78' lang='grc' dir='ltr'>πολλήν</span> <span class='ocrx_word' id='word_1_273' title='bbox 866 1949 988 2018; x_wconf 84' lang='grc' dir='ltr'>διανύσας</span> <span class='ocrx_word' id='word_1_274' title='bbox 1036 1949 1215 2029; x_wconf 77' lang='grc' dir='ltr'>αὐτοκράτορα</span> <span class='ocrx_word' id='word_1_275' title='bbox 1237 1950 1342 2028; x_wconf 85' lang='grc' dir='ltr'>εἰρήνην</span> <span class='ocrx_word' id='word_1_276' title='bbox 1365 1973 1393 2008; x_wconf 89' lang='grc' dir='ltr'><strong>τε</strong></span> <span class='ocrx_word' id='word_1_277' title='bbox 1424 1949 1580 2018; x_wconf 74' lang='grc' dir='ltr'>ξυνεστάναι</span> <span class='ocrx_word' id='word_1_278' title='bbox 1606 1949 1651 2007; x_wconf 81' lang='grc' dir='ltr'><strong>καί</strong></span> <span class='ocrx_word' id='word_1_279' title='bbox 1674 1947 1801 2025; x_wconf 79' lang='grc' dir='ltr'>ὁμαιχμίαν</span> 
     </span>
     <span class='ocr_line' id='line_1_20' title="bbox 204 2033 1803 2120; baseline -0.004 -24"><span class='ocrx_word' id='word_1_280' title='bbox 204 2041 330 2119; x_wconf 83' lang='grc' dir='ltr'>ἀτραπὸν,</span> <span class='ocrx_word' id='word_1_281' title='bbox 349 2039 450 2120; x_wconf 82' lang='grc' dir='ltr'>χώρους</span> <span class='ocrx_word' id='word_1_282' title='bbox 469 2063 498 2098; x_wconf 91' lang='grc' dir='ltr'><strong>τε</strong></span> <span class='ocrx_word' id='word_1_283' title='bbox 514 2038 620 2098; x_wconf 86' lang='grc' dir='ltr'>διελθὼν</span> <span class='ocrx_word' id='word_1_284' title='bbox 635 2040 705 2098; x_wconf 79' lang='grc' dir='ltr'>ἔσότι</span> <span class='ocrx_word' id='word_1_285' title='bbox 728 2039 880 2111; x_wconf 78' lang='grc' dir='ltr'>πλείστους,</span> <span class='ocrx_word' id='word_1_286' title='bbox 894 2039 942 2119; x_wconf 84' lang='grc' dir='ltr'>ὄρη</span> <span class='ocrx_word' id='word_1_287' title='bbox 959 2061 988 2097; x_wconf 89' lang='grc' dir='ltr'><strong>τε</strong></span> <span class='ocrx_word' id='word_1_288' title='bbox 1036 2038 1178 2112; x_wconf 86' lang='grc' dir='ltr'>Ῥωμαίοις</span> <span class='ocrx_word' id='word_1_289' title='bbox 1196 2062 1224 2097; x_wconf 88' lang='grc' dir='ltr'><strong>τε</strong></span> <span class='ocrx_word' id='word_1_290' title='bbox 1247 2040 1292 2098; x_wconf 83' lang='grc' dir='ltr'><strong>καί</strong></span> <span class='ocrx_word' id='word_1_291' title='bbox 1306 2037 1441 2117; x_wconf 87' lang='grc' dir='ltr'>Τούρκοις.</span> <span class='ocrx_word' id='word_1_292' title='bbox 1459 2037 1657 2118; x_wconf 83' lang='grc' dir='ltr'>Προσετίθεοαν</span> <span class='ocrx_word' id='word_1_293' title='bbox 1672 2035 1712 2106; x_wconf 84' lang='grc' dir='ltr'>δὲ,</span> <span class='ocrx_word' id='word_1_294' title='bbox 1723 2039 1753 2100; x_wconf 79' lang='lat' dir='ltr'><strong>ior</strong></span> <span class='ocrx_word' id='word_1_295' title='bbox 1765 2033 1803 2090; x_wconf 78' lang='grc' dir='ltr'><strong>καὶ</strong></span> 
     </span>
     <span class='ocr_line' id='line_1_21' title="bbox 204 2123 1803 2207; baseline -0.006 -21"><span class='ocrx_word' id='word_1_296' title='bbox 204 2129 315 2204; x_wconf 80' lang='grc' dir='ltr'>μέγιστα</span> <span class='ocrx_word' id='word_1_297' title='bbox 328 2129 373 2186; x_wconf 84' lang='grc' dir='ltr'><strong>καλ</strong></span> <span class='ocrx_word' id='word_1_298' title='bbox 386 2131 514 2207; x_wconf 82' lang='grc' dir='ltr'>ἀγγινερῆ</span> <span class='ocrx_word' id='word_1_299' title='bbox 527 2127 571 2186; x_wconf 78' lang='grc' dir='ltr'><strong>καί</strong></span> <span class='ocrx_word' id='word_1_300' title='bbox 585 2127 662 2186; x_wconf 82' lang='grc' dir='ltr'>πεδία</span> <span class='ocrx_word' id='word_1_301' title='bbox 676 2127 721 2186; x_wconf 84' lang='grc' dir='ltr'><strong>καὶ</strong></span> <span class='ocrx_word' id='word_1_302' title='bbox 734 2126 837 2200; x_wconf 88' lang='grc' dir='ltr'>νάπας,</span> <span class='ocrx_word' id='word_1_303' title='bbox 849 2127 943 2204; x_wconf 84' lang='grc' dir='ltr'>λίμνας</span> <span class='ocrx_word' id='word_1_304' title='bbox 959 2151 987 2186; x_wconf 90' lang='grc' dir='ltr'><strong>τε</strong></span> <span class='ocrx_word' id='word_1_305' title='bbox 1035 2129 1193 2202; x_wconf 85' lang='grc' dir='ltr'>ἑτοιμότατα</span> <span class='ocrx_word' id='word_1_306' title='bbox 1207 2127 1296 2206; x_wconf 75' lang='grc' dir='ltr'>ἔχουσι</span> <span class='ocrx_word' id='word_1_307' title='bbox 1310 2127 1534 2202; x_wconf 80' lang='grc' dir='ltr'>καταπολεμῆσαι</span> <span class='ocrx_word' id='word_1_308' title='bbox 1547 2130 1594 2195; x_wconf 74' lang='grc' dir='ltr'><strong>τῆς</strong></span> <span class='ocrx_word' id='word_1_309' title='bbox 1606 2123 1742 2200; x_wconf 84' lang='grc' dir='ltr'>Ῥωμαίων</span> <span class='ocrx_word' id='word_1_310' title='bbox 1755 2124 1803 2178; x_wconf 82' lang='grc' dir='ltr'>ἐπι-</span> 
     </span>
     <span class='ocr_line' id='line_1_22' title="bbox 203 2209 1806 2296; baseline -0.005 -24"><span class='ocrx_word' id='word_1_311' title='bbox 203 2217 248 2274; x_wconf 85' lang='grc' dir='ltr'><strong>καὶ</strong></span> <span class='ocrx_word' id='word_1_312' title='bbox 257 2216 408 2292; x_wconf 79' lang='grc' dir='ltr'>ποταμοὺς,</span> <span class='ocrx_word' id='word_1_313' title='bbox 420 2238 476 2274; x_wconf 85' lang='grc' dir='ltr'>εντα</span> <span class='ocrx_word' id='word_1_314' title='bbox 490 2214 534 2273; x_wconf 84' lang='grc' dir='ltr'><strong>τδν</strong></span> <span class='ocrx_word' id='word_1_315' title='bbox 549 2214 690 2275; x_wconf 83' lang='grc' dir='ltr'>Καύκασον</span> <span class='ocrx_word' id='word_1_316' title='bbox 704 2215 782 2274; x_wconf 82' lang='grc' dir='ltr'>αὐτὸν</span> <span class='ocrx_word' id='word_1_317' title='bbox 796 2215 826 2274; x_wconf 89' lang='grc' dir='ltr'><strong>τδ</strong></span> <span class='ocrx_word' id='word_1_318' title='bbox 835 2215 892 2294; x_wconf 84' lang='grc' dir='ltr'>δρας</span> <span class='ocrx_word' id='word_1_319' title='bbox 906 2218 989 2296; x_wconf 82' lang='grc' dir='ltr'>ὓπερ·</span> <span class='ocrx_word' id='word_1_320' title='bbox 1035 2215 1160 2295; x_wconf 89' lang='grc' dir='ltr'>κρατείας</span> <span class='ocrx_word' id='word_1_321' title='bbox 1176 2215 1204 2273; x_wconf 86' lang='grc' dir='ltr'><strong>τὸ</strong></span> <span class='ocrx_word' id='word_1_322' title='bbox 1221 2213 1360 2290; x_wconf 77' lang='grc' dir='ltr'>δυσμενὲς,</span> <span class='ocrx_word' id='word_1_323' title='bbox 1376 2214 1471 2273; x_wconf 83' lang='grc' dir='ltr'>ὁπόσον</span> <span class='ocrx_word' id='word_1_324' title='bbox 1486 2216 1515 2280; x_wconf 82' lang='grc' dir='ltr'>ἐς</span> <span class='ocrx_word' id='word_1_325' title='bbox 1529 2212 1579 2284; x_wconf 77' lang='grc' dir='ltr'><strong>τὴν</strong></span> <span class='ocrx_word' id='word_1_326' title='bbox 1592 2212 1649 2272; x_wconf 87' lang='grc' dir='ltr'>κατ’</span> <span class='ocrx_word' id='word_1_327' title='bbox 1661 2209 1747 2276; x_wconf 81' lang='grc' dir='ltr'>αὐτοὺς</span> <span class='ocrx_word' id='word_1_328' title='bbox 1756 2211 1806 2283; x_wconf 74' lang='lat' dir='ltr'><strong>ip·</strong></span> 
     </span>
     <span class='ocr_line' id='line_1_23' title="bbox 204 2297 1808 2382; baseline -0.006 -22"><span class='ocrx_word' id='word_1_329' title='bbox 204 2303 295 2376; x_wconf 85' lang='grc' dir='ltr'>ελθὼν,</span> <span class='ocrx_word' id='word_1_330' title='bbox 307 2303 493 2362; x_wconf 81' lang='grc' dir='ltr'>τὸτελευταῖον</span> <span class='ocrx_word' id='word_1_331' title='bbox 506 2303 613 2382; x_wconf 80' lang='grc' dir='ltr'>ἀφίκετο</span> <span class='ocrx_word' id='word_1_332' title='bbox 624 2305 649 2368; x_wconf 77' lang='grc' dir='ltr'>ἐς</span> <span class='ocrx_word' id='word_1_333' title='bbox 660 2303 808 2371; x_wconf 77' lang='grc' dir='ltr'>Βυζάντιον.</span> <span class='ocrx_word' id='word_1_334' title='bbox 830 2303 884 2363; x_wconf 81' lang='grc' dir='ltr'><strong>Καὶ</strong></span> <span class='ocrx_word' id='word_1_335' title='bbox 903 2303 987 2362; x_wconf 82' lang='grc' dir='ltr'>τοίνυν</span> <span class='ocrx_word' id='word_1_336' title='bbox 1034 2303 1157 2370; x_wconf 80' lang='grc' dir='ltr'>λάζονται</span> <span class='ocrx_word' id='word_1_337' title='bbox 1168 2303 1286 2380; x_wconf 76' lang='grc' dir='ltr'>ἤπειρον.</span> <span class='ocrx_word' id='word_1_338' title='bbox 1298 2301 1362 2362; x_wconf 81' lang='grc' dir='ltr'>Ἐπί</span> <span class='ocrx_word' id='word_1_339' title='bbox 1377 2301 1475 2368; x_wconf 83' lang='grc' dir='ltr'>τούτοις</span> <span class='ocrx_word' id='word_1_340' title='bbox 1490 2301 1555 2378; x_wconf 78' lang='grc' dir='ltr'><strong>ἅμα</strong></span> <span class='ocrx_word' id='word_1_341' title='bbox 1568 2304 1608 2378; x_wconf 81' lang='grc' dir='ltr'><strong>τῷ</strong></span> <span class='ocrx_word' id='word_1_342' title='bbox 1622 2298 1693 2368; x_wconf 77' lang='grc' dir='ltr'>λε’ξαι</span> <span class='ocrx_word' id='word_1_343' title='bbox 1707 2297 1808 2374; x_wconf 82' lang='grc' dir='ltr'>τὼχεῖρε</span> 
     </span>
     <span class='ocr_line' id='line_1_24' title="bbox 205 2384 1809 2470; baseline -0.004 -22"><span class='ocrx_word' id='word_1_344' title='bbox 205 2393 241 2458; x_wconf 83' lang='grc' dir='ltr'><strong>εἰς</strong></span> <span class='ocrx_word' id='word_1_345' title='bbox 252 2391 285 2448; x_wconf 74' lang='lat' dir='ltr'><strong>ad</strong></span> <span class='ocrx_word' id='word_1_346' title='bbox 300 2391 420 2469; x_wconf 89' lang='grc' dir='ltr'>βασίλεια</span> <span class='ocrx_word' id='word_1_347' title='bbox 434 2389 571 2470; x_wconf 82' lang='grc' dir='ltr'>παρελθὼν</span> <span class='ocrx_word' id='word_1_348' title='bbox 582 2391 627 2448; x_wconf 85' lang='grc' dir='ltr'><strong>καὶ</strong></span> <span class='ocrx_word' id='word_1_349' title='bbox 642 2391 715 2468; x_wconf 76' lang='grc' dir='ltr'>παρὰ</span> <span class='ocrx_word' id='word_1_350' title='bbox 729 2390 839 2470; x_wconf 80' lang='grc' dir='ltr'>βασιλέα</span> <span class='ocrx_word' id='word_1_351' title='bbox 853 2391 988 2469; x_wconf 88' lang='grc' dir='ltr'>γενόμενος</span> <span class='ocrx_word' id='word_1_352' title='bbox 1034 2392 1099 2469; x_wconf 83' lang='grc' dir='ltr'>ὑψοῦ</span> <span class='ocrx_word' id='word_1_353' title='bbox 1115 2389 1249 2455; x_wconf 80' lang='grc' dir='ltr'>ἀνατείνας</span> <span class='ocrx_word' id='word_1_354' title='bbox 1270 2393 1284 2446; x_wconf 88' lang='grc' dir='ltr'>δ</span> <span class='ocrx_word' id='word_1_355' title='bbox 1305 2387 1418 2468; x_wconf 79' lang='grc' dir='ltr'>Μανιδιχ</span> <span class='ocrx_word' id='word_1_356' title='bbox 1432 2387 1458 2447; x_wconf 76' lang='lat' dir='ltr'><strong>oi</strong></span> <span class='ocrx_word' id='word_1_357' title='bbox 1471 2412 1503 2447; x_wconf 84' lang='grc' dir='ltr'><strong>τε</strong></span> <span class='ocrx_word' id='word_1_358' title='bbox 1520 2388 1565 2456; x_wconf 77' lang='grc' dir='ltr'>ξὺν</span> <span class='ocrx_word' id='word_1_359' title='bbox 1586 2390 1658 2466; x_wconf 78' lang='grc' dir='ltr'>αὐτῷ</span> <span class='ocrx_word' id='word_1_360' title='bbox 1678 2384 1743 2464; x_wconf 82' lang='grc' dir='ltr'>δρκιρ</span> <span class='ocrx_word' id='word_1_361' title='bbox 1761 2387 1809 2442; x_wconf 83' lang='grc' dir='ltr'>ε’πι-</span> 
     </span>
     <span class='ocr_line' id='line_1_25' title="bbox 206 2467 1809 2559; baseline -0.006 -23"><span class='ocrx_word' id='word_1_362' title='bbox 206 2479 311 2536; x_wconf 83' lang='grc' dir='ltr'>άπαντα</span> <span class='ocrx_word' id='word_1_363' title='bbox 327 2477 422 2558; x_wconf 79' lang='grc' dir='ltr'>ἔπραξε</span> <span class='ocrx_word' id='word_1_364' title='bbox 439 2476 472 2536; x_wconf 86' lang='grc' dir='ltr'><strong>τδι</strong></span> <span class='ocrx_word' id='word_1_365' title='bbox 486 2477 535 2538; x_wconf 80' lang='grc' dir='ltr'><strong>ὅσα</strong></span> <span class='ocrx_word' id='word_1_366' title='bbox 556 2475 648 2536; x_wconf 74' lang='grc' dir='ltr'>ἕπεται</span> <span class='ocrx_word' id='word_1_367' title='bbox 669 2481 707 2559; x_wconf 78' lang='grc' dir='ltr'><strong>τῷ</strong></span> <span class='ocrx_word' id='word_1_368' title='bbox 722 2483 767 2548; x_wconf 72' lang='grc' dir='ltr'><strong>τῆς</strong></span> <span class='ocrx_word' id='word_1_369' title='bbox 781 2478 867 2559; x_wconf 82' lang='grc' dir='ltr'>ριλίας</span> <span class='ocrx_word' id='word_1_370' title='bbox 884 2481 988 2557; x_wconf 80' lang='grc' dir='ltr'>δεσμῷ,</span> <span class='ocrx_word' id='word_1_371' title='bbox 1034 2476 1169 2536; x_wconf 72' lang='grc' dir='ltr'>παύσαντο</span> <span class='ocrx_word' id='word_1_372' title='bbox 1183 2467 1345 2556; x_wconf 80' lang='grc' dir='ltr'>μεγίστῳ,ή</span> <span class='ocrx_word' id='word_1_373' title='bbox 1366 2477 1418 2553; x_wconf 79' lang='grc' dir='ltr'>μὴν</span> <span class='ocrx_word' id='word_1_374' title='bbox 1433 2476 1618 2556; x_wconf 81' lang='grc' dir='ltr'>δρδογνώμονι</span> <span class='ocrx_word' id='word_1_375' title='bbox 1631 2474 1728 2552; x_wconf 77' lang='grc' dir='ltr'>διανοίογ</span> <span class='ocrx_word' id='word_1_376' title='bbox 1740 2476 1809 2529; x_wconf 86' lang='grc' dir='ltr'>ταῦτα</span> 
     </span>
     <span class='ocr_line' id='line_1_26' title="bbox 202 2559 1811 2646; baseline -0.006 -22"><span class='ocrx_word' id='word_1_377' title='bbox 202 2566 232 2624; x_wconf 86' lang='grc' dir='ltr'><strong>τό</strong></span> <span class='ocrx_word' id='word_1_378' title='bbox 252 2590 280 2624; x_wconf 89' lang='grc' dir='ltr'><strong>τε</strong></span> <span class='ocrx_word' id='word_1_379' title='bbox 302 2567 415 2646; x_wconf 88' lang='grc' dir='ltr'>γράμμα</span> <span class='ocrx_word' id='word_1_380' title='bbox 434 2565 479 2624; x_wconf 83' lang='grc' dir='ltr'><strong>καλ</strong></span> <span class='ocrx_word' id='word_1_381' title='bbox 501 2567 536 2623; x_wconf 81' lang='grc' dir='ltr'><strong>τά</strong></span> <span class='ocrx_word' id='word_1_382' title='bbox 558 2567 630 2646; x_wconf 81' lang='grc' dir='ltr'>δῶρα</span> <span class='ocrx_word' id='word_1_383' title='bbox 645 2565 785 2646; x_wconf 77' lang='grc' dir='ltr'>ἐνεχείρισε</span> <span class='ocrx_word' id='word_1_384' title='bbox 800 2573 853 2631; x_wconf 86' lang='grc' dir='ltr'>τοῖς</span> <span class='ocrx_word' id='word_1_385' title='bbox 871 2567 897 2632; x_wconf 72' lang='grc' dir='ltr'>ἐς</span> <span class='ocrx_word' id='word_1_386' title='bbox 912 2570 988 2623; x_wconf 87' lang='grc' dir='ltr'>τοῦτο</span> <span class='ocrx_word' id='word_1_387' title='bbox 1037 2567 1167 2643; x_wconf 75' lang='grc' dir='ltr'>εἰρῆσθαι.</span> <span class='ocrx_word' id='word_1_388' title='bbox 1193 2565 1264 2644; x_wconf 84' lang='grc' dir='ltr'>Πρύς</span> <span class='ocrx_word' id='word_1_389' title='bbox 1288 2565 1376 2640; x_wconf 80' lang='grc' dir='ltr'>γεκαὶ</span> <span class='ocrx_word' id='word_1_390' title='bbox 1397 2564 1528 2643; x_wconf 79' lang='grc' dir='ltr'>κατέχεον</span> <span class='ocrx_word' id='word_1_391' title='bbox 1543 2565 1611 2644; x_wconf 84' lang='grc' dir='ltr'>ἀρδις</span> <span class='ocrx_word' id='word_1_392' title='bbox 1625 2563 1712 2643; x_wconf 85' lang='grc' dir='ltr'>σφίσιν</span> <span class='ocrx_word' id='word_1_393' title='bbox 1728 2559 1811 2626; x_wconf 82' lang='grc' dir='ltr'>αὐτοῖς,</span> 
     </span>
     <span class='ocr_line' id='line_1_27' title="bbox 204 2645 1814 2733; baseline -0.006 -22"><span class='ocrx_word' id='word_1_394' title='bbox 204 2653 417 2729; x_wconf 81' lang='grc' dir='ltr'>ἀνειμένοις,καὶ</span> <span class='ocrx_word' id='word_1_395' title='bbox 429 2655 511 2712; x_wconf 72' lang='grc' dir='ltr'>ἐδεῖτο</span> <span class='ocrx_word' id='word_1_396' title='bbox 521 2651 558 2730; x_wconf 77' lang='grc' dir='ltr'><strong>μὴ</strong></span> <span class='ocrx_word' id='word_1_397' title='bbox 569 2651 706 2724; x_wconf 80' lang='grc' dir='ltr'>ἀνονήτους</span> <span class='ocrx_word' id='word_1_398' title='bbox 718 2655 790 2733; x_wconf 80' lang='grc' dir='ltr'>αὐτῷ</span> <span class='ocrx_word' id='word_1_399' title='bbox 802 2653 921 2732; x_wconf 76' lang='grc' dir='ltr'>γενέσθαι</span> <span class='ocrx_word' id='word_1_400' title='bbox 931 2652 988 2719; x_wconf 82' lang='grc' dir='ltr'>τοὺς</span> <span class='ocrx_word' id='word_1_401' title='bbox 1036 2652 1074 2712; x_wconf 86' lang='grc' dir='ltr'><strong>ἔτι</strong></span> <span class='ocrx_word' id='word_1_402' title='bbox 1093 2676 1122 2730; x_wconf 88' lang='grc' dir='ltr'>γε</span> <span class='ocrx_word' id='word_1_403' title='bbox 1138 2651 1188 2729; x_wconf 84' lang='grc' dir='ltr'>μήν</span> <span class='ocrx_word' id='word_1_404' title='bbox 1204 2653 1248 2710; x_wconf 78' lang='grc' dir='ltr'><strong>καὶ</strong></span> <span class='ocrx_word' id='word_1_405' title='bbox 1265 2655 1302 2728; x_wconf 81' lang='grc' dir='ltr'><strong>τῷ</strong></span> <span class='ocrx_word' id='word_1_406' title='bbox 1324 2653 1496 2728; x_wconf 82' lang='grc' dir='ltr'>Διζαῦούλῳ,</span> <span class='ocrx_word' id='word_1_407' title='bbox 1513 2652 1587 2710; x_wconf 83' lang='grc' dir='ltr'>ἀλλδι</span> <span class='ocrx_word' id='word_1_408' title='bbox 1611 2652 1663 2730; x_wconf 74' lang='grc' dir='ltr'>γάρ</span> <span class='ocrx_word' id='word_1_409' title='bbox 1683 2648 1727 2708; x_wconf 74' lang='grc' dir='ltr'><strong>καὶ</strong></span> <span class='ocrx_word' id='word_1_410' title='bbox 1747 2645 1814 2704; x_wconf 82' lang='grc' dir='ltr'>παντί</span> 
     </span>
     <span class='ocr_line' id='line_1_28' title="bbox 204 2732 1813 2820; baseline -0.004 -22"><span class='ocrx_word' id='word_1_411' title='bbox 204 2745 252 2811; x_wconf 77' lang='grc' dir='ltr'><strong>τῆς</strong></span> <span class='ocrx_word' id='word_1_412' title='bbox 264 2739 409 2819; x_wconf 81' lang='grc' dir='ltr'>ὁδοιπορίας</span> <span class='ocrx_word' id='word_1_413' title='bbox 419 2742 542 2820; x_wconf 83' lang='grc' dir='ltr'>ἱδρῶτας.</span> <span class='ocrx_word' id='word_1_414' title='bbox 555 2737 634 2818; x_wconf 77' lang='grc' dir='ltr'>Ἀτάρ</span> <span class='ocrx_word' id='word_1_415' title='bbox 644 2743 658 2797; x_wconf 84' lang='grc' dir='ltr'>δ</span> <span class='ocrx_word' id='word_1_416' title='bbox 669 2739 791 2818; x_wconf 75' lang='grc' dir='ltr'>βασιλεὺς</span> <span class='ocrx_word' id='word_1_417' title='bbox 800 2738 987 2814; x_wconf 80' lang='grc' dir='ltr'>ἀναλεξάμενος</span> <span class='ocrx_word' id='word_1_418' title='bbox 1033 2743 1071 2820; x_wconf 82' lang='grc' dir='ltr'><strong>τῷ</strong></span> <span class='ocrx_word' id='word_1_419' title='bbox 1086 2741 1166 2813; x_wconf 81' lang='grc' dir='ltr'>ἔθνει,</span> <span class='ocrx_word' id='word_1_420' title='bbox 1182 2739 1206 2798; x_wconf 85' lang='grc' dir='ltr'>εί</span> <span class='ocrx_word' id='word_1_421' title='bbox 1217 2763 1246 2816; x_wconf 87' lang='grc' dir='ltr'>γε</span> <span class='ocrx_word' id='word_1_422' title='bbox 1258 2741 1317 2819; x_wconf 82' lang='grc' dir='ltr'>οὐχί</span> <span class='ocrx_word' id='word_1_423' title='bbox 1328 2739 1362 2798; x_wconf 78' lang='grc' dir='ltr'><strong>τὰ</strong></span> <span class='ocrx_word' id='word_1_424' title='bbox 1373 2740 1564 2818; x_wconf 76' lang='grc' dir='ltr'>ἐπηγγελμένα</span> <span class='ocrx_word' id='word_1_425' title='bbox 1578 2741 1667 2810; x_wconf 78' lang='grc' dir='ltr'>ἀληθῆ</span> <span class='ocrx_word' id='word_1_426' title='bbox 1684 2760 1712 2795; x_wconf 87' lang='grc' dir='ltr'><strong>τε</strong></span> <span class='ocrx_word' id='word_1_427' title='bbox 1727 2733 1764 2805; x_wconf 83' lang='grc' dir='ltr'>εἴη</span> <span class='ocrx_word' id='word_1_428' title='bbox 1777 2732 1813 2790; x_wconf 77' lang='grc' dir='ltr'><strong>καὶ</strong></span> 
     </span>
    </p>
   </div>
   <div class='ocr_carea' id='block_1_3' title="bbox 202 2819 1818 3170">
    <p class='ocr_par' dir='ltr' id='par_1_4' title="bbox 203 2819 1818 3084">
     <span class='ocr_line' id='line_1_29' title="bbox 204 2819 1817 2907; baseline -0.006 -21"><span class='ocrx_word' id='word_1_429' title='bbox 204 2825 247 2886; x_wconf 77' lang='grc' dir='ltr'><strong>διδ</strong></span> <span class='ocrx_word' id='word_1_430' title='bbox 269 2831 321 2886; x_wconf 81' lang='grc' dir='ltr'><strong>τῶν</strong></span> <span class='ocrx_word' id='word_1_431' title='bbox 343 2827 475 2907; x_wconf 78' lang='grc' dir='ltr'>ἑρμηνέων</span> <span class='ocrx_word' id='word_1_432' title='bbox 494 2826 523 2885; x_wconf 89' lang='grc' dir='ltr'><strong>τδ</strong></span> <span class='ocrx_word' id='word_1_433' title='bbox 546 2827 657 2906; x_wconf 84' lang='grc' dir='ltr'>γράμμα</span> <span class='ocrx_word' id='word_1_434' title='bbox 675 2826 706 2886; x_wconf 81' lang='grc' dir='ltr'><strong>τὸ</strong></span> <span class='ocrx_word' id='word_1_435' title='bbox 725 2826 852 2887; x_wconf 82' lang='grc' dir='ltr'>Σκυθικὸν</span> <span class='ocrx_word' id='word_1_436' title='bbox 875 2825 985 2903; x_wconf 83' lang='grc' dir='ltr'>ἀσμενέ·</span> <span class='ocrx_word' id='word_1_437' title='bbox 1033 2827 1166 2907; x_wconf 88' lang='grc' dir='ltr'>πρακτία.</span> <span class='ocrx_word' id='word_1_438' title='bbox 1185 2827 1265 2888; x_wconf 83' lang='grc' dir='ltr'>Ούτω</span> <span class='ocrx_word' id='word_1_439' title='bbox 1288 2827 1336 2903; x_wconf 78' lang='grc' dir='ltr'>μίν</span> <span class='ocrx_word' id='word_1_440' title='bbox 1356 2819 1401 2887; x_wconf 80' lang='grc' dir='ltr'><strong>οδν</strong></span> <span class='ocrx_word' id='word_1_441' title='bbox 1421 2827 1450 2885; x_wconf 86' lang='grc' dir='ltr'><strong>τὸ</strong></span> <span class='ocrx_word' id='word_1_442' title='bbox 1471 2830 1560 2906; x_wconf 82' lang='grc' dir='ltr'>ρῦλον</span> <span class='ocrx_word' id='word_1_443' title='bbox 1582 2831 1608 2886; x_wconf 78' lang='grc' dir='ltr'>οῖ</span> <span class='ocrx_word' id='word_1_444' title='bbox 1626 2829 1740 2905; x_wconf 81' lang='grc' dir='ltr'>Τοῦρκοι</span> <span class='ocrx_word' id='word_1_445' title='bbox 1758 2821 1817 2902; x_wconf 73' lang='grc' dir='ltr'>ρι’λοι</span> 
     </span>
     <span class='ocr_line' id='line_1_30' title="bbox 203 2911 1818 2995; baseline 0 -23"><span class='ocrx_word' id='word_1_446' title='bbox 203 2937 286 2974; x_wconf 89' lang='grc' dir='ltr'>στατα</span> <span class='ocrx_word' id='word_1_447' title='bbox 310 2914 462 2995; x_wconf 89' lang='grc' dir='ltr'>προσήκατο</span> <span class='ocrx_word' id='word_1_448' title='bbox 487 2913 535 2986; x_wconf 78' lang='grc' dir='ltr'><strong>τήν</strong></span> <span class='ocrx_word' id='word_1_449' title='bbox 558 2914 712 2993; x_wconf 81' lang='grc' dir='ltr'>πρεσὸείαν.</span> <span class='ocrx_word' id='word_1_450' title='bbox 737 2917 882 2994; x_wconf 82' lang='grc' dir='ltr'>Τοιγαροῦν</span> <span class='ocrx_word' id='word_1_451' title='bbox 908 2913 986 2993; x_wconf 85' lang='grc' dir='ltr'>ήρετο</span> <span class='ocrx_word' id='word_1_452' title='bbox 1033 2915 1149 2992; x_wconf 77' lang='grc' dir='ltr'>ἐγίνοντο</span> <span class='ocrx_word' id='word_1_453' title='bbox 1174 2915 1332 2992; x_wconf 85' lang='grc' dir='ltr'>Ῥωμαίοις,</span> <span class='ocrx_word' id='word_1_454' title='bbox 1352 2914 1398 2973; x_wconf 79' lang='grc' dir='ltr'><strong>καὶ</strong></span> <span class='ocrx_word' id='word_1_455' title='bbox 1418 2938 1451 2994; x_wconf 87' lang='grc' dir='ltr'><strong>τη</strong></span> <span class='ocrx_word' id='word_1_456' title='bbox 1475 2918 1541 2974; x_wconf 87' lang='grc' dir='ltr'><strong>καθΙ</strong></span> <span class='ocrx_word' id='word_1_457' title='bbox 1566 2919 1643 2992; x_wconf 74' lang='grc' dir='ltr'>ἡμᾶς</span> <span class='ocrx_word' id='word_1_458' title='bbox 1663 2912 1723 2991; x_wconf 83' lang='grc' dir='ltr'>οὐχί</span> <span class='ocrx_word' id='word_1_459' title='bbox 1745 2911 1818 2971; x_wconf 70' lang='grc' dir='ltr'>ἄλλως</span> 
     </span>
     <span class='ocr_line' id='line_1_31' title="bbox 203 3001 1362 3084; baseline -0.002 -22"><span class='ocrx_word' id='word_1_460' title='bbox 203 3003 262 3070; x_wconf 76' lang='grc' dir='ltr'>τοῦς</span> <span class='ocrx_word' id='word_1_461' title='bbox 274 3003 398 3084; x_wconf 81' lang='grc' dir='ltr'>πρίσδεις</span> <span class='ocrx_word' id='word_1_462' title='bbox 409 3003 469 3081; x_wconf 85' lang='grc' dir='ltr'>περί</span> <span class='ocrx_word' id='word_1_463' title='bbox 481 3006 527 3074; x_wconf 80' lang='grc' dir='ltr'><strong>τῆς</strong></span> <span class='ocrx_word' id='word_1_464' title='bbox 536 3005 587 3060; x_wconf 80' lang='grc' dir='ltr'><strong>τῶν</strong></span> <span class='ocrx_word' id='word_1_465' title='bbox 598 3001 723 3082; x_wconf 86' lang='grc' dir='ltr'>Τούρκων</span> <span class='ocrx_word' id='word_1_466' title='bbox 740 3006 880 3078; x_wconf 79' lang='grc' dir='ltr'>ἡγεμονίας</span> <span class='ocrx_word' id='word_1_467' title='bbox 894 3025 922 3059; x_wconf 90' lang='grc' dir='ltr'><strong>τε</strong></span> <span class='ocrx_word' id='word_1_468' title='bbox 939 3001 985 3059; x_wconf 81' lang='grc' dir='ltr'><strong>καλ</strong></span> <span class='ocrx_word' id='word_1_469' title='bbox 1033 3003 1172 3084; x_wconf 77' lang='grc' dir='ltr'>ίροίτησαν</span> <span class='ocrx_word' id='word_1_470' title='bbox 1186 3003 1315 3083; x_wconf 75' lang='grc' dir='ltr'>πολιτείᾳ.</span> <span class='ocrx_word' id='word_1_471' title='bbox 1360 3043 1362 3047; x_wconf 92' lang='grc'><strong>-</strong></span> 
     </span>
    </p>

    <p class='ocr_par' dir='ltr' id='par_1_5' title="bbox 202 3079 1213 3170">
     <span class='ocr_line' id='line_1_32' title="bbox 202 3079 1213 3170; baseline -0.003 -22"><span class='ocrx_word' id='word_1_472' title='bbox 202 3090 299 3170; x_wconf 80' lang='grc' dir='ltr'>χώρας,</span> <span class='ocrx_word' id='word_1_473' title='bbox 317 3094 352 3151; x_wconf 87' lang='grc' dir='ltr'><strong>Οί</strong></span> <span class='ocrx_word' id='word_1_474' title='bbox 367 3091 394 3148; x_wconf 87' lang='grc' dir='ltr'>δέ</span> <span class='ocrx_word' id='word_1_475' title='bbox 408 3113 437 3168; x_wconf 91' lang='grc' dir='ltr'>γε</span> <span class='ocrx_word' id='word_1_476' title='bbox 448 3089 548 3170; x_wconf 74' lang='grc' dir='ltr'>ἔφασαν</span> <span class='ocrx_word' id='word_1_477' title='bbox 560 3087 685 3170; x_wconf 86' lang='grc' dir='ltr'>τίτταρας</span> <span class='ocrx_word' id='word_1_478' title='bbox 700 3091 786 3156; x_wconf 84' lang='grc' dir='ltr'>αιἰτοῖς</span> <span class='ocrx_word' id='word_1_479' title='bbox 800 3079 866 3147; x_wconf 76' lang='grc' dir='ltr'>εἶναι</span> <span class='ocrx_word' id='word_1_480' title='bbox 886 3093 986 3167; x_wconf 83' lang='grc' dir='ltr'>ήγεμο-</span> <span class='ocrx_word' id='word_1_481' title='bbox 1209 3091 1213 3100; x_wconf 90' lang='grc'><strong>’</strong></span> 
     </span>
    </p>
   </div>
   <div class='ocr_carea' id='block_1_4' title="bbox 202 3252 1856 5196">
    <p class='ocr_par' dir='ltr' id='par_1_6' title="bbox 202 3252 1856 5196">
     <span class='ocr_line' id='line_1_33' title="bbox 203 3252 1826 3321; baseline -0.008 -10"><span class='ocrx_word' id='word_1_482' title='bbox 203 3263 227 3311; x_wconf 83' lang='lat' dir='ltr'><strong>et</strong></span> <span class='ocrx_word' id='word_1_483' title='bbox 235 3259 269 3308; x_wconf 94' lang='lat' dir='ltr'><strong>illi</strong></span> <span class='ocrx_word' id='word_1_484' title='bbox 278 3260 320 3321; x_wconf 92' lang='lat' dir='ltr'><strong>qul</strong></span> <span class='ocrx_word' id='word_1_485' title='bbox 334 3258 431 3308; x_wconf 78' lang='lat' dir='ltr'>insidias</span> <span class='ocrx_word' id='word_1_486' title='bbox 445 3261 583 3320; x_wconf 78' lang='lat' dir='ltr'><strong>evaserant,</strong></span> <span class='ocrx_word' id='word_1_487' title='bbox 595 3257 705 3319; x_wconf 85' lang='lat' dir='ltr'><strong>quamvis</strong></span> <span class='ocrx_word' id='word_1_488' title='bbox 718 3257 788 3306; x_wconf 90' lang='lat' dir='ltr'><strong>aliter</strong></span> <span class='ocrx_word' id='word_1_489' title='bbox 799 3257 985 3318; x_wconf 78' lang='lat' dir='ltr'><strong>suspicarentur,</strong></span> <span class='ocrx_word' id='word_1_490' title='bbox 1033 3259 1166 3318; x_wconf 85' lang='lat' dir='ltr'><strong>imperator</strong></span> <span class='ocrx_word' id='word_1_491' title='bbox 1175 3257 1272 3317; x_wconf 88' lang='lat' dir='ltr'><strong>antem,</strong></span> <span class='ocrx_word' id='word_1_492' title='bbox 1282 3255 1324 3304; x_wconf 91' lang='lat' dir='ltr'><strong>nbi</strong></span> <span class='ocrx_word' id='word_1_493' title='bbox 1336 3256 1392 3317; x_wconf 82' lang='lat' dir='ltr'><strong>legit</strong></span> <span class='ocrx_word' id='word_1_494' title='bbox 1407 3269 1449 3317; x_wconf 84' lang='lat' dir='ltr'><strong>per</strong></span> <span class='ocrx_word' id='word_1_495' title='bbox 1462 3255 1637 3319; x_wconf 74' lang='lat' dir='ltr'><strong>interpretem</strong></span> <span class='ocrx_word' id='word_1_496' title='bbox 1649 3258 1732 3306; x_wconf 86' lang='lat' dir='ltr'><strong>literas</strong></span> <span class='ocrx_word' id='word_1_497' title='bbox 1740 3252 1826 3315; x_wconf 73' lang='lat' dir='ltr'><strong>scylliie</strong></span> 
     </span>
     <span class='ocr_line' id='line_1_34' title="bbox 202 3334 1825 3398; baseline -0.002 -14"><span class='ocrx_word' id='word_1_498' title='bbox 202 3336 316 3396; x_wconf 77' lang='lat' dir='ltr'><strong>culidem,</strong></span> <span class='ocrx_word' id='word_1_499' title='bbox 326 3349 381 3397; x_wconf 71' lang='lat' dir='ltr'><strong>quan</strong></span> <span class='ocrx_word' id='word_1_500' title='bbox 396 3349 437 3398; x_wconf 89' lang='lat' dir='ltr'><strong>per</strong></span> <span class='ocrx_word' id='word_1_501' title='bbox 449 3334 568 3385; x_wconf 83' lang='lat' dir='ltr'><strong>Persidem</strong></span> <span class='ocrx_word' id='word_1_502' title='bbox 588 3334 769 3396; x_wconf 73' lang='lat' dir='ltr'><strong>percrebuerat,</strong></span> <span class='ocrx_word' id='word_1_503' title='bbox 786 3334 874 3382; x_wconf 84' lang='lat' dir='ltr'><strong>tamam</strong></span> <span class='ocrx_word' id='word_1_504' title='bbox 889 3347 986 3395; x_wconf 89' lang='lat' dir='ltr'><strong>quoque</strong></span> <span class='ocrx_word' id='word_1_505' title='bbox 1031 3337 1147 3397; x_wconf 85' lang='lat' dir='ltr'><strong>scriptas,</strong></span> <span class='ocrx_word' id='word_1_506' title='bbox 1160 3337 1302 3397; x_wconf 77' lang='lat' dir='ltr'><strong>legationem</strong></span> <span class='ocrx_word' id='word_1_507' title='bbox 1315 3335 1406 3384; x_wconf 84' lang='lat' dir='ltr'><strong>lubenti</strong></span> <span class='ocrx_word' id='word_1_508' title='bbox 1426 3336 1513 3385; x_wconf 90' lang='lat' dir='ltr'><strong>auimo</strong></span> <span class='ocrx_word' id='word_1_509' title='bbox 1525 3337 1640 3386; x_wconf 75' lang='lat' dir='ltr'><strong>admisit.</strong></span> <span class='ocrx_word' id='word_1_510' title='bbox 1654 3341 1739 3398; x_wconf 90' lang='lat' dir='ltr'><strong>ltaque</strong></span> <span class='ocrx_word' id='word_1_511' title='bbox 1748 3334 1825 3394; x_wconf 84' lang='lat' dir='ltr'><strong>legatos</strong></span> 
     </span>
     <span class='ocr_line' id='line_1_35' title="bbox 202 3410 1829 3478; baseline -0.002 -17"><span class='ocrx_word' id='word_1_512' title='bbox 202 3411 702 3476; x_wconf 78' lang='lat' dir='ltr'><strong>apudsuosdivulgnrunt.SedDiaabulns,</strong></span> <span class='ocrx_word' id='word_1_513' title='bbox 712 3410 924 3460; x_wconf 81' lang='lat' dir='ltr'><strong>bomocallidnaet</strong></span> <span class='ocrx_word' id='word_1_514' title='bbox 934 3423 985 3460; x_wconf 79' lang='lat' dir='ltr'><strong>ver·</strong></span> <span class='ocrx_word' id='word_1_515' title='bbox 1032 3417 1200 3477; x_wconf 72' lang='lat' dir='ltr'><strong>percunctatus</strong></span> <span class='ocrx_word' id='word_1_516' title='bbox 1218 3417 1255 3464; x_wconf 89' lang='lat' dir='ltr'><strong>est</strong></span> <span class='ocrx_word' id='word_1_517' title='bbox 1266 3415 1296 3463; x_wconf 85' lang='lat' dir='ltr'><strong>de</strong></span> <span class='ocrx_word' id='word_1_518' title='bbox 1312 3417 1447 3463; x_wconf 71' lang='lat' dir='ltr'><strong>turcorum</strong></span> <span class='ocrx_word' id='word_1_519' title='bbox 1462 3416 1615 3478; x_wconf 86' lang='lat' dir='ltr'><strong>principatu</strong></span> <span class='ocrx_word' id='word_1_520' title='bbox 1633 3419 1660 3466; x_wconf 88' lang='lat' dir='ltr'><strong>et</strong></span> <span class='ocrx_word' id='word_1_521' title='bbox 1679 3417 1772 3478; x_wconf 80' lang='lat' dir='ltr'><strong>regium</strong></span> <span class='ocrx_word' id='word_1_522' title='bbox 1785 3411 1829 3460; x_wconf 90' lang='lat' dir='ltr'><strong>:illi</strong></span> 
     </span>
     <span class='ocr_line' id='line_1_36' title="bbox 202 3487 1828 3556; baseline -0.002 -16"><span class='ocrx_word' id='word_1_523' title='bbox 202 3494 279 3550; x_wconf 86' lang='lat' dir='ltr'><strong>sutus,</strong></span> <span class='ocrx_word' id='word_1_524' title='bbox 292 3503 346 3550; x_wconf 86' lang='lat' dir='ltr'><strong>quae</strong></span> <span class='ocrx_word' id='word_1_525' title='bbox 355 3492 448 3550; x_wconf 87' lang='lat' dir='ltr'><strong>patrata</strong></span> <span class='ocrx_word' id='word_1_526' title='bbox 464 3491 546 3548; x_wconf 84' lang='lat' dir='ltr'><strong>erant,</strong></span> <span class='ocrx_word' id='word_1_527' title='bbox 558 3501 606 3537; x_wconf 93' lang='lat' dir='ltr'><strong>non</strong></span> <span class='ocrx_word' id='word_1_528' title='bbox 617 3488 750 3549; x_wconf 77' lang='lat' dir='ltr'><strong>ignorabat.</strong></span> <span class='ocrx_word' id='word_1_529' title='bbox 766 3487 886 3537; x_wconf 68' lang='lat' dir='ltr'><strong>cretensi</strong></span> <span class='ocrx_word' id='word_1_530' title='bbox 905 3489 984 3548; x_wconf 84' lang='lat' dir='ltr'><strong>enim,</strong></span> <span class='ocrx_word' id='word_1_531' title='bbox 1032 3505 1089 3541; x_wconf 85' lang='lat' dir='ltr'><strong>vero</strong></span> <span class='ocrx_word' id='word_1_532' title='bbox 1099 3491 1286 3554; x_wconf 86' lang='lat' dir='ltr'><strong>responderunt,</strong></span> <span class='ocrx_word' id='word_1_533' title='bbox 1306 3494 1421 3553; x_wconf 85' lang='lat' dir='ltr'><strong>quattuor</strong></span> <span class='ocrx_word' id='word_1_534' title='bbox 1440 3493 1508 3552; x_wconf 89' lang='lat' dir='ltr'><strong>apud</strong></span> <span class='ocrx_word' id='word_1_535' title='bbox 1534 3507 1582 3544; x_wconf 87' lang='lat' dir='ltr'><strong>eos</strong></span> <span class='ocrx_word' id='word_1_536' title='bbox 1603 3495 1775 3556; x_wconf 83' lang='lat' dir='ltr'><strong>praet&#39;ectnras,</strong></span> <span class='ocrx_word' id='word_1_537' title='bbox 1794 3488 1828 3536; x_wconf 79' lang='lat' dir='ltr'><strong>sed</strong></span> 
     </span>
     <span class='ocr_line' id='line_1_37' title="bbox 202 3565 1830 3631; baseline -0.003 -12"><span class='ocrx_word' id='word_1_538' title='bbox 202 3571 264 3619; x_wconf 87' lang='lat' dir='ltr'><strong>sicut</strong></span> <span class='ocrx_word' id='word_1_539' title='bbox 274 3570 334 3628; x_wconf 86' lang='lat' dir='ltr'><strong>erat,</strong></span> <span class='ocrx_word' id='word_1_540' title='bbox 351 3568 441 3628; x_wconf 84' lang='lat' dir='ltr'><strong>legatos</strong></span> <span class='ocrx_word' id='word_1_541' title='bbox 454 3565 510 3615; x_wconf 92' lang='lat' dir='ltr'><strong>dolo</strong></span> <span class='ocrx_word' id='word_1_542' title='bbox 522 3569 618 3615; x_wconf 88' lang='lat' dir='ltr'><strong>necatos</strong></span> <span class='ocrx_word' id='word_1_543' title='bbox 630 3580 690 3616; x_wconf 85' lang='lat' dir='ltr'><strong>csse.</strong></span> <span class='ocrx_word' id='word_1_544' title='bbox 704 3567 764 3615; x_wconf 87' lang='lat' dir='ltr'><strong>ilinc</strong></span> <span class='ocrx_word' id='word_1_545' title='bbox 780 3565 912 3615; x_wconf 86' lang='lat' dir='ltr'><strong>inimicitiae</strong></span> <span class='ocrx_word' id='word_1_546' title='bbox 923 3569 985 3615; x_wconf 83' lang='lat' dir='ltr'><strong>Tur·</strong></span> <span class='ocrx_word' id='word_1_547' title='bbox 1031 3581 1153 3618; x_wconf 75' lang='lat' dir='ltr'><strong>nummum</strong></span> <span class='ocrx_word' id='word_1_548' title='bbox 1165 3569 1240 3618; x_wconf 89' lang='lat' dir='ltr'><strong>totius</strong></span> <span class='ocrx_word' id='word_1_549' title='bbox 1253 3570 1329 3630; x_wconf 86' lang='lat' dir='ltr'><strong>gentis</strong></span> <span class='ocrx_word' id='word_1_550' title='bbox 1342 3569 1469 3630; x_wconf 86' lang='lat' dir='ltr'><strong>imperinm</strong></span> <span class='ocrx_word' id='word_1_551' title='bbox 1490 3583 1575 3631; x_wconf 84' lang='lat' dir='ltr'><strong>penes</strong></span> <span class='ocrx_word' id='word_1_552' title='bbox 1592 3571 1679 3620; x_wconf 89' lang='lat' dir='ltr'><strong>solum</strong></span> <span class='ocrx_word' id='word_1_553' title='bbox 1693 3567 1830 3620; x_wconf 71' lang='lat' dir='ltr'><strong>Diabolum</strong></span> 
     </span>
     <span class='ocr_line' id='line_1_38' title="bbox 202 3644 1832 3712; baseline -0.001 -18"><span class='ocrx_word' id='word_1_554' title='bbox 202 3658 286 3694; x_wconf 89' lang='lat' dir='ltr'><strong>corum</strong></span> <span class='ocrx_word' id='word_1_555' title='bbox 298 3647 323 3695; x_wconf 90' lang='lat' dir='ltr'><strong>el</strong></span> <span class='ocrx_word' id='word_1_556' title='bbox 332 3647 458 3693; x_wconf 84' lang='lat' dir='ltr'><strong>Persarum</strong></span> <span class='ocrx_word' id='word_1_557' title='bbox 468 3645 581 3705; x_wconf 81' lang='lat' dir='ltr'><strong>originem</strong></span> <span class='ocrx_word' id='word_1_558' title='bbox 592 3646 715 3704; x_wconf 88' lang='lat' dir='ltr'><strong>ceperunt.</strong></span> <span class='ocrx_word' id='word_1_559' title='bbox 727 3646 757 3692; x_wconf 84' lang='lat' dir='ltr'><strong>Et</strong></span> <span class='ocrx_word' id='word_1_560' title='bbox 766 3644 827 3692; x_wconf 85' lang='lat' dir='ltr'><strong>lianc</strong></span> <span class='ocrx_word' id='word_1_561' title='bbox 836 3644 985 3694; x_wconf 75' lang='lat' dir='ltr'><strong>occasionem</strong></span> <span class='ocrx_word' id='word_1_562' title='bbox 1031 3661 1090 3698; x_wconf 82' lang='lat' dir='ltr'><strong>esse.</strong></span> <span class='ocrx_word' id='word_1_563' title='bbox 1098 3649 1131 3696; x_wconf 78' lang='lat' dir='ltr'><strong>sd</strong></span> <span class='ocrx_word' id='word_1_564' title='bbox 1140 3648 1437 3708; x_wconf 78' lang='lat' dir='ltr'><strong>bmcdixemntsnbegissc</strong></span> <span class='ocrx_word' id='word_1_565' title='bbox 1446 3648 1615 3709; x_wconf 81' lang='lat' dir='ltr'><strong>Eplitlialitas</strong></span> <span class='ocrx_word' id='word_1_566' title='bbox 1623 3649 1832 3712; x_wconf 84' lang='lat' dir='ltr'><strong>eosqnclribnturn</strong></span> 
     </span>
     <span class='ocr_line' id='line_1_39' title="bbox 203 3721 1834 3789; baseline -0.001 -18"><span class='ocrx_word' id='word_1_567' title='bbox 203 3721 327 3782; x_wconf 82' lang='lat' dir='ltr'><strong>blaniacli,</strong></span> <span class='ocrx_word' id='word_1_568' title='bbox 339 3721 380 3783; x_wconf 91' lang='lat' dir='ltr'><strong>qui</strong></span> <span class='ocrx_word' id='word_1_569' title='bbox 398 3721 517 3782; x_wconf 85' lang='lat' dir='ltr'><strong>Sogdaitis</strong></span> <span class='ocrx_word' id='word_1_570' title='bbox 530 3723 643 3782; x_wconf 76' lang='lat' dir='ltr'><strong>praeerat,</strong></span> <span class='ocrx_word' id='word_1_571' title='bbox 658 3721 786 3783; x_wconf 82' lang='lat' dir='ltr'><strong>arripiens,</strong></span> <span class='ocrx_word' id='word_1_572' title='bbox 802 3721 916 3770; x_wconf 87' lang='lat' dir='ltr'><strong>Dizabulo</strong></span> <span class='ocrx_word' id='word_1_573' title='bbox 930 3734 984 3783; x_wconf 87' lang='lat' dir='ltr'><strong>per-</strong></span> <span class='ocrx_word' id='word_1_574' title='bbox 1031 3725 1134 3787; x_wconf 71' lang='lat' dir='ltr'><strong>peudere</strong></span> <span class='ocrx_word' id='word_1_575' title='bbox 1143 3724 1255 3786; x_wconf 62' lang='lat' dir='ltr'><strong>megingo.</strong></span> <span class='ocrx_word' id='word_1_576' title='bbox 1269 3745 1280 3767; x_wconf 76' lang='grc' dir='ltr'>ι</span> <span class='ocrx_word' id='word_1_577' title='bbox 1293 3725 1378 3774; x_wconf 81' lang='lat' dir='ltr'><strong>omnis</strong></span> <span class='ocrx_word' id='word_1_578' title='bbox 1389 3725 1469 3786; x_wconf 80' lang='lat' dir='ltr'><strong>igitur,</strong></span> <span class='ocrx_word' id='word_1_579' title='bbox 1486 3725 1579 3788; x_wconf 87' lang='lat' dir='ltr'><strong>inquit</strong></span> <span class='ocrx_word' id='word_1_580' title='bbox 1593 3728 1740 3789; x_wconf 83' lang='lat' dir='ltr'><strong>imperator,</strong></span> <span class='ocrx_word' id='word_1_581' title='bbox 1750 3737 1764 3772; x_wconf 85' lang='lat' dir='ltr'><strong>a</strong></span> <span class='ocrx_word' id='word_1_582' title='bbox 1773 3721 1834 3771; x_wconf 83' lang='lat' dir='ltr'><strong>robis</strong></span> 
     </span>
     <span class='ocr_line' id='line_1_40' title="bbox 202 3800 1836 3864; baseline 0 -14"><span class='ocrx_word' id='word_1_583' title='bbox 202 3801 291 3860; x_wconf 87' lang='lat' dir='ltr'><strong>suasit,</strong></span> <span class='ocrx_word' id='word_1_584' title='bbox 304 3801 387 3848; x_wconf 87' lang='lat' dir='ltr'><strong>utilius</strong></span> <span class='ocrx_word' id='word_1_585' title='bbox 402 3813 453 3849; x_wconf 87' lang='lat' dir='ltr'><strong>esse</strong></span> <span class='ocrx_word' id='word_1_586' title='bbox 465 3800 549 3848; x_wconf 80' lang='lat' dir='ltr'><strong>Tuscis</strong></span> <span class='ocrx_word' id='word_1_587' title='bbox 561 3800 783 3858; x_wconf 86' lang='lat' dir='ltr'><strong>Romanoscolere,</strong></span> <span class='ocrx_word' id='word_1_588' title='bbox 795 3803 914 3849; x_wconf 86' lang='lat' dir='ltr'><strong>eteorum</strong></span> <span class='ocrx_word' id='word_1_589' title='bbox 927 3801 985 3848; x_wconf 84' lang='lat' dir='ltr'><strong>aini-</strong></span> <span class='ocrx_word' id='word_1_590' title='bbox 1030 3805 1066 3850; x_wconf 87' lang='lat' dir='ltr'><strong>est</strong></span> <span class='ocrx_word' id='word_1_591' title='bbox 1077 3815 1160 3851; x_wconf 88' lang='lat' dir='ltr'><strong>eversa</strong></span> <span class='ocrx_word' id='word_1_592' title='bbox 1175 3802 1367 3864; x_wconf 82' lang='lat' dir='ltr'><strong>llphtlialitarum</strong></span> <span class='ocrx_word' id='word_1_593' title='bbox 1385 3803 1518 3864; x_wconf 77' lang='lat' dir='ltr'><strong>potentia?</strong></span> <span class='ocrx_word' id='word_1_594' title='bbox 1533 3823 1547 3844; x_wconf 77' lang='grc' dir='ltr'>ν</span> <span class='ocrx_word' id='word_1_595' title='bbox 1562 3805 1745 3854; x_wconf 68' lang='lat' dir='ltr'><strong>annuentibus</strong></span> <span class='ocrx_word' id='word_1_596' title='bbox 1753 3801 1836 3864; x_wconf 78' lang='lat' dir='ltr'><strong>legatis,</strong></span> 
     </span>
     <span class='ocr_line' id='line_1_41' title="bbox 202 3875 1836 3942; baseline -0.001 -16"><span class='ocrx_word' id='word_1_597' title='bbox 202 3877 283 3926; x_wconf 86' lang='lat' dir='ltr'><strong>citiam</strong></span> <span class='ocrx_word' id='word_1_598' title='bbox 293 3876 420 3939; x_wconf 89' lang='lat' dir='ltr'><strong>amplecti,</strong></span> <span class='ocrx_word' id='word_1_599' title='bbox 431 3876 494 3926; x_wconf 88' lang='lat' dir='ltr'><strong>etad</strong></span> <span class='ocrx_word' id='word_1_600' title='bbox 504 3877 557 3924; x_wconf 89' lang='lat' dir='ltr'><strong>illos</strong></span> <span class='ocrx_word' id='word_1_601' title='bbox 568 3875 637 3925; x_wconf 87' lang='lat' dir='ltr'><strong>serici</strong></span> <span class='ocrx_word' id='word_1_602' title='bbox 655 3877 828 3925; x_wconf 88' lang='lat' dir='ltr'><strong>commercium</strong></span> <span class='ocrx_word' id='word_1_603' title='bbox 842 3877 985 3938; x_wconf 84' lang='lat' dir='ltr'><strong>transterre,</strong></span> <span class='ocrx_word' id='word_1_604' title='bbox 1031 3880 1161 3941; x_wconf 88' lang='lat' dir='ltr'><strong>imperator</strong></span> <span class='ocrx_word' id='word_1_605' title='bbox 1175 3879 1268 3940; x_wconf 86' lang='lat' dir='ltr'><strong>rogavit</strong></span> <span class='ocrx_word' id='word_1_606' title='bbox 1279 3894 1286 3928; x_wconf 79' lang='lat' dir='ltr'><strong>r</strong></span> <span class='ocrx_word' id='word_1_607' title='bbox 1298 3899 1309 3922; x_wconf 78' lang='grc' dir='ltr'>ο</span> <span class='ocrx_word' id='word_1_608' title='bbox 1323 3880 1411 3928; x_wconf 85' lang='lat' dir='ltr'><strong>Utrum</strong></span> <span class='ocrx_word' id='word_1_609' title='bbox 1423 3879 1448 3927; x_wconf 91' lang='lat' dir='ltr'><strong>in</strong></span> <span class='ocrx_word' id='word_1_610' title='bbox 1467 3880 1600 3942; x_wconf 86' lang='lat' dir='ltr'><strong>urbibus,</strong></span> <span class='ocrx_word' id='word_1_611' title='bbox 1612 3895 1647 3930; x_wconf 90' lang='lat' dir='ltr'><strong>au</strong></span> <span class='ocrx_word' id='word_1_612' title='bbox 1665 3879 1836 3930; x_wconf 80' lang='lat' dir='ltr'><strong>vicatiminbi·</strong></span> 
     </span>
     <span class='ocr_line' id='line_1_42' title="bbox 203 3953 1836 4024; baseline 0.002 -21"><span class='ocrx_word' id='word_1_613' title='bbox 203 3955 244 4016; x_wconf 93' lang='lat' dir='ltr'><strong>qui</strong></span> <span class='ocrx_word' id='word_1_614' title='bbox 256 3955 315 4004; x_wconf 90' lang='lat' dir='ltr'><strong>illud</strong></span> <span class='ocrx_word' id='word_1_615' title='bbox 331 3955 356 4003; x_wconf 92' lang='lat' dir='ltr'><strong>iu</strong></span> <span class='ocrx_word' id='word_1_616' title='bbox 366 3953 520 4016; x_wconf 80' lang='lat' dir='ltr'><strong>frequentiori</strong></span> <span class='ocrx_word' id='word_1_617' title='bbox 532 3967 576 4002; x_wconf 87' lang='lat' dir='ltr'><strong>usu</strong></span> <span class='ocrx_word' id='word_1_618' title='bbox 588 3953 703 4002; x_wconf 83' lang='lat' dir='ltr'><strong>baberent</strong></span> <span class='ocrx_word' id='word_1_619' title='bbox 718 3967 791 4015; x_wconf 87' lang='lat' dir='ltr'><strong>quam</strong></span> <span class='ocrx_word' id='word_1_620' title='bbox 811 3954 897 4014; x_wconf 83' lang='lat' dir='ltr'><strong>reliqui</strong></span> <span class='ocrx_word' id='word_1_621' title='bbox 908 3955 985 4002; x_wconf 81' lang='lat' dir='ltr'><strong>nomi·</strong></span> <span class='ocrx_word' id='word_1_622' title='bbox 1031 3959 1114 4008; x_wconf 90' lang='lat' dir='ltr'><strong>tabant</strong></span> <span class='ocrx_word' id='word_1_623' title='bbox 1137 3958 1297 4020; x_wconf 79' lang='lat' dir='ltr'><strong>Eplitlialitae?</strong></span> <span class='ocrx_word' id='word_1_624' title='bbox 1319 3979 1331 4001; x_wconf 80' lang='grc' dir='ltr'>ι</span> <span class='ocrx_word' id='word_1_625' title='bbox 1348 3978 1359 4001; x_wconf 84' lang='grc' dir='ltr'>ι</span> <span class='ocrx_word' id='word_1_626' title='bbox 1374 3961 1450 4016; x_wconf 76' lang='lat' dir='ltr'><strong>oms,</strong></span> <span class='ocrx_word' id='word_1_627' title='bbox 1465 3973 1482 4006; x_wconf 95' lang='grc' dir='ltr'>ο</span> <span class='ocrx_word' id='word_1_628' title='bbox 1503 3959 1634 4024; x_wconf 85' lang='lat' dir='ltr'><strong>domine,</strong></span> <span class='ocrx_word' id='word_1_629' title='bbox 1661 3961 1738 4010; x_wconf 80' lang='lat' dir='ltr'><strong>urbes</strong></span> <span class='ocrx_word' id='word_1_630' title='bbox 1749 3959 1811 4008; x_wconf 83' lang='lat' dir='ltr'><strong>colit.</strong></span> <span class='ocrx_word' id='word_1_631' title='bbox 1827 3975 1836 3997; x_wconf 72' lang='grc' dir='ltr'>ν</span> 
     </span>
     <span class='ocr_line' id='line_1_43' title="bbox 203 4031 1839 4101; baseline 0.001 -21"><span class='ocrx_word' id='word_1_632' title='bbox 203 4045 257 4094; x_wconf 86' lang='lat' dir='ltr'><strong>nes,</strong></span> <span class='ocrx_word' id='word_1_633' title='bbox 269 4046 343 4094; x_wconf 83' lang='lat' dir='ltr'><strong>seque</strong></span> <span class='ocrx_word' id='word_1_634' title='bbox 361 4034 536 4095; x_wconf 83' lang='lat' dir='ltr'><strong>paratissimum</strong></span> <span class='ocrx_word' id='word_1_635' title='bbox 554 4045 605 4082; x_wconf 86' lang='lat' dir='ltr'><strong>esse</strong></span> <span class='ocrx_word' id='word_1_636' title='bbox 623 4031 718 4082; x_wconf 88' lang='lat' dir='ltr'><strong>dicebat</strong></span> <span class='ocrx_word' id='word_1_637' title='bbox 734 4032 844 4081; x_wconf 85' lang='lat' dir='ltr'><strong>Manlacli</strong></span> <span class='ocrx_word' id='word_1_638' title='bbox 861 4046 908 4082; x_wconf 88' lang='lat' dir='ltr'><strong>uua</strong></span> <span class='ocrx_word' id='word_1_639' title='bbox 929 4047 985 4081; x_wconf 88' lang='lat' dir='ltr'><strong>cum</strong></span> <span class='ocrx_word' id='word_1_640' title='bbox 1032 4057 1043 4078; x_wconf 78' lang='grc' dir='ltr'>ι</span> <span class='ocrx_word' id='word_1_641' title='bbox 1055 4041 1128 4099; x_wconf 68' lang='lat' dir='ltr'><strong>Ergo,</strong></span> <span class='ocrx_word' id='word_1_642' title='bbox 1147 4038 1248 4098; x_wconf 74' lang='lat' dir='ltr'><strong>subjecit</strong></span> <span class='ocrx_word' id='word_1_643' title='bbox 1266 4037 1404 4099; x_wconf 75' lang='lat' dir='ltr'><strong>imperator,</strong></span> <span class='ocrx_word' id='word_1_644' title='bbox 1418 4035 1592 4088; x_wconf 77' lang='lat' dir='ltr'><strong>manifestum</strong></span> <span class='ocrx_word' id='word_1_645' title='bbox 1606 4043 1665 4101; x_wconf 60' lang='lat' dir='ltr'><strong>mr,</strong></span> <span class='ocrx_word' id='word_1_646' title='bbox 1681 4037 1839 4089; x_wconf 65' lang='lat' dir='ltr'><strong>veremudum</strong></span> 
     </span>
     <span class='ocr_line' id='line_1_44' title="bbox 203 4111 1840 4176; baseline 0.003 -18"><span class='ocrx_word' id='word_1_647' title='bbox 203 4113 284 4173; x_wconf 81' lang='lat' dir='ltr'><strong>legatis</strong></span> <span class='ocrx_word' id='word_1_648' title='bbox 293 4115 427 4161; x_wconf 73' lang='lat' dir='ltr'><strong>Tincorum</strong></span> <span class='ocrx_word' id='word_1_649' title='bbox 441 4111 470 4160; x_wconf 86' lang='lat' dir='ltr'><strong>ad</strong></span> <span class='ocrx_word' id='word_1_650' title='bbox 482 4125 535 4160; x_wconf 88' lang='lat' dir='ltr'><strong>eum</strong></span> <span class='ocrx_word' id='word_1_651' title='bbox 548 4111 689 4173; x_wconf 82' lang='lat' dir='ltr'><strong>legationem</strong></span> <span class='ocrx_word' id='word_1_652' title='bbox 709 4111 824 4173; x_wconf 83' lang='lat' dir='ltr'><strong>proficisci</strong></span> <span class='ocrx_word' id='word_1_653' title='bbox 832 4147 838 4171; x_wconf 91' lang='lat'><strong>,</strong></span> <span class='ocrx_word' id='word_1_654' title='bbox 847 4113 875 4160; x_wconf 91' lang='lat' dir='ltr'><strong>nt</strong></span> <span class='ocrx_word' id='word_1_655' title='bbox 887 4113 984 4162; x_wconf 81' lang='lat' dir='ltr'><strong>Romani</strong></span> <span class='ocrx_word' id='word_1_656' title='bbox 1030 4115 1141 4174; x_wconf 90' lang='lat' dir='ltr'><strong>urbium,</strong></span> <span class='ocrx_word' id='word_1_657' title='bbox 1152 4128 1207 4176; x_wconf 83' lang='lat' dir='ltr'><strong>qnae</strong></span> <span class='ocrx_word' id='word_1_658' title='bbox 1217 4114 1315 4162; x_wconf 89' lang='lat' dir='ltr'><strong>illorum</strong></span> <span class='ocrx_word' id='word_1_659' title='bbox 1326 4115 1436 4174; x_wconf 86' lang='lat' dir='ltr'><strong>inerunt,</strong></span> <span class='ocrx_word' id='word_1_660' title='bbox 1449 4114 1536 4164; x_wconf 85' lang='lat' dir='ltr'><strong>iactos</strong></span> <span class='ocrx_word' id='word_1_661' title='bbox 1547 4129 1607 4166; x_wconf 86' lang='lat' dir='ltr'><strong>esse</strong></span> <span class='ocrx_word' id='word_1_662' title='bbox 1619 4117 1747 4167; x_wconf 83' lang='lat' dir='ltr'><strong>dominos.</strong></span> <span class='ocrx_word' id='word_1_663' title='bbox 1761 4135 1773 4158; x_wconf 83' lang='grc' dir='ltr'>ιι</span> <span class='ocrx_word' id='word_1_664' title='bbox 1785 4135 1796 4156; x_wconf 86' lang='grc' dir='ltr'>ι</span> <span class='ocrx_word' id='word_1_665' title='bbox 1805 4113 1840 4163; x_wconf 82' lang='lat' dir='ltr'><strong>Sic</strong></span> 
     </span>
     <span class='ocr_line' id='line_1_45' title="bbox 202 4191 1843 4258; baseline 0.001 -20"><span class='ocrx_word' id='word_1_666' title='bbox 202 4194 226 4239; x_wconf 79' lang='lat' dir='ltr'><strong>et</strong></span> <span class='ocrx_word' id='word_1_667' title='bbox 235 4191 305 4238; x_wconf 83' lang='lat' dir='ltr'><strong>‘torci</strong></span> <span class='ocrx_word' id='word_1_668' title='bbox 314 4191 359 4238; x_wconf 89' lang='lat' dir='ltr'><strong>bac</strong></span> <span class='ocrx_word' id='word_1_669' title='bbox 372 4191 506 4239; x_wconf 93' lang='lat' dir='ltr'><strong>conditione</strong></span> <span class='ocrx_word' id='word_1_670' title='bbox 519 4191 602 4240; x_wconf 78' lang='lat' dir='ltr'><strong>tierent</strong></span> <span class='ocrx_word' id='word_1_671' title='bbox 616 4191 695 4239; x_wconf 86' lang='lat' dir='ltr'><strong>amici.</strong></span> <span class='ocrx_word' id='word_1_672' title='bbox 708 4191 749 4239; x_wconf 90' lang='lat' dir='ltr'><strong>llis</strong></span> <span class='ocrx_word' id='word_1_673' title='bbox 763 4191 841 4240; x_wconf 84' lang='lat' dir='ltr'><strong>verbis</strong></span> <span class='ocrx_word' id='word_1_674' title='bbox 855 4191 986 4240; x_wconf 87' lang='lat' dir='ltr'><strong>Dlaabulns</strong></span> <span class='ocrx_word' id='word_1_675' title='bbox 1030 4193 1078 4252; x_wconf 82' lang='lat' dir='ltr'><strong>est,</strong></span> <span class='ocrx_word' id='word_1_676' title='bbox 1090 4193 1229 4253; x_wconf 88' lang='lat' dir='ltr'><strong>imperator,</strong></span> <span class='ocrx_word' id='word_1_677' title='bbox 1244 4211 1255 4233; x_wconf 81' lang='grc' dir='ltr'>ι</span> <span class='ocrx_word' id='word_1_678' title='bbox 1273 4191 1395 4242; x_wconf 83' lang='lat' dir='ltr'><strong>dlucmnt.</strong></span> <span class='ocrx_word' id='word_1_679' title='bbox 1408 4209 1421 4233; x_wconf 77' lang='grc' dir='ltr'>ι</span> <span class='ocrx_word' id='word_1_680' title='bbox 1438 4191 1487 4239; x_wconf 88' lang='lat' dir='ltr'><strong>Sed</strong></span> <span class='ocrx_word' id='word_1_681' title='bbox 1503 4205 1557 4242; x_wconf 78' lang='lat' dir='ltr'><strong>noe</strong></span> <span class='ocrx_word' id='word_1_682' title='bbox 1575 4193 1688 4256; x_wconf 76' lang='lat' dir='ltr'><strong>docete,</strong></span> <span class='ocrx_word' id='word_1_683' title='bbox 1709 4197 1801 4258; x_wconf 84' lang='lat' dir='ltr'><strong>quanta</strong></span> <span class='ocrx_word' id='word_1_684' title='bbox 1816 4193 1843 4240; x_wconf 79' lang='lat' dir='ltr'><strong>sil</strong></span> 
     </span>
     <span class='ocr_line' id='line_1_46' title="bbox 202 4269 1841 4333; baseline 0.005 -17"><span class='ocrx_word' id='word_1_685' title='bbox 202 4281 316 4318; x_wconf 87' lang='lat' dir='ltr'><strong>accensus</strong></span> <span class='ocrx_word' id='word_1_686' title='bbox 335 4270 409 4318; x_wconf 90' lang='lat' dir='ltr'><strong>mittit</strong></span> <span class='ocrx_word' id='word_1_687' title='bbox 429 4269 507 4330; x_wconf 71' lang='lat' dir='ltr'><strong>ipsum</strong></span> <span class='ocrx_word' id='word_1_688' title='bbox 526 4273 550 4319; x_wconf 87' lang='lat' dir='ltr'><strong>ct</strong></span> <span class='ocrx_word' id='word_1_689' title='bbox 568 4270 684 4332; x_wconf 87' lang='lat' dir='ltr'><strong>quosdam</strong></span> <span class='ocrx_word' id='word_1_690' title='bbox 703 4269 777 4330; x_wconf 86' lang='lat' dir='ltr'><strong>alios,</strong></span> <span class='ocrx_word' id='word_1_691' title='bbox 791 4269 833 4332; x_wconf 93' lang='lat' dir='ltr'><strong>qni</strong></span> <span class='ocrx_word' id='word_1_692' title='bbox 843 4270 984 4331; x_wconf 87' lang='lat' dir='ltr'><strong>legationem</strong></span> <span class='ocrx_word' id='word_1_693' title='bbox 1030 4276 1135 4319; x_wconf 74' lang='lat' dir='ltr'><strong>irarum</strong></span> <span class='ocrx_word' id='word_1_694' title='bbox 1153 4269 1366 4331; x_wconf 67' lang='lat' dir='ltr'><strong>mollitamque</strong></span> <span class='ocrx_word' id='word_1_695' title='bbox 1379 4269 1450 4320; x_wconf 82' lang='lat' dir='ltr'><strong>vestri</strong></span> <span class='ocrx_word' id='word_1_696' title='bbox 1472 4269 1585 4333; x_wconf 90' lang='lat' dir='ltr'><strong>imperii</strong></span> <span class='ocrx_word' id='word_1_697' title='bbox 1602 4275 1708 4322; x_wconf 89' lang='lat' dir='ltr'><strong>irenum</strong></span> <span class='ocrx_word' id='word_1_698' title='bbox 1728 4271 1841 4324; x_wconf 70' lang='lat' dir='ltr'><strong>excussi.</strong></span> 
     </span>
     <span class='ocr_line' id='line_1_47' title="bbox 202 4345 1844 4413; baseline 0.004 -21"><span class='ocrx_word' id='word_1_699' title='bbox 202 4345 297 4394; x_wconf 85' lang='lat' dir='ltr'><strong>obirent</strong></span> <span class='ocrx_word' id='word_1_700' title='bbox 307 4345 371 4407; x_wconf 85' lang='lat' dir='ltr'><strong>apud</strong></span> <span class='ocrx_word' id='word_1_701' title='bbox 387 4345 555 4406; x_wconf 85' lang='lat' dir='ltr'><strong>imperatorem</strong></span> <span class='ocrx_word' id='word_1_702' title='bbox 570 4349 719 4406; x_wconf 82' lang='lat' dir='ltr'><strong>Romanurn,</strong></span> <span class='ocrx_word' id='word_1_703' title='bbox 733 4347 803 4408; x_wconf 87' lang='lat' dir='ltr'><strong>cique</strong></span> <span class='ocrx_word' id='word_1_704' title='bbox 814 4348 986 4407; x_wconf 78' lang='lat' dir='ltr'><strong>gratulationes</strong></span> <span class='ocrx_word' id='word_1_705' title='bbox 1029 4350 1054 4396; x_wconf 87' lang='lat' dir='ltr'><strong>ct</strong></span> <span class='ocrx_word' id='word_1_706' title='bbox 1063 4361 1121 4396; x_wconf 90' lang='lat' dir='ltr'><strong>num</strong></span> <span class='ocrx_word' id='word_1_707' title='bbox 1128 4346 1397 4409; x_wconf 84' lang='lat' dir='ltr'><strong>parsetiamnumrobis</strong></span> <span class='ocrx_word' id='word_1_708' title='bbox 1405 4347 1577 4408; x_wconf 85' lang='lat' dir='ltr'><strong>subjectasit.</strong></span> <span class='ocrx_word' id='word_1_709' title='bbox 1588 4369 1604 4395; x_wconf 76' lang='grc' dir='ltr'>ο</span> <span class='ocrx_word' id='word_1_710' title='bbox 1616 4370 1631 4395; x_wconf 81' lang='grc' dir='ltr'>ι</span> <span class='ocrx_word' id='word_1_711' title='bbox 1639 4351 1758 4413; x_wconf 86' lang='lat' dir='ltr'><strong>Suntqui</strong></span> <span class='ocrx_word' id='word_1_712' title='bbox 1768 4353 1844 4399; x_wconf 80' lang='lat' dir='ltr'><strong>nostro</strong></span> 
     </span>
     <span class='ocr_line' id='line_1_48' title="bbox 203 4421 1844 4489; baseline 0.001 -19"><span class='ocrx_word' id='word_1_713' title='bbox 203 4425 226 4470; x_wconf 90' lang='lat' dir='ltr'><strong>et</strong></span> <span class='ocrx_word' id='word_1_714' title='bbox 241 4423 303 4470; x_wconf 89' lang='lat' dir='ltr'><strong>dona</strong></span> <span class='ocrx_word' id='word_1_715' title='bbox 316 4421 386 4470; x_wconf 85' lang='lat' dir='ltr'><strong>serici</strong></span> <span class='ocrx_word' id='word_1_716' title='bbox 401 4434 450 4470; x_wconf 89' lang='lat' dir='ltr'><strong>non</strong></span> <span class='ocrx_word' id='word_1_717' title='bbox 464 4423 531 4484; x_wconf 81' lang='lat' dir='ltr'><strong>parri</strong></span> <span class='ocrx_word' id='word_1_718' title='bbox 544 4425 614 4485; x_wconf 92' lang='lat' dir='ltr'><strong>pretii</strong></span> <span class='ocrx_word' id='word_1_719' title='bbox 631 4436 681 4472; x_wconf 89' lang='lat' dir='ltr'><strong>nna</strong></span> <span class='ocrx_word' id='word_1_720' title='bbox 693 4437 747 4472; x_wconf 81' lang='lat' dir='ltr'><strong>uiui</strong></span> <span class='ocrx_word' id='word_1_721' title='bbox 765 4423 841 4472; x_wconf 86' lang='lat' dir='ltr'><strong>literis</strong></span> <span class='ocrx_word' id='word_1_722' title='bbox 857 4423 984 4474; x_wconf 81' lang='lat' dir='ltr'><strong>deterrent.</strong></span> <span class='ocrx_word' id='word_1_723' title='bbox 1029 4424 1129 4485; x_wconf 85' lang='lat' dir='ltr'><strong>imperio</strong></span> <span class='ocrx_word' id='word_1_724' title='bbox 1140 4423 1219 4471; x_wconf 83' lang='lat' dir='ltr'><strong>adliuc</strong></span> <span class='ocrx_word' id='word_1_725' title='bbox 1228 4425 1335 4485; x_wconf 81' lang='lat' dir='ltr'><strong>pareant</strong></span> <span class='ocrx_word' id='word_1_726' title='bbox 1350 4425 1395 4482; x_wconf 86' lang='lat' dir='ltr'><strong>in</strong></span> <span class='ocrx_word' id='word_1_727' title='bbox 1409 4436 1465 4471; x_wconf 86' lang='lat' dir='ltr'><strong>rero</strong></span> <span class='ocrx_word' id='word_1_728' title='bbox 1479 4437 1497 4473; x_wconf 83' lang='lat' dir='ltr'><strong>a</strong></span> <span class='ocrx_word' id='word_1_729' title='bbox 1511 4429 1596 4477; x_wconf 89' lang='lat' dir='ltr'><strong>nobis</strong></span> <span class='ocrx_word' id='word_1_730' title='bbox 1608 4429 1776 4489; x_wconf 84' lang='lat' dir='ltr'><strong>deiecerunt,</strong></span> <span class='ocrx_word' id='word_1_731' title='bbox 1786 4427 1844 4474; x_wconf 90' lang='lat' dir='ltr'><strong>arbi·</strong></span> 
     </span>
     <span class='ocr_line' id='line_1_49' title="bbox 204 4500 1845 4570; baseline 0.002 -21"><span class='ocrx_word' id='word_1_732' title='bbox 204 4504 270 4549; x_wconf 86' lang='lat' dir='ltr'><strong>lianc</strong></span> <span class='ocrx_word' id='word_1_733' title='bbox 279 4501 403 4562; x_wconf 77' lang='lat' dir='ltr'><strong>epistolam</strong></span> <span class='ocrx_word' id='word_1_734' title='bbox 416 4501 492 4549; x_wconf 85' lang='lat' dir='ltr'><strong>tereus</strong></span> <span class='ocrx_word' id='word_1_735' title='bbox 503 4501 610 4550; x_wconf 82' lang='lat' dir='ltr'><strong>liauiacb</strong></span> <span class='ocrx_word' id='word_1_736' title='bbox 619 4503 642 4550; x_wconf 93' lang='lat' dir='ltr'><strong>lu</strong></span> <span class='ocrx_word' id='word_1_737' title='bbox 651 4502 713 4551; x_wconf 78' lang='lat' dir='ltr'><strong>siam</strong></span> <span class='ocrx_word' id='word_1_738' title='bbox 724 4501 829 4551; x_wconf 86' lang='lat' dir='ltr'><strong>scdcdit.</strong></span> <span class='ocrx_word' id='word_1_739' title='bbox 839 4506 920 4560; x_wconf 74' lang='lat' dir='ltr'><strong>Quium</strong></span> <span class='ocrx_word' id='word_1_740' title='bbox 928 4503 983 4552; x_wconf 89' lang='lat' dir='ltr'><strong>lon·</strong></span> <span class='ocrx_word' id='word_1_741' title='bbox 1029 4502 1079 4548; x_wconf 86' lang='lat' dir='ltr'><strong>tror</strong></span> <span class='ocrx_word' id='word_1_742' title='bbox 1089 4513 1139 4549; x_wconf 81' lang='lat' dir='ltr'><strong>esse</strong></span> <span class='ocrx_word' id='word_1_743' title='bbox 1151 4500 1246 4549; x_wconf 88' lang='lat' dir='ltr'><strong>circiter</strong></span> <span class='ocrx_word' id='word_1_744' title='bbox 1261 4500 1344 4561; x_wconf 85' lang='lat' dir='ltr'><strong>viginti</strong></span> <span class='ocrx_word' id='word_1_745' title='bbox 1357 4500 1440 4548; x_wconf 84' lang='lat' dir='ltr'><strong>millia.</strong></span> <span class='ocrx_word' id='word_1_746' title='bbox 1455 4519 1467 4544; x_wconf 79' lang='grc' dir='ltr'>ν</span> <span class='ocrx_word' id='word_1_747' title='bbox 1486 4505 1634 4554; x_wconf 84' lang='lat' dir='ltr'><strong>Postremo</strong></span> <span class='ocrx_word' id='word_1_748' title='bbox 1652 4505 1799 4570; x_wconf 84' lang='lat' dir='ltr'><strong>imperatori</strong></span> <span class='ocrx_word' id='word_1_749' title='bbox 1811 4501 1845 4550; x_wconf 89' lang='lat' dir='ltr'><strong>di·</strong></span> 
     </span>
     <span class='ocr_line' id='line_1_50' title="bbox 202 4579 1847 4646; baseline 0.002 -20"><span class='ocrx_word' id='word_1_750' title='bbox 202 4593 259 4641; x_wconf 84' lang='lat' dir='ltr'><strong>goin</strong></span> <span class='ocrx_word' id='word_1_751' title='bbox 272 4579 362 4628; x_wconf 85' lang='lat' dir='ltr'><strong>itineris</strong></span> <span class='ocrx_word' id='word_1_752' title='bbox 373 4581 476 4641; x_wconf 84' lang='lat' dir='ltr'><strong>spatium</strong></span> <span class='ocrx_word' id='word_1_753' title='bbox 493 4579 634 4628; x_wconf 86' lang='lat' dir='ltr'><strong>coniecisset</strong></span> <span class='ocrx_word' id='word_1_754' title='bbox 651 4580 787 4641; x_wconf 85' lang='lat' dir='ltr'><strong>multasque</strong></span> <span class='ocrx_word' id='word_1_755' title='bbox 798 4582 904 4642; x_wconf 78' lang='lat' dir='ltr'><strong>regiones</strong></span> <span class='ocrx_word' id='word_1_756' title='bbox 915 4594 983 4642; x_wconf 86' lang='lat' dir='ltr'><strong>pera·</strong></span> <span class='ocrx_word' id='word_1_757' title='bbox 1029 4582 1189 4628; x_wconf 88' lang='lat' dir='ltr'><strong>numerarunt</strong></span> <span class='ocrx_word' id='word_1_758' title='bbox 1207 4583 1289 4640; x_wconf 82' lang='lat' dir='ltr'><strong>gentes</strong></span> <span class='ocrx_word' id='word_1_759' title='bbox 1303 4579 1388 4628; x_wconf 85' lang='lat' dir='ltr'><strong>ancis</strong></span> <span class='ocrx_word' id='word_1_760' title='bbox 1399 4580 1526 4631; x_wconf 82' lang='lat' dir='ltr'><strong>subditas.</strong></span> <span class='ocrx_word' id='word_1_761' title='bbox 1544 4586 1652 4636; x_wconf 85' lang='lat' dir='ltr'><strong>Deinde</strong></span> <span class='ocrx_word' id='word_1_762' title='bbox 1670 4587 1705 4636; x_wconf 82' lang='lat' dir='ltr'><strong>ab</strong></span> <span class='ocrx_word' id='word_1_763' title='bbox 1716 4599 1757 4646; x_wconf 86' lang='lat' dir='ltr'><strong>eo,</strong></span> <span class='ocrx_word' id='word_1_764' title='bbox 1769 4589 1794 4632; x_wconf 90' lang='lat' dir='ltr'><strong>ut</strong></span> <span class='ocrx_word' id='word_1_765' title='bbox 1806 4597 1847 4644; x_wconf 83' lang='grc' dir='ltr'><strong>ραι</strong></span> 
     </span>
     <span class='ocr_line' id='line_1_51' title="bbox 202 4652 1847 4725; baseline 0.001 -21"><span class='ocrx_word' id='word_1_766' title='bbox 202 4659 305 4718; x_wconf 73' lang='lat' dir='ltr'><strong>gressu,</strong></span> <span class='ocrx_word' id='word_1_767' title='bbox 316 4659 409 4706; x_wconf 79' lang='lat' dir='ltr'><strong>montes</strong></span> <span class='ocrx_word' id='word_1_768' title='bbox 427 4659 561 4718; x_wconf 79' lang='lat' dir='ltr'><strong>praeruptos</strong></span> <span class='ocrx_word' id='word_1_769' title='bbox 578 4659 602 4705; x_wconf 90' lang='lat' dir='ltr'><strong>et</strong></span> <span class='ocrx_word' id='word_1_770' title='bbox 621 4658 726 4718; x_wconf 89' lang='lat' dir='ltr'><strong>undique</strong></span> <span class='ocrx_word' id='word_1_771' title='bbox 739 4652 834 4706; x_wconf 86' lang='lat' dir='ltr'><strong>uiribu&#39;s</strong></span> <span class='ocrx_word' id='word_1_772' title='bbox 845 4663 982 4719; x_wconf 86' lang='lat' dir='ltr'><strong>coopertos,</strong></span> <span class='ocrx_word' id='word_1_773' title='bbox 1029 4659 1053 4705; x_wconf 85' lang='lat' dir='ltr'><strong>et</strong></span> <span class='ocrx_word' id='word_1_774' title='bbox 1071 4669 1193 4705; x_wconf 82' lang='lat' dir='ltr'><strong>oruiornni</strong></span> <span class='ocrx_word' id='word_1_775' title='bbox 1205 4657 1307 4704; x_wconf 84' lang='lat' dir='ltr'><strong>societas</strong></span> <span class='ocrx_word' id='word_1_776' title='bbox 1318 4657 1431 4705; x_wconf 83' lang='lat' dir='ltr'><strong>Romanis</strong></span> <span class='ocrx_word' id='word_1_777' title='bbox 1447 4659 1473 4706; x_wconf 88' lang='lat' dir='ltr'><strong>et</strong></span> <span class='ocrx_word' id='word_1_778' title='bbox 1497 4661 1601 4710; x_wconf 84' lang='lat' dir='ltr'><strong>Turets</strong></span> <span class='ocrx_word' id='word_1_779' title='bbox 1614 4666 1698 4722; x_wconf 79' lang='lat' dir='ltr'><strong>esset,</strong></span> <span class='ocrx_word' id='word_1_780' title='bbox 1721 4663 1847 4725; x_wconf 81' lang='lat' dir='ltr'><strong>petiemnl.</strong></span> 
     </span>
     <span class='ocr_line' id='line_1_52' title="bbox 203 4733 1851 4801; baseline 0.002 -19"><span class='ocrx_word' id='word_1_781' title='bbox 203 4735 256 4782; x_wconf 89' lang='lat' dir='ltr'><strong>loca</strong></span> <span class='ocrx_word' id='word_1_782' title='bbox 266 4735 366 4796; x_wconf 87' lang='lat' dir='ltr'><strong>planaet</strong></span> <span class='ocrx_word' id='word_1_783' title='bbox 375 4735 476 4792; x_wconf 81' lang='lat' dir='ltr'><strong>silvosa,</strong></span> <span class='ocrx_word' id='word_1_784' title='bbox 487 4733 588 4795; x_wconf 83' lang='lat' dir='ltr'><strong>paludes</strong></span> <span class='ocrx_word' id='word_1_785' title='bbox 597 4737 620 4782; x_wconf 87' lang='lat' dir='ltr'><strong>ei</strong></span> <span class='ocrx_word' id='word_1_786' title='bbox 630 4733 743 4794; x_wconf 86' lang='lat' dir='ltr'><strong>iluinina,</strong></span> <span class='ocrx_word' id='word_1_787' title='bbox 753 4733 839 4782; x_wconf 85' lang='lat' dir='ltr'><strong>deinde</strong></span> <span class='ocrx_word' id='word_1_788' title='bbox 848 4737 983 4783; x_wconf 71' lang='lat' dir='ltr'><strong>consensum</strong></span> <span class='ocrx_word' id='word_1_789' title='bbox 1029 4733 1194 4792; x_wconf 76' lang='lat' dir='ltr'><strong>Addiderunt,</strong></span> <span class='ocrx_word' id='word_1_790' title='bbox 1211 4745 1238 4782; x_wconf 90' lang='lat' dir='ltr'><strong>se</strong></span> <span class='ocrx_word' id='word_1_791' title='bbox 1251 4733 1413 4794; x_wconf 83' lang='lat' dir='ltr'><strong>paratissimos</strong></span> <span class='ocrx_word' id='word_1_792' title='bbox 1429 4747 1500 4794; x_wconf 87' lang='lat' dir='ltr'><strong>esse,</strong></span> <span class='ocrx_word' id='word_1_793' title='bbox 1522 4751 1650 4801; x_wconf 82' lang='lat' dir='ltr'><strong>pugnare</strong></span> <span class='ocrx_word' id='word_1_794' title='bbox 1663 4745 1757 4791; x_wconf 76' lang='lat' dir='ltr'><strong>contra</strong></span> <span class='ocrx_word' id='word_1_795' title='bbox 1772 4751 1851 4788; x_wconf 60' lang='lat' dir='ltr'><strong>cuine&lt;</strong></span> 
     </span>
     <span class='ocr_line' id='line_1_53' title="bbox 202 4809 1851 4882; baseline 0.005 -24"><span class='ocrx_word' id='word_1_796' title='bbox 202 4815 350 4872; x_wconf 85' lang='lat' dir='ltr'><strong>superasset,</strong></span> <span class='ocrx_word' id='word_1_797' title='bbox 371 4809 512 4871; x_wconf 78' lang='lat' dir='ltr'><strong>byzantium</strong></span> <span class='ocrx_word' id='word_1_798' title='bbox 525 4811 645 4870; x_wconf 87' lang='lat' dir='ltr'><strong>pervenit,</strong></span> <span class='ocrx_word' id='word_1_799' title='bbox 655 4815 680 4858; x_wconf 93' lang='lat' dir='ltr'><strong>et</strong></span> <span class='ocrx_word' id='word_1_800' title='bbox 692 4812 716 4858; x_wconf 90' lang='lat' dir='ltr'><strong>in</strong></span> <span class='ocrx_word' id='word_1_801' title='bbox 732 4809 821 4872; x_wconf 83' lang='lat' dir='ltr'><strong>regiam</strong></span> <span class='ocrx_word' id='word_1_802' title='bbox 831 4809 983 4862; x_wconf 83' lang='lat' dir='ltr'><strong>introductus</strong></span> <span class='ocrx_word' id='word_1_803' title='bbox 1028 4811 1069 4873; x_wconf 93' lang='lat' dir='ltr'><strong>qui</strong></span> <span class='ocrx_word' id='word_1_804' title='bbox 1086 4815 1200 4860; x_wconf 82' lang='lat' dir='ltr'><strong>ltonianre</strong></span> <span class='ocrx_word' id='word_1_805' title='bbox 1214 4809 1370 4860; x_wconf 84' lang='lat' dir='ltr'><strong>dominationi</strong></span> <span class='ocrx_word' id='word_1_806' title='bbox 1383 4813 1477 4873; x_wconf 72' lang='lat' dir='ltr'><strong>iniecti,</strong></span> <span class='ocrx_word' id='word_1_807' title='bbox 1493 4827 1545 4864; x_wconf 86' lang='lat' dir='ltr'><strong>eos</strong></span> <span class='ocrx_word' id='word_1_808' title='bbox 1558 4829 1646 4881; x_wconf 86' lang='lat' dir='ltr'><strong>prope</strong></span> <span class='ocrx_word' id='word_1_809' title='bbox 1667 4821 1782 4882; x_wconf 83' lang='lat' dir='ltr'><strong>ipsorum</strong></span> <span class='ocrx_word' id='word_1_810' title='bbox 1797 4818 1851 4864; x_wconf 77' lang='lat' dir='ltr'><strong>dors</strong></span> 
     </span>
     <span class='ocr_line' id='line_1_54' title="bbox 203 4888 1851 4956; baseline 0.003 -19"><span class='ocrx_word' id='word_1_811' title='bbox 203 4890 233 4938; x_wconf 89' lang='lat' dir='ltr'><strong>ad</strong></span> <span class='ocrx_word' id='word_1_812' title='bbox 251 4889 421 4951; x_wconf 87' lang='lat' dir='ltr'><strong>imperatorem</strong></span> <span class='ocrx_word' id='word_1_813' title='bbox 442 4888 549 4937; x_wconf 83' lang='lat' dir='ltr'><strong>accessit.</strong></span> <span class='ocrx_word' id='word_1_814' title='bbox 565 4889 607 4937; x_wconf 86' lang='lat' dir='ltr'><strong>llic</strong></span> <span class='ocrx_word' id='word_1_815' title='bbox 625 4889 705 4937; x_wconf 88' lang='lat' dir='ltr'><strong>omnia</strong></span> <span class='ocrx_word' id='word_1_816' title='bbox 718 4893 845 4937; x_wconf 80' lang='lat' dir='ltr'><strong>exsecutus</strong></span> <span class='ocrx_word' id='word_1_817' title='bbox 862 4890 911 4950; x_wconf 82' lang='lat' dir='ltr'><strong>est,</strong></span> <span class='ocrx_word' id='word_1_818' title='bbox 927 4903 983 4950; x_wconf 76' lang='lat' dir='ltr'><strong>qnae</strong></span> <span class='ocrx_word' id='word_1_819' title='bbox 1028 4889 1090 4937; x_wconf 83' lang='lat' dir='ltr'><strong>bello</strong></span> <span class='ocrx_word' id='word_1_820' title='bbox 1108 4891 1254 4951; x_wconf 83' lang='lat' dir='ltr'><strong>appeterent</strong></span> <span class='ocrx_word' id='word_1_821' title='bbox 1281 4891 1340 4938; x_wconf 78' lang='lat' dir='ltr'><strong>llaec</strong></span> <span class='ocrx_word' id='word_1_822' title='bbox 1364 4889 1522 4951; x_wconf 83' lang='lat' dir='ltr'><strong>simulatque</strong></span> <span class='ocrx_word' id='word_1_823' title='bbox 1547 4898 1777 4956; x_wconf 87' lang='lat' dir='ltr'><strong>pronuntiarunt,</strong></span> <span class='ocrx_word' id='word_1_824' title='bbox 1802 4896 1851 4944; x_wconf 79' lang='lat' dir='ltr'><strong>lita-</strong></span> 
     </span>
     <span class='ocr_line' id='line_1_55' title="bbox 203 4965 1853 5036; baseline 0.004 -20"><span class='ocrx_word' id='word_1_825' title='bbox 203 4969 266 5018; x_wconf 90' lang='lat' dir='ltr'><strong>inter</strong></span> <span class='ocrx_word' id='word_1_826' title='bbox 276 4970 353 5018; x_wconf 80' lang='lat' dir='ltr'><strong>nicias</strong></span> <span class='ocrx_word' id='word_1_827' title='bbox 370 4971 452 5029; x_wconf 86' lang='lat' dir='ltr'><strong>gentes</strong></span> <span class='ocrx_word' id='word_1_828' title='bbox 463 4967 583 5016; x_wconf 84' lang='lat' dir='ltr'><strong>observari</strong></span> <span class='ocrx_word' id='word_1_829' title='bbox 594 4968 685 5027; x_wconf 86' lang='lat' dir='ltr'><strong>solent,</strong></span> <span class='ocrx_word' id='word_1_830' title='bbox 707 4969 730 5016; x_wconf 89' lang='lat' dir='ltr'><strong>et</strong></span> <span class='ocrx_word' id='word_1_831' title='bbox 749 4967 829 5016; x_wconf 87' lang='lat' dir='ltr'><strong>literas</strong></span> <span class='ocrx_word' id='word_1_832' title='bbox 847 4970 872 5016; x_wconf 87' lang='lat' dir='ltr'><strong>et</strong></span> <span class='ocrx_word' id='word_1_833' title='bbox 882 4967 946 5017; x_wconf 89' lang='lat' dir='ltr'><strong>dona</strong></span> <span class='ocrx_word' id='word_1_834' title='bbox 958 4969 982 5018; x_wconf 95' lang='lat' dir='ltr'><strong>in</strong></span> <span class='ocrx_word' id='word_1_835' title='bbox 1028 4967 1112 5025; x_wconf 80' lang='lat' dir='ltr'><strong>nicoli,</strong></span> <span class='ocrx_word' id='word_1_836' title='bbox 1124 4965 1235 5014; x_wconf 82' lang='lat' dir='ltr'><strong>manibus</strong></span> <span class='ocrx_word' id='word_1_837' title='bbox 1245 4967 1268 5013; x_wconf 90' lang='lat' dir='ltr'><strong>in</strong></span> <span class='ocrx_word' id='word_1_838' title='bbox 1282 4965 1372 5014; x_wconf 75' lang='lat' dir='ltr'><strong>crolum</strong></span> <span class='ocrx_word' id='word_1_839' title='bbox 1388 4967 1514 5029; x_wconf 79' lang='lat' dir='ltr'><strong>sublatis,</strong></span> <span class='ocrx_word' id='word_1_840' title='bbox 1527 4973 1559 5020; x_wconf 88' lang='lat' dir='ltr'><strong>et</strong></span> <span class='ocrx_word' id='word_1_841' title='bbox 1572 4975 1622 5035; x_wconf 89' lang='lat' dir='ltr'><strong>qui</strong></span> <span class='ocrx_word' id='word_1_842' title='bbox 1637 4988 1702 5023; x_wconf 83' lang='lat' dir='ltr'><strong>cuin</strong></span> <span class='ocrx_word' id='word_1_843' title='bbox 1716 4971 1770 5036; x_wconf 82' lang='lat' dir='ltr'><strong>ipso</strong></span> <span class='ocrx_word' id='word_1_844' title='bbox 1779 4975 1853 5027; x_wconf 77' lang='lat' dir='ltr'><strong>erant,</strong></span> 
     </span>
     <span class='ocr_line' id='line_1_56' title="bbox 204 5045 1854 5108; baseline 0.001 -12"><span class='ocrx_word' id='word_1_845' title='bbox 204 5059 289 5096; x_wconf 78' lang='lat' dir='ltr'><strong>nunus</strong></span> <span class='ocrx_word' id='word_1_846' title='bbox 299 5045 395 5094; x_wconf 88' lang='lat' dir='ltr'><strong>tradidit</strong></span> <span class='ocrx_word' id='word_1_847' title='bbox 404 5059 500 5106; x_wconf 87' lang='lat' dir='ltr'><strong>eorum,</strong></span> <span class='ocrx_word' id='word_1_848' title='bbox 518 5059 622 5108; x_wconf 89' lang='lat' dir='ltr'><strong>quornm</strong></span> <span class='ocrx_word' id='word_1_849' title='bbox 637 5045 681 5092; x_wconf 83' lang='lat' dir='ltr'><strong>lior</strong></span> <span class='ocrx_word' id='word_1_850' title='bbox 695 5045 801 5094; x_wconf 81' lang='lat' dir='ltr'><strong>odicium</strong></span> <span class='ocrx_word' id='word_1_851' title='bbox 813 5047 876 5104; x_wconf 87' lang='lat' dir='ltr'><strong>erat,</strong></span> <span class='ocrx_word' id='word_1_852' title='bbox 891 5047 916 5093; x_wconf 90' lang='lat' dir='ltr'><strong>et</strong></span> <span class='ocrx_word' id='word_1_853' title='bbox 928 5057 983 5106; x_wconf 88' lang='lat' dir='ltr'><strong>pre·</strong></span> <span class='ocrx_word' id='word_1_854' title='bbox 1025 5045 1180 5107; x_wconf 81' lang='lat' dir='ltr'><strong>jurejurando</strong></span> <span class='ocrx_word' id='word_1_855' title='bbox 1192 5045 1312 5106; x_wconf 72' lang='lat' dir='ltr'><strong>unanimo,</strong></span> <span class='ocrx_word' id='word_1_856' title='bbox 1322 5059 1373 5094; x_wconf 81' lang='lat' dir='ltr'><strong>sesa</strong></span> <span class='ocrx_word' id='word_1_857' title='bbox 1382 5059 1412 5094; x_wconf 79' lang='lat' dir='ltr'><strong>ex</strong></span> <span class='ocrx_word' id='word_1_858' title='bbox 1427 5047 1509 5097; x_wconf 79' lang='lat' dir='ltr'><strong>suinai</strong></span> <span class='ocrx_word' id='word_1_859' title='bbox 1525 5052 1571 5099; x_wconf 84' lang='lat' dir='ltr'><strong>sui</strong></span> <span class='ocrx_word' id='word_1_860' title='bbox 1585 5055 1724 5102; x_wconf 87' lang='lat' dir='ltr'><strong>sententia</strong></span> <span class='ocrx_word' id='word_1_861' title='bbox 1737 5051 1854 5103; x_wconf 78' lang='lat' dir='ltr'><strong>bertaldo</strong></span> 
     </span>
     <span class='ocr_line' id='line_1_57' title="bbox 203 5122 1856 5196; baseline 0.007 -26"><span class='ocrx_word' id='word_1_862' title='bbox 203 5125 272 5174; x_wconf 75' lang='lat' dir='ltr'><strong>«ntus</strong></span> <span class='ocrx_word' id='word_1_863' title='bbox 282 5127 331 5184; x_wconf 79' lang='lat' dir='ltr'><strong>cat,</strong></span> <span class='ocrx_word' id='word_1_864' title='bbox 342 5137 372 5172; x_wconf 89' lang='lat' dir='ltr'><strong>ne</strong></span> <span class='ocrx_word' id='word_1_865' title='bbox 381 5124 425 5172; x_wconf 87' lang='lat' dir='ltr'><strong>sibi</strong></span> <span class='ocrx_word' id='word_1_866' title='bbox 442 5124 501 5172; x_wconf 88' lang='lat' dir='ltr'><strong>irriti</strong></span> <span class='ocrx_word' id='word_1_867' title='bbox 518 5123 604 5174; x_wconf 83' lang='lat' dir='ltr'><strong>darent</strong></span> <span class='ocrx_word' id='word_1_868' title='bbox 624 5125 673 5173; x_wconf 86' lang='lat' dir='ltr'><strong>tom</strong></span> <span class='ocrx_word' id='word_1_869' title='bbox 686 5123 749 5185; x_wconf 87' lang='lat' dir='ltr'><strong>longi</strong></span> <span class='ocrx_word' id='word_1_870' title='bbox 768 5123 858 5174; x_wconf 85' lang='lat' dir='ltr'><strong>itineris</strong></span> <span class='ocrx_word' id='word_1_871' title='bbox 872 5122 979 5174; x_wconf 84' lang='lat' dir='ltr'><strong>sudores.</strong></span> <span class='ocrx_word' id='word_1_872' title='bbox 1028 5123 1169 5173; x_wconf 76' lang='grc' dir='ltr'>Ιασαοιαιολα</span> <span class='ocrx_word' id='word_1_873' title='bbox 1177 5123 1285 5174; x_wconf 88' lang='lat' dir='ltr'><strong>dicereet</strong></span> <span class='ocrx_word' id='word_1_874' title='bbox 1294 5125 1434 5188; x_wconf 87' lang='lat' dir='ltr'><strong>promittere</strong></span> <span class='ocrx_word' id='word_1_875' title='bbox 1440 5125 1637 5196; x_wconf 68' lang='lat' dir='ltr'><strong>affirmarunt,</strong></span> <span class='ocrx_word' id='word_1_876' title='bbox 1649 5135 1701 5185; x_wconf 82' lang='lat' dir='ltr'><strong>nisi</strong></span> <span class='ocrx_word' id='word_1_877' title='bbox 1713 5149 1744 5186; x_wconf 85' lang='lat' dir='ltr'><strong>ea</strong></span> <span class='ocrx_word' id='word_1_878' title='bbox 1753 5149 1811 5185; x_wconf 77' lang='lat' dir='ltr'><strong>vers</strong></span> <span class='ocrx_word' id='word_1_879' title='bbox 1822 5149 1856 5182; x_wconf 65' lang='lat' dir='ltr'><strong>e·</strong></span> 
     </span>
    </p>
   </div>
   <div class='ocr_carea' id='block_1_5' title="bbox 0 0 1920 5717">
    <p class='ocr_par' dir='ltr' id='par_1_7' title="bbox 0 0 1920 5717">
     <span class='ocr_line' id='line_1_58' title="bbox 0 0 1920 5717; baseline 0 0"><span class='ocrx_word' id='word_1_880' title='bbox 0 0 1920 5717; x_wconf 95' lang='lat' dir='ltr'><strong> </strong></span> 
     </span>
    </p>
   </div>
  </div>
 </body>
</html>
