3792 5728
211 352 263 404 ιιι
831 339 1011 401 llESYCllll
1033 339 1174 402 MlLllSll

205 465 342 536 loquitur,
353 473 385 518 ut
395 463 463 517 inre
473 473 541 516 nota
550 502 559 530 ,
568 460 675 530 Suidss,
690 461 974 534 cujussentcntiaboc
996 485 1002 520 ι
1061 463 1205 537 Διαιρεῖται
1219 459 1246 518 δέ
1260 459 1331 540 αὐτῷ
1343 457 1373 518 τδ
1387 457 1544 536 σπούδασμα
1557 462 1590 528 τίς
1600 461 1715 540 τμήματα
1731 466 1754 537 ἕξ

205 552 292 606 modo
309 551 464 624 supplenda
478 561 519 604 est
535 568 541 602 :
564 549 714 619 Heprchius
726 551 857 605 Milesius
870 556 976 624 scripsit
1020 537 1056 604 ὧν
1072 548 1101 606 τὸ
1113 547 1161 622 μέν
1173 550 1275 625 πρῶτον
1286 551 1380 624 τμῆμα
1392 547 1507 626 περιέχει
1524 546 1556 604 rb
1568 548 1615 627 πρὸ
1625 554 1670 608 τῶν
1687 555 1709 612 Τ
1711 575 1762 629 ρωι·

205 633 469 710 Ὀνσματολόγον
496 631 672 708 ἦπίνακα,
698 643 775 707 cujus
795 639 919 711 Epitoinc
936 649 976 691 est
1019 636 1087 705 κῶν,
1108 633 1138 691 τδ
1152 632 1178 690 δὲ
1192 633 1309 712 δεύτερον
1323 632 1356 692 τά
1371 633 1422 691 ἀπὸ
1441 633 1521 694 Ἰλίου
1538 634 1651 703 ἁλώσεως
1663 637 1705 704 έως
1723 645 1763 710 τῆς

205 723 282 777 hicce
297 724 420 791 libellus,
435 725 484 794 qui
503 739 576 775 nunc
591 721 721 786 Hesrcbii
740 724 846 778 Milesii
867 727 976 776 nomine
1020 719 1127 786 κτίσεως
1148 717 1263 794 Ῥώμης,
1285 719 1315 778 rb
1338 719 1364 777 δὲ
1386 719 1471 799 τρίτον
1486 718 1520 776 τδι
1543 720 1594 779 ἀπὸ
1616 726 1660 792 τῆς
1673 723 1766 792 κτίσεως

205 811 369 866 inscribitur.
391 809 487 863 Innuit
503 817 597 863 autem
613 809 733 863 eundem
744 809 870 864 libellum
891 827 976 882 quem
1020 804 1127 882 Ῥώμης
1142 808 1232 886 μέχρις
1242 805 1302 865 troo
1314 805 1455 883 Ῥωμαίοις
1465 810 1482 878 i,
1493 809 1544 864 τῶν
1558 809 1657 867 ὑπάτων
1671 811 1764 890 εἰσήχθη

204 896 351 950 bodienos
367 896 512 950 habemus.
528 919 540 944 ν
558 897 630 950 Sane
643 895 757 968 quidem
770 914 822 950 nos
838 896 907 950 nihil
922 896 974 950 nisi
1018 891 1162 970 ἡγεμονία,
1195 891 1358 952 καταλύσασι
1390 893 1448 960 τοὶις
1486 895 1606 970 βασιλέας
1635 895 1698 954 κατδι
1727 897 1767 969 τήν

204 983 347 1055 epitomen
360 982 502 1054 quandam
511 982 649 1036 uberioris
659 983 752 1054 operis
770 992 879 1050 tenere,
898 999 975 1036 eam·
1022 979 1114 1056 ὀγδόην
1129 978 1174 1038 καί
1187 977 1326 1051 ἑξηκοστὴν
1340 979 1510 1055 Ὀλυμπιάδα
1526 982 1586 1054 (01.
1600 984 1651 1054 68,
1670 985 1767 1043 ιώοδ

204 1071 438 1142 quenegligenter
449 1068 603 1123 admodum
617 1067 789 1137 consectam,
799 1069 862 1123 luce
873 1069 975 1123 clarius
1019 1085 1046 1122 a.
1059 1068 1091 1126 C.
1104 1067 1123 1142 l·
1140 1066 1168 1123 τό
1180 1065 1207 1124 δέ
1221 1065 1358 1146 τέταρτον,
1374 1065 1400 1134 ἐξ
1416 1058 1496 1146 οὗπερ
1508 1065 1643 1142 Ῥωμαίων
1654 1070 1769 1146 ἡγήσαντο

204 1167 255 1210 est.
277 1156 384 1226 Quodsi
405 1174 475 1209 vero
493 1155 595 1228 glossas
613 1155 740 1210 Suidiani
758 1157 840 1210 lexici
862 1175 926 1210 cum
941 1157 974 1210 iis
1018 1151 1120 1223 ύπατοι,
1138 1152 1195 1224 ήτοι
1214 1152 1265 1212 άπδ
1283 1157 1330 1224 τῆς
1347 1153 1440 1230 ὀγδόης
1460 1153 1506 1212 καὶ
1527 1153 1661 1225 ἑξηκοστῆς
1681 1156 1769 1233 Ὀλυμ-

203 1260 265 1314 quae
283 1243 311 1295 in
327 1251 425 1296 nostro
438 1241 533 1296 libello
552 1242 692 1314 leguntur,
708 1243 875 1309 contuleris,
895 1241 974 1296 facile
1017 1240 1110 1306 πιάδος
1128 1239 1206 1318 μέχρι
1231 1240 1255 1318 β’
1275 1240 1321 1300 καὶ
1334 1240 1362 1298 π’
1376 1241 1420 1298 καὶ
1442 1241 1465 1322 ρ’
1486 1241 1676 1318 Ὀλυμπιάδος,
1694 1236 1719 1302 ού
1732 1245 1770 1303 καί

203 1329 368 1402 intelligitur
388 1329 503 1383 Suidam
529 1339 577 1382 out
597 1330 707 1402 integro
731 1327 862 1400 Hesychii
888 1345 973 1402 opere
1018 1325 1106 1396 ἔληξεν
1124 1330 1140 1396 ἡ
1161 1325 1267 1397 τοιαύτη
1293 1325 1378 1405 ἀρχή,
1395 1326 1503 1387 Ἰουλίου
1517 1333 1562 1386 τοῦ
1590 1329 1769 1408 Καίσαροςμο-
1818 1388 1824 1402 ,

202 1434 283 1469 usum
292 1433 363 1484 esse,
375 1427 424 1470 aut
437 1417 579 1488 epitomen
592 1425 656 1470 ante
666 1416 763 1470 oculos
773 1415 914 1482 habuisse,
928 1417 971 1483 ei,
1017 1412 1203 1491 ναρχήσαντος.
1217 1415 1242 1471 T
1243 1415 1257 1470 ὸ
1271 1411 1298 1471 δέ
1310 1414 1428 1490 πέμπτον
1443 1418 1538 1491 τμῆμα
1556 1414 1709 1494 περιέχειτὰ
1725 1417 1771 1475 tet

203 1521 265 1574 quse
279 1513 415 1576 superstes
425 1513 475 1570 est,
484 1503 661 1575 ampliorem.
674 1503 825 1556 Inhacsua
835 1503 970 1576 epitome,
1016 1505 1062 1570 τῆς
1076 1499 1186 1558 Ἰουλίου
1201 1505 1247 1557 τοῦ
1262 1500 1394 1578 Καίσαρος
1406 1502 1549 1579 μοναρχίας
1563 1501 1651 1580 μέχρις
1661 1501 1715 1558 ὅτου
1728 1505 1772 1560 llu-

202 1591 316 1662 opinor,
329 1589 427 1644 Suidas
442 1591 548 1662 reperit
557 1590 643 1644 verba
660 1590 708 1643 illa
720 1607 780 1662 quae
788 1591 933 1643 immutata
943 1591 972 1642 in
1017 1585 1116 1653 ζάντιον
1135 1585 1178 1643 tet
1190 1585 1258 1662 μέγα
1272 1585 1345 1656 δόξης
1356 1587 1401 1646 καί
1413 1587 1502 1666 ἰσχύος
1519 1588 1601 1667 ἤρθη,
1615 1588 1773 1664 Ὀλυμπιάδος

201 1695 282 1732 suum
290 1677 403 1732 lexicon
414 1677 604 1750 transcripsit:
615 1665 644 1731 ού
653 1672 764 1750 έπιτομή
775 1675 843 1732 ἐστιν
854 1678 930 1730 τοῦτο
942 1672 972 1730 τὸ
1016 1671 1127 1748 έόδόμης
1135 1673 1179 1731 καί
1189 1673 1210 1730 o'
1220 1673 1266 1730 καὶ
1276 1675 1454 1745 διακοσιοστῆς
1462 1675 1603 1752 ίσταμένης
1614 1676 1679 1754 [329
1687 1698 1714 1752 p.
1724 1678 1773 1750 (1.).

203 1759 312 1838 βιύλίον.
1017 1759 1055 1818 Τὸ
1072 1759 1098 1816 δέ
1113 1759 1201 1829 ἕκτον,
1215 1758 1241 1826 ἐξ
1253 1751 1281 1816 οὗ
1296 1759 1406 1838 βασιλέα
1421 1761 1690 1827 Κωνσταντινούπολις
1702 1761 1773 1832 ηὐτύ·

241 1851 378 1904 Praeterea
390 1850 544 1923 Hesychius
555 1851 675 1906 Annales
684 1851 796 1925 scripsit
804 1849 885 1905 libris
896 1848 905 1924 (
913 1847 971 1905 δια·
1015 1868 1081 1924 χησε
1097 1848 1307 1921 Κωνσταντῖνον,
1328 1847 1406 1926 μέχρι
1420 1851 1466 1919 τῆς
1484 1846 1653 1907 Ἀναστσισίου
1667 1851 1775 1917 τελευτῆς

201 1935 347 2012 στήμασιν)
362 1919 428 2004 σενι,
446 1939 549 2010 quibus
570 1938 751 2004 continentur
770 1940 973 2012 imperatorum
1017 1931 1091 2006 (518
1105 1951 1136 2007 p.
1148 1935 1179 1990 C.
1193 1932 1212 2007 )·
1227 1930 1255 1990 δν
1271 1923 1371 1998 ούτοςδ
1387 1933 1550 2012 συγγραφεὺς
1562 1933 1688 2013 πραότητί
1699 1957 1723 1990 τε
1736 1933 1775 1990 καί

200 2025 395 2079 Romanorum
402 2043 445 2080 res
452 2025 536 2079 variis
544 2026 718 2099 temporibus
724 2036 804 2098 gestae
813 2036 840 2079 et
850 2025 972 2078 historice
1015 2017 1158 2098 ἡμερότητι
1169 2023 1215 2078 οὐκ
1229 2011 1278 2077 οἷδ’
1293 2019 1361 2085 όπως
1374 2022 1478 2078 πολλῶν
1494 2018 1667 2096 ἀποσεμνύνει
1685 2021 1777 2097 διενεγ-

200 2111 374 2184 principum,
385 2112 434 2184 qui
442 2112 556 2184 singulis
565 2112 694 2184 gentibus
706 2114 893 2184 imperarunt,
905 2113 972 2166 item
1015 2107 1078 2162 κεῖν·
1090 2097 1119 2164 ot
1132 2105 1268 2165 συνέπεσεν
1282 2106 1415 2178 ήτελευτή
1432 2106 1500 2166 κατδι
1511 2107 1560 2178 τήν
1574 2106 1708 2178 ἑνδεκάτην
1720 2108 1777 2163 ινδι-

199 2213 233 2251 ea
241 2198 433 2269 quaeByzantii
444 2208 591 2270 gestasunt
600 2197 732 2269 usquead
743 2200 892 2272 imperium
902 2199 971 2252 Ano·
1016 2195 1123 2263 κτιῶνα,
1135 2193 1243 2270 Μάγνου
1254 2194 1332 2270 μόνου
1340 2194 1511 2261 ὑπατεύοντος
1522 2197 1594 2274 [518
1602 2217 1633 2272 p.
1644 2191 1778 2269 (1.).Ἥδέ

199 2285 272 2338 stasii
283 2295 470 2356 cognomento
484 2285 593 2338 Dicori.
613 2285 658 2339 Sic
668 2285 869 2339 Suidasrelert.
881 2285 972 2339 Diser·
1014 2276 1123 2356 περιοχή
1136 2283 1187 2337 τῶν
1206 2279 1306 2358 χρόνων
1323 2281 1415 2358 χιλίων
1429 2281 1621 2360 (δισχιλίωνι)
1641 2279 1686 2338 καὶ
1698 2278 1776 2348 ἐνενή-

200 2371 255 2424 tius
276 2371 310 2425 de
331 2371 374 2424 his
388 2371 507 2444 exponit
529 2372 660 2438 Pbotius,
685 2372 733 2443 qui
752 2373 837 2425 etiam
857 2374 970 2425 tertirun
1015 2385 1091 2422 κοντα
1111 2365 1155 2423 καλ
1167 2367 1266 2425 έκατόν·
1280 2369 1305 2426 έν
1326 2359 1363 2434 οἷς
1377 2369 1421 2426 καὶ
1435 2373 1451 2438 ἡ
1464 2367 1604 2448 συγγραφὴ
1627 2366 1639 2449 [
1650 2366 1777 2445 τιλευτῐιζή.

201 2457 331 2528 Hesychii
344 2475 432 2530 opus,
445 2455 524 2527 cujus
537 2460 643 2512 mentio
667 2457 743 2532 apud
758 2458 873 2514 Suidam
899 2457 970 2513 desi·
1055 2451 1212 2530 Ἀνεγνόισθη
1228 2455 1255 2512 δέ
1270 2477 1314 2530 μοι
1328 2454 1374 2512 καί
1388 2455 1464 2534 έτέρα
1482 2461 1529 2513 τοῦ
1545 2458 1625 2513 αὐτοῦ
1641 2453 1739 2532 βίόλος,
1756 2455 1779 2508 ἐν

200 2541 324 2612 deretur,
338 2555 549 2600 commemorat.
1014 2529 1032 2614 ᾗ
1042 2539 1189 2618 περιείχετο
1201 2541 1234 2598 τά
1242 2563 1269 2600 τε
1281 2541 1411 2622 ’1ουστίνιμ
1421 2541 1588 2622 πραχθέντα,
1597 2538 1667 2608 ὅπως
1677 2563 1705 2598 τε
1714 2539 1781 2598 Ἀνα-

238 2631 353 2684 Photius
366 2631 431 2684 cod.
446 2631 503 2702 69:
525 2625 682 2702 Ἀνεγνόισθη
696 2651 740 2702 μοι
753 2627 852 2705 βιόλίον
873 2629 969 2708 ίστσρι-
1015 2627 1122 2684 στασίου
1136 2627 1351 2702 τελευτήσαντος,
1366 2630 1442 2696 αὐτὸς
1454 2628 1597 2708 ἀνερρήθη·
1610 2619 1666 2687 εἶτα
1680 2626 1724 2685 καὶ
1739 2624 1782 2696 τήν

199 2711 243 2769 κόν
256 2717 290 2779 ὡς
301 2717 327 2772 έν
349 2714 452 2792 συνόψει
463 2719 588 2791 κοσμικῆς
598 2715 712 2792 ἱστορίας
725 2717 755 2791 (ὁ
765 2713 792 2773 δέ
811 2716 970 2794 συγγραφεὺς
1015 2711 1214 2789 Ἰουστινιανοῦ,
1228 2720 1273 2772 τοῦ
1294 2715 1361 2790 μετά
1378 2715 1519 2776 Ἰουστῖνον
1527 2761 1535 2787 ,
1557 2715 1629 2773 ἔστιν
1649 2713 1781 2793 άνάρρησιν

200 2796 324 2875 Ἦσύχιος
340 2804 354 2858 ὁ
370 2799 557 2880 Ἰλλούστριος,
578 2801 705 2870 Μιλήσιος
723 2799 769 2877 μίν
785 2805 815 2859 ἐκ
831 2801 968 2880 πατρίδος,
1013 2800 1143 2871 κατιδεῖν,
1167 2799 1212 2858 καί
1230 2799 1276 2867 τδς
1299 2802 1380 2868 ἄλλας
1398 2801 1501 2881 πράξεις
1525 2801 1621 2881 μέχρις
1635 2803 1699 2859 irin
1716 2823 1783 2858 τινων

197 2891 259 2950 παῖς
268 2884 295 2941 δέ
306 2885 488 2964 Ἡσυχίουκαλ
500 2889 661 2966 Φιλοσοφίας
673 2887 788 2966 [Συρίας
796 2889 869 2964 rgo]
882 2889 902 2965 )·
911 2891 969 2947 καθ’
1015 2885 1024 2960 (
1036 2887 1056 2940 f.
1072 2888 1149 2962 τριῶν
1162 2889 1249 2946 Bell.
1263 2890 1325 2964 )τῆς
1337 2890 1415 2947 αὐτοῦ
1429 2889 1577 2967 βασιλείας.
1599 2888 1653 2948 Καὶ
1663 2887 1691 2945 τὸ
1702 2886 1784 2943 λοιπὸν

198 2969 212 3026 ὃ
226 2971 299 3041 καὶή
313 2973 444 3053 ἐπιγραφή
456 2979 500 3032 τοῦ
514 2974 615 3052 βιὸλίου
626 2975 692 3051 μετδι
701 2981 746 3033 τοῦ
761 2974 888 3054 Ἱστορίας
899 2974 969 3035 Ῥω-
1012 2974 1027 3028 ὁ
1042 2971 1206 3052 συγγραφεὺς
1220 2973 1363 3052 ἐπεσχέθη,
1381 2975 1485 3054 θανάτῳ
1498 2981 1546 3035 τοῦ
1561 2974 1657 3042 παιδὸς
1669 2973 1785 3034 Ἰωάννου

198 3061 294 3129 μαῐκῆς
307 3081 335 3116 τε
348 3059 392 3116 καί
404 3062 573 3132 παντοδαπῆς
586 3062 718 3140 τυγχάνει.
733 3061 857 3140 Ἀρχεται
871 3063 917 3137 μέν
924 3054 967 3120 οἷν
1012 3056 1059 3128 τήν
1075 3057 1162 3136 ψυχήν
1174 3059 1278 3136 καιρίαν
1301 3059 1419 3138 βληθεὶς,
1434 3060 1479 3120 καί
1492 3065 1541 3134 τῆς
1555 3061 1623 3140 πρὸς
1636 3061 1667 3118 τὸ
1685 3059 1786 3138 γράφει*

198 3142 251 3201 cini
263 3149 308 3215 τῆς
321 3151 367 3204 τοῦ
383 3147 469 3218 Βήλου
483 3153 528 3206 τοῦ
540 3147 678 3227 Ἀσσυρίων
691 3149 816 3228 βασιλέως
828 3149 968 3227 βασιλείας,
1012 3147 1094 3224 ὁρμῆς
1109 3143 1235 3210 immit-

198 3229 300 3289 κάτεισι
316 3231 344 3291 δέ
357 3232 435 3313 μέχρι
447 3239 494 3305 τῆς
515 3237 636 3306 τελευτῆς
656 3235 839 3308 Ἀναστασίου,
858 3236 885 3303 ὃς
896 3235 966 3294 Ῥω·
1051 3235 1136 3305 Quod
1156 3246 1300 3307 postremo
1323 3237 1389 3292 loco
1412 3237 1531 3294 Photius
1555 3236 1787 3294 commemoravit

198 3318 282 3392 μαίων
296 3319 400 3396 γέγονεν
414 3321 592 3401 αὐτοκράτωρ.
1013 3337 1083 3392 opus
1093 3318 1338 3391 derebuslustini,
1347 3325 1458 3396 penitus
1466 3327 1587 3382 inteilit.
1597 3328 1640 3380 Ex
1649 3323 1788 3383 Chronicis

236 3398 315 3464 Ἐστι
328 3405 356 3464 δὲ
371 3407 495 3484 σύντομος
512 3409 557 3467 καὶ
570 3408 725 3478 καλλιεπής·
744 3408 811 3477 λέξει
821 3432 848 3467 τε
863 3409 912 3488 γὰρ
926 3411 967 3468 ἄν.
1011 3425 1089 3475 vero,
1100 3424 1161 3478 quae
1171 3409 1303 3479 usquead
1315 3405 1585 3466 mortemAnastasii
1596 3410 1786 3485 pertinebant,

197 3493 264 3570 θηρᾷ
278 3492 323 3549 καί
337 3494 443 3573 εὖσήμιρ
456 3493 596 3572 κέχρηται,
611 3495 656 3552 καλ
670 3499 686 3565 ἡ
701 3496 814 3567 συνθήκη
831 3500 876 3553 τοῦ
890 3496 965 3573 λόγου
1010 3505 1113 3565 praeter
1127 3494 1270 3548 breviores
1280 3496 1359 3550 locos
1375 3508 1430 3552 tres
1442 3498 1485 3551 vel
1501 3510 1657 3571 quattuor,
1674 3495 1788 3568 amplius

198 3577 356 3651 κατὰλόγον
369 3581 440 3658 αὐτῷ
451 3580 615 3658 ήρμοσμένη·
632 3581 781 3659 κυριολογίᾳ
793 3583 840 3658 μέν
852 3583 966 3657 μάλιστα

196 3663 303 3742 χαίρων·
318 3668 340 3722 εἰ
363 3665 392 3723 δέ
407 3689 456 3723 που
478 3667 523 3724 καί
544 3667 677 3746 τρίβοιτο,
695 3673 732 3748 τῷ
750 3691 778 3726 τε
795 3668 901 3747 εὐσήμῳ
921 3671 966 3728 καί

196 3750 402 3829 ἐμφατικωτάτῳ
411 3756 456 3821 τῆς
462 3750 552 3820 λέξεως
559 3752 634 3822 ἥδυνε
646 3753 693 3829 μὲν
702 3759 734 3832 τῇ
743 3760 825 3835 τροπίξΙ
835 3756 877 3813 τόν
888 3758 964 3836 σἰκρο·

196 3835 277 3907 ατήν,
295 3837 366 3895 οὐδέν
381 3837 408 3894 δέ
428 3831 522 3910 ἦττον,
539 3839 615 3916 εἰμὴ
633 3841 677 3898 καί
692 3843 805 3916 μᾶλλον,
829 3846 917 3921 σαφῶς
935 3843 966 3902 τὸ

195 3932 323 4002 πρᾶγμα,
347 3923 404 3995 ἢεῖ
419 3924 456 4002 μή
471 3927 629 4004 ἐτέτραπτο,
651 3927 845 4007 παρεστήσατο.
868 3930 964 3991 Ὑπισ-

194 4016 295 4087 χνεῖται
304 4008 331 4068 δέ
338 4010 388 4077 λκαλ
398 4012 519 4084 ἀληθείας
530 4003 595 4072 εἶναι
607 4013 767 4094 φροντιστής.

194 4225 284 4274 calcem
295 4227 571 4280 versiolatimtladrisni
587 4231 653 4280 lunii
669 4245 725 4282 cum
737 4231 789 4294 ejus
804 4233 963 4295 castigationi·

192 4294 251 4354 bue,
260 4297 283 4344 in
294 4299 394 4358 quibus,
408 4302 434 4347 ut
443 4301 587 4362 Hesychium
596 4315 610 4350 e
620 4303 728 4364 Laertio,
740 4305 773 4352 ita
783 4304 885 4352 vicissim
895 4307 964 4355 laer·

193 4365 252 4412 tium
260 4379 289 4414 ex
301 4367 415 4427 Hesyctrio
424 4369 523 4418 subinde
531 4371 703 4420 emendandum
713 4373 866 4422 demonstrat.
881 4378 965 4424 Postea

193 4447 269 4494 graece
275 4438 299 4483 et
308 4435 381 4484 latine
392 4437 478 4497 prodiit
487 4451 542 4486 cum
550 4441 614 4488 tunii
622 4441 760 4491 versioneet
767 4445 838 4504 notis,
849 4446 964 4504 novisque

153 4509 163 4528 ·
193 4505 224 4551 ll.
233 4503 344 4565 Stephani
354 4504 600 4570 animadversionibus
610 4509 639 4558 ad
650 4512 740 4559 calcem
751 4513 859 4573 Diogenis
869 4513 962 4575 laertii,

193 4584 223 4619 ex
234 4571 322 4621 laudati
337 4574 448 4634 Stephani
460 4575 554 4624 officina
565 4591 604 4626 an.
620 4583 686 4641 ιιιιιι,
696 4585 718 4629 ιι.
731 4581 774 4629 llio
789 4583 876 4630 Laertii
892 4582 963 4632 editio

192 4643 217 4688 et
231 4655 286 4690 cum
299 4642 338 4690 illa
351 4643 462 4704 llesyclrii
481 4644 572 4695 libellus
586 4661 682 4696 recusus
698 4652 733 4698 est
748 4653 851 4700 Genevae
866 4665 904 4714 ap.
924 4656 960 4701 ιο.

192 4709 295 4770 Vignou,
305 4719 371 4760 1616.
382 4717 405 4760 8.
413 4715 511 4761 Interim
519 4717 557 4762 to.
569 4718 685 4764 tteucsius
695 4719 802 4778 Lugduu.
811 4723 860 4769 Bal.
873 4727 961 4770 torst

191 4775 231 4838 [ct
248 4782 306 4827 tom.
324 4782 368 4829 vu
383 4785 444 4842 opp.
460 4783 569 4844 tteursii,
588 4785 690 4833 Florcnt.
711 4791 783 4843 1746,
801 4801 822 4850 p.
837 4795 882 4837 205
894 4789 962 4852 squ]

192 4849 302 4908 llesycbii
311 4853 423 4910 opuscula
433 4855 505 4913 alque
512 4855 535 4902 in
544 4855 579 4902 lris
588 4860 727 4914 presentem
736 4857 840 4906 libellum
848 4858 961 4920 vulgavit,

193 4918 432 4984 castigationibusque
448 4923 512 4972 ,ιιιιιιι
527 4936 556 4972 ac
566 4925 678 4986 stephani
688 4927 819 4975 notassuus
835 4927 932 4975 addidit.
950 4947 961 4970 ν

193 4988 333 5036 Fusmcms.
349 4993 478 5041 Novissime
489 4993 717 5056 llmyclriiopuscuta
734 5009 788 5044 cum
806 4996 868 5046 notis
883 4997 962 5046 vario·

192 5069 246 5106 rum
255 5059 350 5120 suisque
361 5060 511 5122 ipsiuscdidit
522 5065 623 5114 Orellius
634 5065 710 5127 (Lips.
725 5067 806 5128 teto).

1011 3579 1198 3652 fragmentum
1211 3594 1352 3636 servatum
1365 3593 1406 3638 est
1426 3601 1460 3640 ex
1473 3585 1559 3640 initio
1582 3586 1651 3640 libri
1667 3583 1750 3648 sexti,
1763 3583 1790 3633 in

1011 3684 1069 3738 quo
1076 3667 1579 3743 deConstsntinopoliaConstantino
1587 3672 1706 3727 condita
1713 3685 1791 3742 agens

1009 3754 1039 3806 in
1055 3755 1179 3824 priorem
1193 3755 1272 3809 urbis
1291 3758 1435 3810 historiam
1447 3759 1594 3826 excurrit,
1612 3758 1728 3828 sataque
1739 3753 1794 3824 ejus

1009 3839 1076 3893 inde
1086 3841 1121 3893 ab
1133 3842 1241 3914 origine
1248 3861 1337 3914 usque
1345 3843 1382 3897 od
1390 3845 1613 3898 Constantinum
1629 3846 1699 3914 imp.
1707 3841 1736 3895 ἐκ
1745 3839 1793 3892 τῶν

1010 3924 1125 4002 ἀρχαίων
1139 3931 1254 3996 ποιητῶν
1262 3927 1306 3985 καί
1326 3928 1496 4008 συγγραφέων
1510 3942 1657 3987 recenset.
1672 3933 1739 4001 Quae
1754 3927 1795 3982 di·

1009 4016 1112 4086 gressio
1123 4013 1182 4084 jam
1190 4017 1327 4089 pridome
1341 4017 1483 4072 chronicis
1497 4015 1795 4089 Hesychianisasulsa

1008 4103 1215 4174 separatimque
1235 4103 1311 4157 edita
1322 4121 1380 4158 esse
1399 4104 1525 4158 videtur.
1541 4134 1585 4146 —
1602 4106 1717 4160 Primus
1733 4117 1792 4156 eam

1010 4187 1098 4242 edidit
1110 4189 1144 4245 G.
1158 4191 1253 4243 Dousa
1280 4189 1478 4264 (Heidelberg.
1499 4191 1597 4263 1596,
1614 4191 1670 4264 8),
1693 4188 1794 4244 dciudc

1008 4277 1145 4330 llleursius
1166 4274 1275 4352 [Lugd.
1295 4275 1385 4344 1613,
1402 4276 1437 4351 8)
1454 4295 1469 4331 e
1483 4277 1590 4333 codice
1605 4279 1740 4333 Palatino
1753 4269 1797 4351 χ’),

1040 4513 1071 4573 ι’)
1083 4513 1153 4562 Plura
1163 4525 1218 4574 qrrae
1227 4513 1259 4562 cd
1270 4513 1455 4575 bibliograplricn
1468 4515 1600 4576 pertinent
1613 4515 1673 4566 ride
1682 4515 1746 4579 spud
1757 4517 1800 4564 ιε·

1008 4580 1109 4630 bricium
1128 4585 1155 4633 u.
1173 4586 1215 4633 Gr.
1232 4583 1249 4630 l.
1263 4583 1280 4631 l.
1294 4611 1324 4623 -
1339 4584 1451 4633 Coclitem
1470 4585 1577 4634 Putatis.
1596 4586 1683 4634 denuo
1699 4585 1801 4634 cxcrrssit

1008 4653 1128 4700 bostiusin
1138 4657 1178 4714 Ep.
1187 4653 1239 4700 crit.
1249 4651 1279 4700 ad
1287 4653 1474 4701 misenatium.
1483 4655 1609 4703 Ceterum
1620 4655 1719 4704 Harles.
1727 4655 1751 4702 in
1761 4655 1799 4710 ia·

1008 4719 1073 4768 bricii
1085 4721 1382 4770 ltilrt.snnotatlnec:«1n
1396 4721 1453 4772 con.
1465 4722 1572 4772 Vindob.
1583 4729 1687 4773 Cesar.
1697 4718 1801 4773 cxltvt.

1007 4793 1042 4838 est
1052 4790 1163 4850 Hesyclrii
1174 4789 1274 4838 litusiris
1281 4790 1373 4838 initium
1381 4797 1455 4839 sexte
1465 4792 1542 4853 partis
1551 4795 1718 4842 Annaliums.
1729 4794 1801 4840 cino

1007 4858 1053 4907 nioi
1069 4860 1159 4926 operis,
1173 4872 1229 4907 curn
1243 4859 1395 4920 inscriptione
1406 4861 1491 4923 πάτρια
1507 4863 1802 4919 sustenementum.

1007 4929 1074 4976 πόθεν
1090 4930 1172 4986 ἐκλήθη
1190 4930 1230 4976 καὶ
1246 4929 1315 4978 πόθεν
1334 4929 1477 4991 ὀνομάζεται.
1498 4932 1536 4980 De
1558 4945 1613 4993 quo
1634 4933 1749 4995 copiosus
1770 4933 1805 4979 est

1007 4997 1096 5045 Kolias.
1117 4998 1141 5045 in
1159 4998 1282 5059 supplem.
1301 4999 1330 5048 acl
1348 4999 1468 5048 lambecii
1487 5011 1585 5068 comm.
1608 5005 1670 5063 7²9,
1690 5003 1803 5061 variaque

1006 5068 1087 5129 culpat
1101 5068 1123 5116 ιιι
1135 5067 1230 5118 nessctit
1243 5081 1296 5130 σιμ.
1309 5072 1328 5118 V
1342 5069 1418 5119 catal.
1433 5068 1486 5118 cod.
1499 5071 1636 5123 Xxllvll.
1651 5075 1678 5123 et
1691 5071 1804 5123 Forlosisc
