3842 5726
781 353 1028 413 FRAGMENTA.
1665 367 1699 416 tt

106 487 222 563 ἐμπόρων
246 483 306 544 οὐδὲ
328 476 363 552 εἷς
383 483 460 562 λόγον
478 483 583 542 πλείονα
607 481 812 563 Ιρευδομένων,ῆ
832 481 882 540 ὅσα
927 483 953 541 δέ
971 483 1028 561 (τὸν
1050 485 1156 554 σπλῆνα
1174 481 1223 562 γδιρ
1238 481 1335 558 ἐνόσει)
1363 481 1460 552 διετέθη
1482 484 1569 549 καλῶς
1591 482 1704 554 ὑπὸτῆς

103 572 240 648 κερδαίνειν
258 571 410 648 βούλονται,
421 572 480 628 ἀλλ’
493 568 543 628 ὅσα
553 574 590 650 τῷ
602 569 745 650 σορωτοίτῳ
757 577 883 648 μαρτυρεῖ
927 577 1048 648 συνεχοῦς
1060 569 1203 642 ἱππασίας,
1215 569 1378 649 κατεπράϋνέ
1391 593 1419 628 τε
1432 569 1516 628 καὶτὸ
1528 571 1633 637 λιθῶδες
1645 575 1704 629 irue-

102 659 165 715 κατὰ
180 659 315 736 Πίνδαρον
328 658 415 736 χρόνῳ
430 655 443 736 ΙΙ
456 655 504 726 τῆν
523 655 710 736 ἀκριύεστέραν
723 656 881 734 κατάληψιν.
927 655 1037 731 μοίλοὶε.
1054 657 1109 717 Καὶ
1123 661 1137 714 ὁ
1153 659 1202 733 μέν
1220 658 1299 734 ἀπῄει
1312 661 1349 736 τῷ
1362 681 1390 716 τε
1410 656 1526 738 σρετέρῳ
1540 655 1644 726 σώματι
1656 681 1704 715 πο·

117 767 121 774 ·
141 749 265 802 derha
287 745 335 814 τὴν
357 743 547 824 οἰκριύεστέραν
570 744 727 822 κατάληψιν,
743 764 759 800 a
779 747 882 818 quibus
926 744 1013 819 λεμῶν
1029 741 1045 814 ῆ
1059 744 1227 820 πολεμήσων,
1244 745 1288 802 καί
1303 749 1356 811 τοῖς
1375 745 1435 825 περὶ
1454 745 1501 816 τὴν
1520 744 1602 816 οὐλὴν
1621 747 1705 823 ἐπαγ-

102 836 174 889 aliud
203 836 306 889 lolium
331 835 447 907 incipit,
473 853 537 887 eum
558 834 590 886 iis
613 851 675 905 quae
701 833 882 904 praecedunt,
926 830 1028 908 γέλλων
1042 831 1212 910 ἀληθέστερον
1227 831 1353 907 πόλεμον.

102 924 216 974 omnino
240 941 301 976 non
322 923 465 974 cohaerere
484 921 628 978 videntur.
650 944 662 970 ν
684 922 826 976 nissum.
844 920 882 974 De
965 939 987 978 ο.
1002 918 1036 978 ‘it
1052 917 1079 976 δέ
1092 918 1176 978 Λυδία
1191 919 1374 998 πλησιόχωρος
1387 910 1452 978 οὐσα
1464 919 1498 977 τδι
1511 918 1617 1000 δεύτεροι
1627 919 1703 996 έμελ·

102 1013 191 1064 latinis
207 1012 268 1064 suis
281 1013 316 1066 ll.
334 1009 425 1062 illaius
441 1026 448 1064 :
468 1031 480 1056 a
495 1011 558 1062 Jam
570 1027 650 1076 vero,
664 1009 770 1080 inquit,
783 1007 880 1061 eandi-
926 1006 954 1062 λε
967 1012 1013 1064 τοῦ
1023 1008 1129 1084 ὀλέθρου
1144 1005 1278 1085 φέρεσθαι.

102 1099 165 1150 iloni
180 1098 398 1169 benignumque
412 1096 548 1174 lectorem
560 1113 652 1150 meum
669 1093 881 1150 admonendum
966 1112 989 1152 ε.
1007 1093 1082 1164 Πλὴν
1097 1093 1145 1151 ὅσα
1158 1115 1188 1170 γε
1200 1091 1299 1158 τούτοις
1311 1093 1338 1150 έν
1357 1091 1458 1150 ἐλπίσιν
1473 1084 1503 1164 ῆν
1518 1093 1547 1151 τὸ
1562 1093 1703 1161 σώζεσθαι·

100 1187 197 1254 judico
206 1205 255 1240 me
265 1195 295 1240 et
306 1186 336 1238 in
348 1184 541 1256 superioribus
551 1185 730 1256 etpraecipue
745 1185 774 1236 in
786 1200 882 1236 conse·
927 1181 998 1246 ἐλπίς
1011 1181 1061 1259 γὰρ
1078 1183 1105 1238 ἐν
1119 1180 1274 1261 ἀπορρήτοις
1287 1179 1325 1239 έτι
1340 1184 1403 1248 ζῶσι
1417 1180 1591 1261 παραμύθιον.

103 1273 252 1344 questibus
261 1271 346 1324 valde
355 1270 498 1324 interdum
514 1273 684 1338 εεειυανῐεεε,
700 1270 769 1324 ilum
783 1271 878 1324 Euna-
967 1268 1030 1328 Ἐπί
1043 1268 1076 1326 τοί
1095 1291 1123 1346 γε
1139 1271 1164 1326 έν
1179 1277 1232 1333 τοῖς
1248 1267 1330 1345 ἔργοις
1348 1266 1406 1348 Είρη
1419 1268 1464 1326 καλ
1480 1269 1608 1348 βάρβαροι
1622 1303 1656 1314 -
1674 1271 1704 1326 οὐ

104 1363 175 1430 pium
187 1361 308 1412 latinum
322 1358 535 1412 [προαπέθανε
547 1368 574 1410 et
587 1358 783 1430 palimpsestus
792 1375 882 1430 aeger·
926 1355 995 1413 κατὰ
1006 1357 1053 1427 τὴν
1065 1355 1170 1431 ἔννομον
1184 1353 1335 1426 ἀπαίτησιν,
1347 1355 1465 1435 (καὶγὰρ
1477 1356 1599 1426 έκείνητύ
1611 1357 1704 1414 διπλά·

104 1449 168 1500 rime
185 1447 348 1519 legebatur,
361 1455 388 1498 et
400 1455 535 1516 excerpta
555 1445 687 1512 hiabant,
704 1455 732 1498 et
745 1451 879 1516 praeterea
926 1465 980 1501 σιον
1005 1443 1196 1523 ύπερέύαλιν,)
1224 1442 1291 1500 itit
1314 1441 1382 1500 κατὰ
1408 1442 1455 1512 τῆν
1477 1442 1640 1523 βαρύαρικὴν
1659 1443 1704 1500 καί

101 1533 220 1600 jamdiu
236 1541 340 1588 notum
351 1542 391 1586 est
406 1530 551 1586 difficilem
570 1549 629 1586 esse
649 1532 771 1604 Eunapii
793 1533 881 1586 inter·
927 1527 1038 1609 ἄμετρον
1052 1529 1210 1597 πλεονεξίαν.
1231 1563 1268 1573 -
1283 1528 1433 1596 Ἀκινδύνως
1455 1521 1510 1608 εἶχε
1526 1529 1588 1607 πρὸς
1603 1527 1702 1608 ἕτερον.

105 1623 290 1692 pretationem
303 1630 363 1673 tum
375 1631 494 1692 propter
507 1620 569 1692 styli
579 1620 733 1674 novitatem
747 1631 806 1673 tum
815 1637 880 1691 pro·
967 1638 990 1674 a.
1004 1615 1068 1676 Ὅτι
1084 1617 1151 1694 [οὐχ
1163 1613 1230 1673 ούτω
1243 1615 1479 1692 παρακεκινηκότες
1493 1615 1538 1672 καὶ
1549 1615 1703 1696 διερθαρμέ-

106 1721 162 1780 pter
172 1708 310 1762 codicum
322 1707 522 1780 corruptelam.
538 1729 552 1758 ν
867 1715 869 1720 “
927 1727 965 1763 ναι
976 1703 1024 1774 τὴν
1042 1703 1158 1779 γνώμην,
1173 1701 1260 1780 ἀλλὰ]
1281 1705 1313 1759 δι’
1330 1704 1458 1780 ὑπεροχὴν
1473 1707 1572 1774 κακῶν,
1589 1706 1625 1771 είς
1639 1704 1705 1764 ’lou-

492 1835 507 1890 5
927 1794 1017 1850 λιανοῦ
1031 1789 1135 1869 καιρούς
1147 1790 1191 1847 καί
1202 1789 1310 1869 χρόνους
1323 1789 1364 1846 τὸν
1375 1793 1497 1868 εὐνοῦχον
1507 1791 1629 1848 όνέθεσύν
1641 1815 1706 1857 τινες

471 1853 486 1904 7
928 1877 1086 1957 Εὐτρύπιον.
1102 1877 1210 1957 Ὠσπερ
1223 1867 1267 1934 οὐν
1279 1879 1331 1934 τῶν
1346 1879 1441 1954 ίατρῶν
1453 1879 1522 1934 ἐστιν
1540 1876 1651 1946 ἀκούειν,
1666 1874 1706 1934 ὅτι

144 1965 216 2022 ibid.
231 1985 263 2039 p.
278 1964 412 2033 atio-287
431 1983 439 2019 ι
454 1959 520 2022 Ὀτι
533 1961 576 2020 tat
586 1961 631 2028 rire
645 1961 765 2030 Ἀσιονδις
779 1985 881 2041 suppo·
927 1975 978 2032 τοῖς
999 1964 1131 2047 ριλοζώοις
1154 1964 1253 2043 βέλτιόν
1276 1967 1330 2022 ἐστι
1345 1966 1449 2034 σπλῆνα
1467 1964 1549 2022 νοσεῖν
1564 1961 1582 2034 ἢ
1597 1963 1705 2039 κάμνειν

111 2051 148 2128 pir
159 2049 263 2130 ατρέριο
274 2049 323 2119 τὴν
334 2048 499 2127 συγγραφήν·
509 2055 608 2108 τοιοῦτο
620 2049 671 2128 γδρ
681 2053 695 2108 ὁ
707 2048 806 2128 μακρὸς
818 2049 882 2108 αίὼν
927 2049 1014 2133 ἧπαρ,
1031 2053 1076 2112 καί
1085 2053 1144 2112 ὅσον
1154 2052 1219 2132 ύπέρ
1229 2051 1328 2122 ἥπατος
1337 2051 1381 2110 διὰ
1393 2049 1533 2127 πνεύμονος
1544 2051 1586 2109 iat
1597 2050 1705 2130 καρδίαν

111 2139 160 2194 οὐδὲ
174 2137 199 2194 ἓν
212 2139 335 2212 ἤνεγκεν,
351 2135 410 2193 ῠῦδί
424 2159 463 2200 τις
475 2135 535 2214 περὶ
546 2136 590 2194 τὸν
603 2137 657 2215 βίον
669 2137 712 2194 τὸν
723 2137 881 2217 ἀνθρώπινον
927 2147 1143 2219 σνμπερατοῦται
1155 2139 1199 2198 καί
1216 2140 1358 2217 διερῖκται,
1373 2137 1440 2196 οὕτω
1453 2137 1498 2195 καί
1510 2135 1567 2195 τότε
1583 2137 1705 2196 eivitat-

112 2225 254 2302 ίνετχμώδη
264 2221 373 2293 τοιαύτη
387 2221 454 2302 popli
466 2223 511 2280 καί
521 2225 629 2296 κίνησις.
643 2223 710 2282 Ἀλλ’
721 2221 791 2299 ὅμως
803 2223 882 2291 ούτως
927 2252 979 2298 νεν,
994 2229 1029 2292 ώς
1041 2229 1067 2284 έν
1082 2227 1180 2306 αἱρέσει
1190 2229 1242 2282 τῶν
1255 2225 1407 2304 αἰσχίστων,
1424 2225 1570 2299 εὐδοκιμεῖν
1584 2225 1705 2302 εὐνοῦχον

111 2303 172 2390 εἶχε,
185 2311 232 2368 καὶ
246 2311 277 2367 τὸ
294 2310 388 2380 α’ληθές
403 2309 565 2382 ὐσιώπητον,
588 2314 623 2376 ὡς
637 2311 738 2382 ἀδικοίη
751 2335 781 2389 γε
797 2312 827 2368 οἷν
844 2335 881 2377 τις
928 2313 1043 2390 μανέντα
1053 2313 1116 2392 πρὸς
1133 2313 1276 2390 παράθεσιν
1290 2316 1341 2370 τῶν
1357 2311 1537 2370 ἰπιλαόουσῶν
1554 2315 1702 2390 συμφορῶν.

110 2397 368 2457 eistetensem
386 2399 488 2468 τέληθῆ
503 2397 540 2474 μὴ
553 2398 684 2478 γράφοιτο.
700 2399 752 2458 Καὶ
766 2399 841 2458 τοῦτό
853 2421 882 2476 γε
966 2420 988 2458 ι.
1005 2398 1099 2474 Ὅμως
1114 2403 1127 2457 ὁ
1145 2402 1166 2458 Γ
1168 2397 1240 2465 αίνας
1262 2398 1409 2478 διαφθείρας
1425 2397 1467 2456 τὸν
1482 2397 1605 2472 πολέμιον
1623 2399 1701 2474 (ε’πο-

110 2485 174 2544 εὐδέν
185 2485 310 2565 διαφέρον
326 2483 409 2543 ίδόκει
422 2507 467 2562 μοι
478 2491 523 2544 τοῦ
534 2487 602 2544 πιεῖν
612 2511 637 2544 τι
651 2490 703 2544 τῶν
714 2486 826 2564 δριμέων
837 2486 881 2544 καὶ
927 2485 1003 2563 λέμει
1016 2487 1066 2564 γὰρ
1081 2486 1194 2568 εὐνούχῳ
1216 2486 1288 2561 μέλα
1310 2485 1497 2562 ἐντεταμένως·
1515 2485 1584 2544 ούτω
1606 2487 1706 2566 σφόδρα

110 2579 200 2651 πικρῶν
227 2574 272 2631 ἐπὶ
291 2573 425 2652 σωτηρίῳ·
444 2575 502 2631 ἀλλ’
522 2573 610 2652 ὥσπερ
626 2577 710 2632 ἐκεῖνα
730 2597 878 2651 κατακερα-
927 2573 1041 2649 γενναῖός
1055 2597 1092 2640 τις
1101 2566 1166 2650 ῆν),
1183 2571 1208 2639 ἐξ
1222 2564 1258 2630 ὧν
1271 2571 1354 2630 έδόκει
1364 2571 1634 2651 κατωρθωκέναι,διδι
1646 2573 1706 2631 τού·

110 2661 194 2720 σθέντα
207 2661 261 2726 τοῖς
273 2657 394 2736 σώμασιν
411 2662 495 2731 αἠδῶς
509 2660 580 2726 τέλος
592 2661 647 2740 ἔχει
661 2659 708 2731 τῆν
728 2660 826 2738 ὑγίειαν
837 2661 881 2718 καί
927 2682 978 2716 των
996 2660 1104 2731 ἥττητο.
1128 2660 1282 2740 Ὗγρότερος
1302 2660 1353 2741 γὰρ
1376 2661 1426 2718 ὐπὸ
1441 2667 1485 2718 τοῦ
1503 2660 1705 2738 κατορθώματος

109 2750 238 2828 σωτηρίαν,
252 2747 322 2805 οὕτω
335 2747 423 2804 καὶτὰ
442 2747 625 2826 τερατευθέντα
645 2749 709 2827 πρὸς
723 2748 752 2806 τὸ
764 2749 882 2829 παράλο-
927 2747 972 2804 καί
988 2747 1171 2826 μαλακώτερος
1184 2750 1334 2824 γενόμενος,
1345 2751 1380 2814 ὡς
1389 2747 1420 2804 διν
1432 2748 1482 2819 ἤδη
1492 2745 1540 2818 τὴν
1551 2747 1706 2820 Ῥωμαϊκὴν

108 2860 155 2910 γον,
168 2839 197 2893 οὐ
217 2841 265 2905 τῆς
285 2839 387 2914 γραφῆς
408 2837 462 2892 ἔστι
480 2834 509 2893 τὸ
528 2834 605 2906 ἀηδές
628 2835 791 2916 ἆμοίρτημα,
814 2835 882 2894 illi
928 2835 1011 2914 ἀρχὴν
1033 2835 1183 2916 συνῃρηκὼς
1201 2835 1246 2894 καί
1261 2844 1313 2902 τοῖς
1332 2835 1407 2892 ποσὶν
1433 2833 1598 2910 έπεμύαίνων
1619 2837 1706 2912 αὐτῆ,

107 2921 183 2994 γλυκύ
196 2947 220 2980 τι
237 2922 285 2980 καλ
303 2922 414 2996 πότιμον
429 2921 471 2978 διὰ
490 2921 536 2992 τὴν
551 2923 675 2993 ἀλήθειαν
695 2925 747 2988 τοῖς
769 2923 882 3002 ἀκριόῶς
930 2921 1115 2999 μαλακώτερος
1135 2915 1167 2994 ῆν
1186 2923 1389 3003 ἆμραροίαοθαι·
1412 2922 1456 2979 καί
1477 2919 1541 3002 πρὸς
1559 2921 1601 2979 τὸν
1620 2921 1705 3000 Ἀργί-

108 3010 226 3077 ἐξετάζειν
241 3007 411 3087 βουλομένοις
424 3009 531 3084 γίνεται.
930 3009 1245 3089 ύολον(1.’1“ριθίγιλθον)
1265 3007 1448 3088 ἐπρεσύεύετο,
1466 3013 1500 3075 ὡς
1515 3007 1544 3066 τὸ
1561 3009 1705 3078 σπουδαζό-

142 3119 162 3154 e.
179 3096 233 3156 Ιίαλ
246 3087 322 3160 ούτος
338 3095 385 3168 μέν
400 3094 510 3164 ἐσώζετο
524 3100 610 3162 καλῶς
624 3097 735 3175 πονηρὸς
748 3097 797 3154 ών·
812 3095 882 3172 ὅμως
930 3119 1006 3172 μενον
1021 3099 1107 3163 αὐτοῖς
1121 3097 1175 3174 ἔχει
1189 3097 1271 3161 τέλος.

107 3265 177 3310 nati?
189 3275 292 3322 noeque
305 3261 375 3308 tacite
388 3261 686 3324 erat‚risasoomponere.
720 3251 776 3311 iam
787 3265 812 3311 et
821 3275 882 3310 mer·
964 3269 987 3310 a.
1006 3262 1117 3310 Finitima
1141 3262 1215 3324 Lydia
1232 3261 1348 3310 secundas
1364 3261 1432 3310 esitii
1454 3264 1534 3321 partes
1553 3261 1630 3308 latura
1654 3264 1706 3308 erat

107 3343 209 3386 «almam
222 3351 296 3386 ιιειυο
311 3337 442 3398 quicquam
458 3341 546 3398 preter
557 3339 681 3388 mendacia
697 3341 831 3400 praeterque
843 3336 896 3386 ln·'
931 3340 970 3398 (si
991 3340 1149 3402 Tribipitdus
1161 3340 1276 3400 i’ltrppiu
1291 3341 1411 3393 uostoto,
1424 3351 1481 3386 eom
1497 3341 1591 3386 statim
1607 3350 1707 3398 oppres·

108 3429 171 3462 rrum
185 3429 256 3462 sirum
274 3413 428 3474 loquebatur,
445 3417 469 3462 et
480 3415 595 3476 quicquid
613 3416 785 3476 sapientissimo
804 3427 883 3464 rerum
928 3431 972 3468 sus
982 3422 1059 3474 esset,
1073 3431 1154 3482 oeque
1163 3423 1190 3467 in
1206 3418 1332 3466 Pisidiam
1341 3421 1461 3478 potrusse
1471 3419 1661 3476 convertisset).

110 3493 335 3553 omniintempori,
346 3495 417 3552 prout
430 3491 585 3553 Pindariiol.
600 3501 642 3554 tt),
657 3495 701 3554 ui)
711 3493 882 3553 sententiatum,
961 3497 987 3544 l.
1002 3497 1030 3544 iti
1043 3499 1123 3545 lernen
1139 3495 1222 3544 salutis
1235 3508 1301 3555 spem
1316 3495 1435 3544 fovebant.
1470 3494 1564 3542 Etenim
1573 3505 1638 3556 spes.
1649 3491 1708 3542 doru

109 3569 272 3616 'mihim
283 3567 382 3616 &hibet
390 3567 588 3629 exilltiffliiffllssffl·
928 3573 978 3621 vita
987 3577 1106 3634 superest,
1118 3573 1142 3620 in
1154 3573 1278 3621 reinserta
1295 3571 1419 3620 solatur..
1432 3607 1437 3618 .
1451 3569 1496 3619 ,οὐ
1507 3571 1645 3632 proeliorum
1657 3571 1707 3631 gla-

476 3651 520 3699 75.
928 3651 980 3700 dios
989 3655 1014 3699 et
1023 3651 1156 3700 barbari...
1166 3665 1213 3699 non
1228 3665 1271 3712 pro
1286 3649 1398 3710 legitimae
1408 3649 1538 3698 exactionis
1552 3648 1640 3707 morlo,
1651 3663 1707 3710 quire

136 3731 246 3780 Nomai
264 3731 380 3780 Asiaticas
395 3731 543 3780 calamitates
560 3732 641 3789 stilum
657 3733 805 3780 transieram.
839 3735 884 3780 Par
928 3731 1009 3776 tauron
1021 3729 1070 3789 ipsa
1080 3729 1177 3776 eliiniilio
1192 3728 1295 3789 anipiius
1311 3726 1430 3787 erat,se‹l
1446 3739 1489 3788 pro
1500 3725 1708 3774 barbarleaintini·

108 3810 166 3856 enim
180 3809 236 3857 nihil
252 3822 335 3856 avum
346 3809 488 3856 immensum
506 3809 575 3869 tulit,
591 3821 668 3870 noque
681 3823 788 3870 unquam
806 3809 830 3856 in
843 3809 884 3856 iio·
929 3811 1001 3866 taque
1013 3805 1150 3867 eupiditate.
1162 3805 1237 3854 -sb
1249 3805 1324 3852 oltero
1340 3803 1472 3865 perieulum
1491 3815 1540 3852 non
1558 3801 1707 3851 imminebat.

108 3887 256 3934 rooumrita
266 3889 348 3934 tentiis
362 3889 443 3934 motus
456 3889 587 3946 tantusque
601 3899 680 3934 rerum
698 3886 812 3934 transitus
829 3885 882 3934 tuit.
961 3889 985 3930 ⁵.
1001 3887 1053 3933 tion
1065 3887 1114 3932 tam
1130 3885 1223 3932 vesania
1237 3883 1309 3940 moti,
1327 3895 1399 3944 quem
1417 3883 1513 3942 propter
1527 3881 1647 3928 malorum
1663 3893 1707 3926 ru·

109 3967 174 4023 rapo
187 3964 239 4010 lieo
252 3963 285 4010 ita
294 3965 426 4010 evenerunt
440 3975 519 4024 neque
531 3963 625 4010 silentio
641 3963 767 4011 veritatem
777 3975 884 4024 premere
930 3961 1020 4008 mulum
1035 3965 1103 4010 erant
1113 3963 1154 4023 σοι
1167 3963 1310 4022 Eutropium
1320 3960 1458 4008 eunuchum
1468 3957 1498 4006 ad
1512 3958 1649 4006 felicitatem
1660 3958 1706 4004 im-

108 4041 157 4088 lirei
167 4059 173 4088 :
184 4053 240 4088 nam
256 4039 296 4088 iile
309 4039 395 4100 injnste
408 4053 433 4088 se
450 4044 555 4100 gereret,
567 4039 609 4102 qni
621 4039 653 4087 ob
664 4039 717 4088 fidei
728 4039 883 4101 impetrando
929 4036 986 4098 perii
1001 4038 1105 4088 iulianei
1117 4038 1240 4088 referrent.
1277 4041 1352 4097 Ergo,
1367 4040 1395 4084 ut
1410 4035 1496 4084 medici
1508 4036 1588 4094 aiunt,
1603 4035 1659 4083 vitm
1674 4049 1708 4083 re·

107 4117 270 4166 =l1tticoltatem
285 4118 576 4167 resrerastiistoriaenon
590 4117 776 4167 commendaret.
810 4121 884 4166 Porro
929 4114 1032 4163 tinenilre
1046 4115 1137 4176 cupidis
1148 4114 1459 4174 meiiusosse,utaspiene
1468 4112 1578 4168 doleant.
1594 4125 1666 4173 quiam
1680 4114 1707 4160 ut

108 4196 147 4242 Ινιι
160 4197 218 4244 τοῖοί
228 4195 292 4244 haud
302 4195 400 4244 ‹litterre
412 4195 506 4244 ridetur
523 4197 608 4257 abeo,
621 4197 662 4258 qni
674 4209 728 4244 acre
744 4195 834 4258 aliquid
847 4199 883 4243 at·
926 4191 1007 4252 jecore
1018 4192 1142 4250 laborent,
1156 4191 1321 4251 veleamus,
1335 4203 1390 4252 quse
1404 4203 1474 4252 supra
1485 4190 1553 4252 jecur
1564 4203 1605 4250 per
1615 4190 1707 4250 pulmo·

106 4287 267 4334 ηυεοειιιτιιιιι
275 4273 361 4322 ululis
369 4273 444 4334 gratia
453 4273 537 4322 ebibit.
569 4277 629 4323 tiam
640 4273 710 4322 sicini
721 4274 773 4322 lues
783 4272 884 4322 insuavi·
930 4283 985 4317 nem
997 4269 1026 4317 ed
1041 4283 1082 4316 cor
1096 4269 1221 4330 pertingit3
1235 4268 1269 4318 sie
1278 4268 1349 4317 etiam
1362 4267 1403 4317 ilio
1417 4270 1526 4328 tempore
1535 4266 1636 4325 oceidit,
1646 4269 1673 4314 ut
1682 4267 1707 4314 in

108 4353 142 4397 ter
152 4351 292 4412 corporibus
310 4349 442 4398 commixta
453 4351 555 4398 salutem
573 4351 681 4412 pariunt,
694 4350 729 4398 sie
744 4351 815 4398 etiam
829 4342 884 4412 ηοω
929 4359 1009 4394 rernm
1022 4346 1213 4407 turpissimarum
1228 4345 1341 4393 coollietu
1353 4357 1456 4392 vesanus
1473 4343 1597 4392 eunrrclius
1612 4342 1706 4392 laudem

109 4427 244 4476 mirabiliter
255 4431 279 4476 et
293 4429 381 4488 preter
398 4428 507 4474 omnium
527 4427 662 4488 opinionem
679 4427 807 4487 accidunt,
820 4427 883 4476 haud
928 4425 1039 4482 referret,
1049 4423 1121 4471 modo
1132 4423 1152 4472 is
1163 4435 1219 4470 oum
1229 4421 1385 4484 praesentibus
1393 4420 1462 4469 malis
1473 4423 1659 4482 compararetur.

110 4504 201 4562 palem
217 4505 322 4552 historio
336 4503 464 4552 molestum
482 4506 607 4564 peccatum
622 4503 753 4564 reputanda
764 4505 832 4564 sunt,
842 4503 883 4552 sed
960 4507 983 4550 6.
1000 4498 1333 4560 SimulGainas,adversario
1350 4496 1463 4558 Eutropio
1474 4496 1588 4545 sirbverso
1605 4495 1706 4556 (etenim

111 4581 178 4628 onice
193 4581 249 4642 quid
262 4581 343 4642 potius
351 4583 423 4642 atque
432 4580 566 4641 exoptabile
575 4584 672 4642 propter
683 4581 808 4630 veritatem
820 4579 883 4642 apud
928 4579 1066 4628 eunuchum
1074 4578 1229 4626 rehementer
1235 4577 1389 4638 oppugnabat
1400 4577 1463 4624 :mm
1474 4573 1615 4624 tortianimo
1625 4575 1705 4632 erat;)

112 4671 150 4706 eos
159 4659 198 4720 qui
210 4671 246 4706 res
254 4659 327 4706 altitu
335 4658 436 4705 oerutari
448 4658 542 4706 volunt.
928 4671 984 4720 quae
995 4657 1040 4706 eibi
1050 4657 1175 4706 videbatur
1188 4669 1300 4718 prospere
1312 4655 1400 4716 egisse,
1414 4655 1442 4703 ils
1456 4653 1558 4722 exitium
1573 4653 1618 4702 sihi
1636 4665 1706 4713 pepe·

143 4735 252 4799 esuque
271 4739 304 4786 ita
319 4737 435 4799 portare
449 4735 524 4784 erasit
540 4735 734 4797 incolumis,qui
753 4735 831 4784 mains
846 4735 883 4784 eir
929 4735 968 4782 rit.
1003 4733 1145 4794 Languidior
1159 4733 1248 4780 onima
1265 4731 1421 4794 prosperitate
1436 4730 1605 4788 ellectusoeu
1621 4729 1639 4776 si
1656 4728 1705 4788 iam

115 4819 158 4862 irat
170 4835 176 4862 ε
188 4817 305 4879 simulque
314 4813 448 4864 valetudini
458 4828 508 4864 sure
518 4815 578 4864 bene
591 4815 646 4864 lesit
654 4815 786 4864 continenti
796 4815 884 4876 equita·
928 4815 1064 4860 Romanurn
1076 4811 1200 4872 imperium
1212 4809 1310 4871 pedibus
1319 4809 1483 4872 proculcaret,
1494 4807 1589 4856 mollior
1601 4819 1664 4853 ιιυοο
1674 4805 1705 4853 ael

115 4891 259 4954 imitatu
271 4891 678 4954 splenelaborabat‚)ealculosque
691 4891 792 4940 mollivit
801 4903 829 4938 ae
840 4889 883 4938 mi·
928 4888 1195 4937 eontrectamlumerat.
1227 4881 1705 4950 atqueadargiooiuminruptum)

114 4967 196 5022 temnit.
229 4967 882 5032 filisquidemaiiihateorporisuorelnonobettum
927 4967 1039 5016 mintium
1054 4961 1705 5027 misit,significans,oemmuneconsiuumjarnseopo

114 5043 193 5094 {aiem
211 5047 245 5094 rei
265 5051 348 5108 postea
365 5047 489 5106 tattonem
507 5046 583 5094 mutto
600 5048 680 5094 tamen
698 5045 778 5094 veritis
792 5044 882 5094 beilum
927 5057 978 5094 esse
989 5045 1101 5106 potitum.

113 5119 238 5172 Ιιιαιιαΐοιιε
248 5125 334 5173 aulicis
348 5123 464 5172 indicens.
961 5127 983 5172 7.
1000 5121 1088 5171 Gainas
1101 5124 1125 5170 et
1135 5121 1276 5182 Argibolus.
1290 5158 1296 5170 .
1313 5120 1370 5170 ‚iiie
1384 5117 1480 5180 quidem
1495 5117 1559 5176 dur,
1573 5113 1610 5162 liic
1623 5115 1703 5162 autom
