3842 5726
171 329 178 344 '
255 353 291 406 cr
826 336 1092 399 orrueruoonr
1114 335 1267 396 rasum

252 473 429 552 processisset
449 472 584 533 ε’όεόαίουν
599 471 627 530 τδ
642 471 754 548 ἀξίωμα.
774 462 826 532 Ἧι
842 470 868 530 δὲ
890 471 923 530 τδι
934 470 1023 530 τελού·
1109 490 1144 529 ai.
1159 468 1225 528 Ὅτι
1239 465 1399 533 Εὐπλοότιος
1415 469 1429 525 θ
1445 455 1629 545 μαγιστριανδς
1640 465 1701 546 πρδς
1714 471 1833 544 Οὐαλίαν,

252 587 316 638 μενα
334 567 452 622 τοιαῦτα.
470 563 579 640 Πρῶτον
590 560 636 636 μέν
650 559 794 636 κατήγοντο
806 557 888 618 έπίτδ
900 558 1023 634 δημόσιον
1070 557 1159 624 δςτῶν
1182 555 1285 616 Γότθων
1300 553 1457 633 ἐχρημάτιζε
1472 553 1618 634 φύλαρχος,
1639 557 1831 627 ἀποστέλλεται,

251 652 386 727 βαλανεῖον
397 649 453 708 ὅσοι
464 648 602 722 νεήλυδες,
617 646 688 704 ἀντε
705 645 802 726 μικροί,
818 645 848 703 όν
861 668 888 703 τε
903 646 1022 722 μεγάλοι.
1073 647 1114 724 ἐρ’
1137 636 1287 724 ᾧσπονδός
1307 663 1335 700 τε
1360 641 1446 699 θέσθαι
1463 643 1610 724 είρηνικδις,
1635 640 1680 700 καί
1702 645 1834 702 ἀπολαόεῖν

251 737 298 805 Ἐξ
308 729 345 796 ὧν
357 736 401 796 καί
416 741 439 795 οἱ
450 735 512 816 πρὸς
524 735 567 794 τδν
582 734 695 812 τρίόωνα
708 733 849 804 ἐπιτήδειοι
859 733 961 803 ἡλικίας
970 732 1020 804 ήδη
1072 731 1119 802 τὴν
1136 729 1294 792 ίίλακιδίαν.
1311 728 1346 788 Ὁ
1360 726 1388 786 δί
1409 727 1518 805 ἑτοίμως
1531 727 1655 808 δέχεται,
1669 730 1714 788 καί
1728 734 1835 790 ἀποστα-

249 829 340 904 καιροῦ
355 822 498 903 γεγονότες·
512 821 555 890 οθς
567 823 602 888 είς
617 820 695 896 μέσον
709 818 819 878 italio
832 823 855 878 οί
867 818 1023 895 κατάγοντες
1072 818 1159 885 λέντος
1178 819 1248 896 αὐτῷ
1265 816 1341 874 σίτου
1362 817 1389 874 ἐν
1409 815 1530 894 μυριάσιν
1551 815 1690 888 ἑξήκοντα,
1705 818 1836 876 ἀπολύεται

249 909 429 989 σχολαστικοί.
452 902 519 970 Etru
536 912 586 966 τῶν
603 909 649 982 μίν
665 905 809 986 ἔμπροσθεν
825 909 967 986 τρεχόντων
981 905 1026 962 καί
1070 905 1204 966 Πλακιδία
1220 905 1395 982 παραδοθεῖσα
1414 901 1569 982 Εὐπλουτίιρ
1589 904 1654 982 πρδς
1667 903 1787 985 Ὁνώριον
1798 905 1836 962 τδν

250 997 413 1068 κωλυόντων,
432 999 483 1054 τῶν
501 993 528 1053 δὲ
547 995 681 1052 ὠθούντων
694 993 738 1050 καί
752 991 908 1072 ἐπεχόντων,
920 991 1024 1050 πάντων
1070 997 1162 1052 οἰκεῖον
1180 994 1259 1062 αὐτῆς
1271 991 1390 1069 ἀδελφόν.
1493 979 1504 1004 ³

248 1084 275 1143 δὲ
295 1089 346 1142 τῶν
359 1083 512 1143 κωλυόντων
530 1087 612 1141 ταῦτα
633 1081 770 1160 βοώντων·
786 1109 798 1132 ι
814 1084 888 1156 Στᾶ,
906 1087 972 1152 orii,
996 1081 1025 1136 οὐ
1112 1101 1149 1138 oa.
1166 1075 1230 1140 Ὅτι
1252 1077 1401 1154 ζητήματος
1419 1079 1445 1134 ἐν
1463 1077 1521 1143 ταῖς
1535 1076 1652 1147 Ἀθήναις
1672 1078 1838 1158 ἀνακόψαντος

248 1172 328 1245 λοόει,
339 1199 351 1224 ι
362 1179 535 1252 κατακρατεῖν
545 1171 620 1242 δῆθεν
630 1175 674 1226 τοῦ
685 1171 783 1246 ἀγῶνος
795 1169 899 1227 ἐδόκουν
909 1171 932 1226 οἱ
945 1171 1025 1224 ἀντω·
1069 1165 1190 1244 περὶτῶν
1204 1163 1402 1240 κεκολλημένων
1411 1161 1518 1241 βιόλίων
1531 1169 1622 1238 μαθεῖν
1634 1165 1687 1231 τοῖς
1698 1167 1837 1234 ἐπιζητοῦσι

189 1305 196 1316 .
248 1264 352 1326 θοῦντες
360 1261 395 1325 είς
404 1258 483 1334 τιμὴν
492 1262 537 1315 τοῦ
549 1255 728 1332 καταγομένοσ
740 1257 924 1332 σχολαστικοῦ.
932 1253 1026 1320 Ὅστις
1069 1253 1099 1312 τό
1114 1253 1210 1332 μέτρον
1224 1257 1269 1310 τοῦ
1281 1251 1390 1324 κόλλου,
1405 1249 1547 1316 Φιλτάτιος
1558 1255 1572 1308 θ
1584 1255 1629 1309 τοῦ
1639 1254 1765 1331 ἱστορικοῦ
1776 1255 1835 1309 trai-

249 1344 317 1422 μετδι
329 1345 428 1416 πολλὴν
442 1344 513 1424 ὐίραν
528 1344 643 1409 στάσεως
656 1345 753 1414 πολλῆς
765 1341 807 1399 ε’πὶ
822 1351 874 1408 τοῖς·
885 1345 1025 1422 προαχθεῖ·
1072 1364 1126 1421 ρος,
1142 1343 1239 1418 εὐρυῶς
1253 1339 1312 1416 περὶ
1331 1337 1517 1417 γραμματικήν
1536 1337 1614 1416 έχων,
1630 1343 1707 1396 τοῦτο
1721 1339 1834 1406 ἐπέδειξε.

249 1455 289 1491 σιν
304 1431 400 1508 ἐθίμοις
424 1431 523 1512 ῥήμασι
544 1429 747 1508 προγενομένης,
768 1428 901 1506 εἰσάγεται
928 1431 962 1494 εἶς
983 1429 1025 1486 τόν
1072 1429 1126 1488 ilat
1141 1427 1313 1503 εὐδοκιμήσας
1326 1424 1448 1502 τυγχάνει
1460 1424 1533 1504 παρὰ
1545 1429 1596 1482 τῶν
1616 1428 1729 1483 πολιτῶν
1741 1427 1837 1492 εἰκόνος.

249 1519 341 1598 θερμόν
350 1511 419 1576 οίκον
427 1519 472 1577 καί
485 1517 651 1580 ἀπολοόεται.
665 1508 731 1575 lites
740 1518 913 1600 ἐνδυσάμενος
923 1515 1026 1594 ε’δέχετο
1112 1533 1149 1574 ³³.
1163 1510 1228 1573 Ὅτι
1240 1513 1299 1593 περί
1311 1517 1357 1583 τῆς
1368 1513 1483 1578 Ὀἀσεως
1497 1517 1511 1569 ό
1524 1511 1686 1592 συγγραφεὺς
1700 1513 1782 1570 πολλὰ
1793 1537 1839 1571 πα-

248 1605 295 1676 τήν
308 1611 352 1663 τοῦ
367 1605 490 1682 τρίόωνος
505 1603 633 1678 ἐξουσίαν,
650 1602 696 1662 καί
708 1602 814 1660 αὐτόθεν
830 1601 896 1676 μετδι
908 1608 953 1660 τοῦ
969 1601 1025 1682 τρί-
1074 1601 1249 1680 ραδοξολογεῖ,
1263 1599 1323 1680 περί
1343 1622 1370 1656 τε
1383 1603 1429 1672 τῆς
1450 1599 1587 1678 εὐκρασίας
1610 1602 1691 1672 αὐτῆς
1707 1599 1752 1658 καί
1768 1600 1804 1657 ὅτι
1817 1603 1837 1658 ot

249 1691 330 1758 ὅωνος
344 1693 373 1749 έκ
386 1697 430 1750 τοῦ
454 1691 591 1770 βαλανείου
605 1689 700 1769 ἐντίμῳ
714 1689 759 1748 καί
772 1689 898 1768 περιδόξιρ
915 1691 1024 1766 δορυρο·
1070 1687 1117 1758 τὴν
1131 1686 1202 1768 ίερδιν
1223 1687 1297 1746 νόσον
1317 1685 1419 1764 ἔχοντες
1441 1688 1470 1744 οὐ
1486 1685 1563 1762 μόνον
1579 1689 1663 1744 ἐκεῖσε
1676 1689 1706 1744 οὐ
1718 1685 1838 1762 γίνονται,

249 1779 371 1858 ρούμενος
384 1782 478 1856 πομπῇ
491 1779 586 1857 ἀπῄει,
602 1777 720 1843 δαπάνας
730 1774 848 1854 έπιγνούς
862 1775 974 1856 φανεράς
987 1778 1023 1843 είς
1071 1775 1139 1834 ἀλλὰ
1161 1775 1206 1833 καί
1231 1775 1375 1853 ἀλλαχόθεν
1406 1772 1610 1853 παραγινόμενοι
1636 1774 1840 1843 ἀπαλλάττονται

247 1865 305 1932 τούς
318 1869 369 1923 τῶν
380 1865 520 1946 διατριῦῶν
530 1864 688 1944 προστάτας,
699 1861 758 1929 τούς
768 1856 921 1941 λεγομένους
933 1861 1027 1944 'stupor-
1069 1869 1115 1922 τοῦ
1135 1862 1280 1938 νοσήματος
1300 1860 1342 1919 διά
1356 1859 1403 1932 τήν
1415 1865 1460 1920 τοῦ
1474 1859 1549 1940 ἀέρος
1561 1859 1719 1936 εὐκρασίαν·
1733 1861 1777 1918 καί
1787 1861 1840 1939 περί

249 1952 336 2030 μίτας.
1016 2001 1019 2006 ,
1071 1953 1116 2020 τῆς
1127 1951 1236 2030 ψάμμου
1247 1953 1293 2020 τῆς
1304 1950 1402 2020 πολλῆς
1420 1947 1533 2025 έκείνης,
1545 1947 1591 2006 καί
1602 1951 1655 2007 τῶν
1665 1949 1840 2028 ὀρυσσομένων

291 2060 328 2098 ao.
343 2037 408 2098 Ὅτι
422 2039 446 2097 ot
466 2035 615 2099 Οὐάνδαλοι
629 2035 687 2103 τούς
707 2035 816 2104 Γότθους
834 2035 966 2116 Τρούλους
978 2057 1027 2093 κα-
1072 2038 1201 2115 φρεάτων,
1219 2038 1254 2102 ὡς
1268 2037 1303 2102 είς
1317 2033 1463 2100 διακοσίους
1485 2035 1530 2094 καῖ
1542 2034 1720 2114 τριακοσίους,
1739 2035 1789 2094 ἔσθ’
1803 2035 1841 2092 ότι

250 2130 340 2198 λοῦσι,
357 2125 400 2184 διδι
413 2124 443 2184 τὸ
461 2127 531 2205 λιμῷ
548 2124 712 2202 πιεζομένους
726 2123 818 2191 αὐτοὺς
831 2126 940 2204 τροῦλαν
954 2121 1026 2182 σίτου
1071 2123 1099 2182 δὲ
1115 2123 1161 2183 καί
1174 2125 1210 2190 είς
1223 2122 1408 2188 πεντακοσίους
1426 2121 1521 2201 πήχεις
1535 2123 1715 2202 ὀρυσσόμενα,
1735 2121 1841 2180 tostii-

248 2213 322 2294 παρὰ
332 2217 385 2272 τῶν
401 2213 562 2275 Οὐανδάλων
576 2211 711 2292 ἀγοράζειν
722 2211 777 2279 ένδς
798 2209 933 2290 χρυσίνου.
946 2209 980 2269 Ἡ
998 2209 1025 2268 δέ
1072 2217 1143 2281 ζουσι
1159 2211 1190 2270 τὸ
1203 2211 1312 2291 ῥεῖθρον,
1333 2213 1413 2269 αὐτοῦ
1432 2215 1477 2269 τοῦ
1494 2210 1601 2287 στομίου
1616 2211 1805 2291 προχεόμενον·
1817 2211 1841 2276 ἐξ

250 2302 347 2380 τροῦλα
359 2299 417 2359 οὐδέ
428 2300 513 2378 τρίτον
525 2298 614 2367 ξέστου
626 2301 719 2378 χωρεῖ.
1075 2292 1103 2358 οὐ
1119 2299 1187 2357 κατὰ
1207 2296 1331 2377 διαδοχήν
1351 2296 1504 2378 ἀρυόμενοι,
1523 2295 1593 2364 όσοις
1613 2297 1700 2356 κοινὸν
1718 2295 1801 2376 γέγονε
1817 2296 1844 2354 τδ

293 2407 331 2447 συ.
345 2385 411 2448 Ὅτι
425 2384 494 2446 κατδι
513 2383 560 2451 τάς
581 2383 716 2451 Ἱσπανίας
733 2387 785 2443 τῶν
798 2384 959 2444 Οὐανδιίλων
980 2406 1028 2443 κα·
1076 2385 1160 2466 ίργον,
1175 2382 1221 2451 τάς
1234 2382 1330 2450 οἰκείας
1342 2383 1452 2464 ἀρούρας
1462 2381 1610 2452 ποτίζουσιν
1624 2385 1648 2442 οί
1658 2384 1777 2465 γεωργοί.
1793 2384 1842 2442 Καὶ

248 2474 434 2553 ταδραμόντων
447 2472 493 2532 καῖ
505 2475 556 2530 τῶν
568 2470 710 2548 Ῥωμαίων
725 2469 817 2538 είςτδις
830 2469 1028 2551 τετειχισμένας
1073 2469 1113 2530 ὅτι
1135 2471 1163 2528 αί
1186 2472 1287 2549 όπιῦραι
1307 2471 1348 2528 ἀεί
1370 2471 1424 2538 τοῖς
1446 2469 1561 2551 δένδρεσι
1581 2469 1720 2551 φέρονται·
1743 2471 1787 2530 καί
1809 2470 1844 2528 ότι

249 2561 336 2628 πόλεις
349 2560 558 2638 καταφυγόντων,
571 2565 690 2626 τοσοῦτος
705 2561 790 2617 αὐτῶν
804 2556 880 2636 λιμός
895 2558 1026 2636 κατεκρά-
1074 2559 1089 2614 δ
1102 2557 1171 2624 σῖτος
1180 2555 1276 2622 παντδς
1289 2554 1416 2635 κρείσσων
1430 2555 1502 2615 σίτου
1515 2555 1559 2615 καί
1579 2557 1664 2635 χιόνος
1682 2557 1843 2636 λευκότερος,

161 2709 164 2716 ,
247 2671 338 2724 τησεν,
360 2650 395 2714 ὣς
416 2649 451 2713 εἰς
467 2646 663 2728 ἀλληλοφαγίαν
688 2643 869 2717 έκόιασθῆναι.
892 2645 947 2704 Καί
961 2643 1025 2722 γυνλ
1074 2643 1120 2703 καί
1140 2641 1180 2702 ότι
1195 2643 1248 2702 ἔσθ’
1265 2640 1308 2702 ότι
1323 2643 1361 2709 δίς
1371 2647 1416 2701 τοῦ
1428 2642 1498 2710 ἔτους
1511 2643 1645 2722 σπείρεται
1659 2647 1676 2714 ἡ
1692 2643 1784 2724 κριθή,
1797 2643 1846 2722 τρῖς

248 2733 363 2814 τέσσαρα
377 2734 455 2793 τέκνα
472 2731 569 2812 ἔχουσα
583 2732 669 2791 πάντα
683 2731 831 2811 κατέφαγε,
845 2731 975 2813 πρόφασιν
988 2731 1028 2813 ἐφ’
1076 2729 1103 2788 δέ
1117 2730 1181 2801 asta
1195 2729 1310 2811 κέγχρος.
1324 2727 1470 2807 Ἄρδεόουσι
1484 2726 1511 2786 δὲ
1520 2727 1553 2787 τά
1562 2728 1641 2806 γήάια
1652 2733 1740 2788 αὐτῶν
1752 2733 1777 2788 ἐν
1785 2729 1846 2805 θέρει

249 2819 359 2879 ἑκάστου
378 2820 518 2897 ποιουμένη
540 2820 588 2890 τήν
613 2822 665 2879 τῶν
689 2821 841 2878 θπολοιπῶν
863 2819 961 2899 τρορὴν
984 2818 1030 2878 καί
1077 2817 1123 2894 μίν
1137 2815 1179 2876 διά
1192 2816 1279 2898 τρίτης
1290 2815 1404 2896 ἡμέρας,
1415 2817 1441 2873 έν
1452 2819 1562 2894 χειμῶνι
1574 2815 1601 2874 δὲ
1614 2815 1657 2874 διῖι
1669 2815 1764 2890 ἕκτης,
1779 2816 1803 2884 ἐζ
1816 2807 1842 2874 οὐ

249 2907 391 2988 σωτηρίαν,
409 2907 457 2975 ἕως
475 2904 506 2965 ἀν
523 2906 609 2966 πάντα
621 2911 809 2985 καταφαγοῦσα
824 2904 905 2971 λίθοις
920 2903 971 2963 tsi
984 2911 1030 2963 τοῦ
1075 2905 1148 2975 καλή
1162 2903 1267 2983 εὐρορία
1278 2903 1386 2980 γίνεται.
1401 2901 1455 2964 Καί
1469 2905 1508 2960 ότι
1518 2903 1638 2962 οὐδέποτε
1648 2905 1772 2985 συννερία
1785 2903 1846 2981 γίνε-

250 2995 334 3072 δήμου
345 2993 467 3075 ἀνῃρέθη.
1077 3014 1129 3052 ται.
1141 2989 1195 3050 Καί
1205 2989 1264 3069 περί
1276 2993 1327 3048 τῶν
1337 2989 1498 3066 ποιουμένων
1512 2991 1590 3047 αὐτοῦ
1601 2991 1763 3069 ὡρολογίων.
1776 2989 1848 3067 Λέγει

249 3157 429 3209 deducebantur
438 3159 480 3221 qui
489 3159 571 3208 novitii
581 3159 741 3218 advenissent,
752 3159 803 3206 sire
812 3155 946 3219 paralelos
955 3167 1026 3216 gran·
1076 3167 1129 3202 rum
1142 3153 1296 3216 preelectum,
1312 3152 1428 3212 mittitur,
1446 3153 1489 3214 qui
1507 3154 1571 3215 pacis
1580 3154 1671 3202 hodera
1682 3155 1764 3214 iniret,
1777 3152 1848 3202 Placi-

249 3234 335 3284 diores.
368 3239 403 3284 Ει
417 3235 454 3284 his
463 3235 504 3297 qui
516 3249 557 3297 per
568 3237 664 3284 oetatem
674 3235 705 3284 ad
714 3233 813 3296 pallium
824 3231 968 3281 sumendum
978 3229 1029 3292 apti
1074 3229 1187 3292 diemque
1200 3230 1325 3290 reciperet.
1358 3229 1470 3279 lltevero
1487 3229 1615 3280 commode
1630 3231 1722 3292 recepit
1738 3232 1850 3292 missaque

249 3315 327 3373 orant,
340 3325 382 3362 eos
399 3313 424 3361 in
444 3313 551 3361 medium
569 3311 744 3375 protrudehant
763 3310 923 3360 scholasticis
940 3309 1027 3370 quihus
1073 3307 1255 3356 frumentatione
1264 3311 1431 3356 sexcentorum
1441 3307 1672 3367 millium,Placidia
1683 3308 1799 3370 Euplutlo
1808 3309 1850 3355 tra·

250 3390 440 3441 deducebantur.
462 3391 552 3440 Deinde
569 3391 621 3439 aliis
639 3385 840 3451 praecurrentibus
857 3390 930 3448 atque
951 3386 1029 3449 prohi-
1072 3385 1135 3446 dita,
1145 3386 1176 3434 ad
1189 3385 1322 3434 llonorium
1333 3386 1429 3434 tratrem
1442 3385 1581 3435 remittitur.

253 3469 380 3530 bentibus,
391 3469 443 3519 aliis
455 3469 647 3530 protmdentibus
659 3472 684 3516 et
693 3471 777 3516 contra
785 3466 948 3522 tendentibus,
960 3467 1029 3527 quot·
1104 3469 1142 3512 32.
1160 3467 1240 3521 Quum
1258 3463 1357 3513 titionis
1367 3463 1455 3524 inquiri
1465 3469 1570 3526 coeqitum
1589 3465 1651 3513 asset
1659 3477 1768 3526 quonam
1784 3464 1850 3512 modo

250 3546 310 3606 quot
324 3548 404 3594 cirtem
421 3545 579 3607 prohibebant
593 3545 778 3592 vociferantibus
797 3561 826 3591 :o
842 3546 899 3602 Sta,
916 3543 968 3600 sta,
980 3554 1029 3590 non
1073 3540 1228 3602 conglutinari
1241 3543 1336 3602 possent
1346 3540 1408 3600 libri,
1418 3539 1509 3588 discere
1519 3541 1682 3601 quaerentibus
1692 3542 1793 3590 ιιιοιΙιιιιι
1802 3542 1850 3601 giu·

252 3621 333 3670 lavare
344 3639 350 3670 ε
363 3641 374 3664 ιι
389 3620 485 3669 landem
496 3621 519 3668 in
532 3623 577 3668 hoc
587 3621 716 3670 certamine
725 3619 741 3668 ii
756 3619 897 3667 videbantur
907 3618 1028 3678 obtinere,
1073 3619 1143 3679 tinis,
1156 3618 1294 3681 Philtatius,
1305 3619 1426 3681 scriptoris
1437 3619 1508 3680 hirjus
1520 3620 1657 3680 lamiliaris,
1668 3619 1694 3668 in
1705 3635 1732 3671 re
1744 3615 1857 3670 litteraria

252 3697 311 3758 qui,
323 3697 473 3760 inhonorem
484 3696 617 3746 scholastici
629 3709 701 3757 quem
713 3694 877 3754 deducebant,
889 3694 1029 3743 obsistentes
1073 3695 1134 3745 bene
1144 3695 1274 3746 industrius
1283 3731 1290 3754 ,
1300 3695 1405 3745 ostendit
1417 3715 1423 3744 :
1436 3709 1511 3757 quare
1519 3699 1544 3746 et
1553 3697 1651 3746 honoris
1662 3699 1741 3759 gratia
1753 3701 1851 3747 statuam

253 3773 417 3823 retrudebant.
450 3772 572 3831 Tandem,
585 3773 639 3834 post
660 3772 754 3832 longam
776 3783 868 3818 moram
880 3770 1029 3830 meritamque
1073 3772 1106 3822 illi
1116 3773 1180 3822 ciues
1191 3773 1317 3821 collocant.

256 3849 288 3898 ob
313 3849 377 3898 illata
397 3863 425 3898 en
446 3861 513 3898 more
533 3849 596 3898 ultro
613 3849 722 3910 citroque
742 3848 815 3897 verba
838 3848 1028 3906 contentionem,

252 3924 325 3987 isqui
337 3925 473 3984 deducitur,
483 3926 508 3973 hr
520 3926 620 3974 calidam
633 3927 717 3976 cellam
727 3924 856 3985 inducitur,
867 3924 946 3985 ibique
954 3923 1030 3972 ablui·

251 4005 302 4052 tur.
319 4004 351 4051 nt
371 4005 496 4064 postquam
511 4014 537 4050 se
561 4003 652 4062 induit,
672 4003 736 4065 pallii
763 4001 902 4063 dignitatern
929 4000 1028 4062 occipit,

253 4081 328 4140 atque
339 4079 425 4127 exinde
443 4092 499 4127 cum
514 4079 585 4140 pallio
604 4091 618 4126 e
633 4079 730 4139 balneo,
749 4079 837 4128 celebri
854 4081 879 4126 et
900 4077 1030 4126 honorilice

252 4156 357 4216 stipatus
372 4167 474 4216 pompa,
486 4153 626 4216 digreditur,
641 4154 741 4204 decretis
754 4155 882 4204 luculentis
893 4153 1029 4216 sumptibus

254 4232 279 4282 iu
289 4233 425 4282 scholarum
435 4233 565 4293 antistites,
576 4233 617 4293 qui
627 4232 740 4281 dicuntur
750 4235 886 4283 heremitae.

285 4313 324 4357 29.
337 4307 439 4358 Vandali
448 4309 538 4356 Gothos
549 4309 670 4370 appellant
679 4308 911 4370 Trulos,propterea
920 4309 986 4372 quod
996 4310 1030 4372 hi,

253 4383 329 4433 enecti
339 4384 466 4446 aliquando
477 4385 552 4446 larue,
565 4385 637 4434 tritici
648 4386 759 4433 trulamo
772 4385 884 4434 vandalis
897 4399 970 4434 aureo
983 4399 1031 4435 uno

252 4461 405 4511 redimerent.
438 4463 511 4512 Trula
525 4477 583 4512 vero
596 4463 703 4512 nondum
715 4463 810 4511 tertiam
823 4463 921 4512 sextarii
939 4465 1031 4526 partem

252 4541 325 4604 cupiit.

287 4626 325 4668 κο.
338 4621 399 4666 Dum
410 4615 511 4666 vandali
522 4618 644 4680 Hispanias
653 4619 797 4678 vastassent,
807 4621 847 4681 qui
859 4621 884 4668 in
896 4621 1033 4670 munitasse

253 4696 326 4744 urbes
336 4695 435 4744 humani
446 4699 592 4757 receperant,
603 4711 631 4746 eo
639 4697 724 4746 inediae
731 4697 807 4746 adacti
819 4703 884 4758 suut,
896 4703 922 4748 ut
931 4700 1031 4748 invicem

252 4786 278 4821 se
288 4770 399 4820 laniando
409 4771 480 4820 edere
488 4775 636 4832 cogerentur.
646 4773 681 4821 lbi
691 4773 777 4821 mulier
787 4787 843 4834 rina,
853 4778 968 4836 quattuor
977 4777 1032 4825 iihe-

254 4862 336 4897 rorum
346 4851 430 4908 mater,
444 4861 527 4898 ornnes
538 4849 670 4910 der-orauit,
683 4851 713 4899 ad
726 4851 831 4912 singulos
841 4858 986 4914 praetexens,
998 4867 1032 4902 re·

255 4925 332 4986 liquos
340 4937 366 4974 se
374 4925 437 4974 olere
446 4937 474 4974 ao
485 4924 578 4974 salvare
591 4926 665 4986 velle,
674 4927 750 4976 donec
760 4928 872 4978 omnibus
881 4929 926 4977 illis
934 4930 1032 4980 absum·

255 5005 314 5067 ptis,
327 5003 469 5064 lapidibuss
483 5003 551 5066 plebe
562 5004 647 5053 obruta
656 5008 692 5054 mi
704 5007 778 5067 (tii).

287 5089 325 5132 ti.
337 5080 396 5144 [Au.
406 5082 478 5148 litt]
490 5083 824 5146 liuplutiusllagistrianusad
835 5085 936 5149 valiam,
944 5089 1032 5138 Gotho·

1104 3855 1141 3898 33.
1157 3852 1192 3898 lle
1210 3850 1266 3898 Oasi
1286 3849 1370 3898 auctor
1394 3849 1470 3898 multa
1491 3852 1573 3898 narrat
1594 3849 1761 3909 incredibilia,
1779 3850 1852 3910 deque

1073 3926 1123 3988 eius
1141 3927 1267 3988 temperie,
1286 3929 1311 3976 et
1322 3927 1387 3988 quod
1402 3941 1471 3976 sacro
1492 3928 1523 3976 ibi
1540 3927 1625 3976 morbo
1641 3941 1690 3978 non
1710 3929 1783 3978 modo
1798 3928 1852 3976 rrolli

1073 4002 1181 4051 laborent
1191 4038 1198 4064 ,
1208 4003 1250 4052 sed
1262 4003 1334 4052 etiam
1346 4003 1415 4065 siqui
1428 4003 1524 4053 nlirrnde
1534 4004 1674 4065 adveniant,
1686 4019 1717 4054 eo
1728 4006 1854 4055 liberentur

1073 4079 1105 4127 ob
1121 4079 1247 4141 benignam
1265 4079 1327 4128 aeris
1345 4079 1493 4141 temperiem.
1527 4083 1564 4130 De
1580 4081 1676 4143 copiosa
1694 4082 1783 4131 deinde
1801 4093 1853 4144 queo

1073 4158 1160 4207 ibidem
1177 4161 1212 4208 est
1224 4171 1310 4216 arena,
1329 4158 1409 4220 deque
1428 4159 1506 4220 puteis
1525 4160 1757 4220 (atrebatensibus
1769 4162 1792 4222 ),
1812 4163 1851 4221 qut

1075 4237 1175 4286 iussione
1186 4238 1216 4286 ad
1228 4237 1343 4286 ducentos
1351 4238 1375 4286 et
1384 4239 1518 4297 trecentos,
1529 4251 1703 4301 nonnunquam
1714 4254 1772 4289 vero
1783 4241 1853 4288 etiam

1075 4314 1105 4362 ad
1117 4315 1259 4375 quingentos
1268 4313 1363 4363 cubitos
1372 4315 1444 4374 lacta,
1452 4315 1603 4376 scaturiginis
1615 4317 1728 4379 rivosper
1738 4317 1853 4364 orificium

1074 4391 1202 4440 effundunt
1216 4406 1222 4440 :
1237 4390 1301 4440 unde
1314 4404 1356 4452 per
1368 4391 1432 4440 ricae
1448 4391 1478 4450 ii,
1496 4392 1538 4452 qui
1558 4393 1680 4442 communi
1700 4394 1783 4442 labore
1798 4405 1856 4454 epm

1076 4471 1191 4530 lecerunt,
1202 4470 1325 4530 isauriunt,
1337 4470 1362 4518 et
1374 4481 1432 4517 orsu
1443 4481 1486 4518 sua
1502 4471 1588 4531 rigant,
1601 4471 1724 4532 agricolus.
1756 4473 1855 4520 Arbores

1076 4551 1190 4610 perpetuo
1206 4547 1237 4597 ibi
1256 4561 1327 4609 poma
1344 4548 1405 4597 terre
1423 4553 1448 4598 et
1467 4549 1615 4598 trumentum
1629 4549 1676 4598 illic
1690 4554 1776 4600 natum
1793 4552 1857 4599 omni

1076 4625 1657 4686 frumentoessepraestantiusnisequecandidius.
1690 4625 1857 4675 interdurnhis

1076 4703 1203 4765 quotannis
1222 4703 1337 4751 hordeum
1352 4703 1384 4751 ihi
1402 4704 1565 4763 seri,milium
1579 4707 1660 4754 autem
1678 4708 1795 4767 perpetuo
1814 4707 1856 4752 ter.

1077 4782 1159 4842 liigare
1173 4781 1262 4828 incolas
1272 4779 1368 4828 rusculo
1379 4793 1422 4828 sua
1431 4782 1515 4828 aestate
1527 4783 1599 4829 tertio
1610 4795 1708 4843 qnoque
1718 4781 1769 4841 die,
1781 4783 1857 4829 liieure

1077 4861 1159 4916 sexto,
1168 4859 1240 4918 alque
1251 4856 1305 4904 iiiuc
1314 4857 1404 4906 tanturn
1415 4860 1485 4907 terrm
1496 4857 1642 4906 fertilitatem
1652 4859 1782 4906 conciliari.
1795 4863 1857 4907 lton·

1078 4949 1149 4996 quam
1163 4934 1196 4983 ibi
1206 4935 1294 4982 ooelrrm
1304 4934 1380 4983 uirhes
1389 4935 1536 4983 contrahere.
1550 4934 1587 4983 Ad
1598 4935 1651 4982 hac
1667 4935 1697 4985 de
1713 4936 1855 4998 horologiis,

1078 5025 1132 5074 qum
1145 5011 1233 5058 ibidem
1250 5009 1417 5058 conficiuntur.
1451 5013 1533 5060 oasim
1545 5013 1665 5060 memorat
1680 5013 1786 5060 insulam
1801 5013 1857 5060 oliui

1078 5089 1162 5149 luisse,
1173 5090 1269 5149 alquea
1285 5087 1422 5137 continente
1432 5087 1563 5149 divulsam,
1576 5087 1723 5150 eandemque
1735 5089 1767 5137 ab
1781 5092 1858 5138 liero-
