3830 5720
814 342 1059 406 FRAGMENTA.

124 499 195 558 τερον
210 474 262 548 τήν
274 475 375 556 ψυχήν,
388 476 447 553 περὶ
459 467 490 546 ής
508 473 667 555 φοόοόμενον
680 475 757 535 αὐτὸν
775 476 821 535 καὶ
835 477 900 535 ἀνα·
1307 503 1356 564 55.

125 563 289 640 λογιζόμενον
301 566 336 630 ὡς
344 562 378 621 τδ
392 560 478 620 πολλὰ
491 566 542 620 τῶν
556 565 592 630 εἰς
600 562 644 622 τὸν
660 562 793 643 φθόσαντα
807 564 901 644 χρόνον

125 651 181 708 κατ’
191 649 295 720 ἐκείνην
311 650 394 720 δήπου
407 648 551 728 τήνχόιραν
560 649 718 709 ἐπελθόντων
729 651 808 710 ἐθνῶν
819 651 902 710 τοιού·
985 660 1095 718 Ibidem
1106 678 1137 734 p.
1156 659 1222 716 131.
1238 658 1292 714 132
1307 679 1313 715 ε
1326 657 1391 718 Ὀτι
1404 656 1512 734 Θεόγνις
1525 657 1581 717 ἐπεὶ
1592 662 1619 717 ἐν
1633 660 1720 740 Κασίφ

125 758 174 800 τοις
188 735 282 814 δώροις
300 734 431 810 Ῥωμαῖοι
443 735 664 814 προκαλίσαντες,
678 737 750 804 τίλος
766 740 790 804 ἀς
812 741 901 816 καιρὸν
945 742 990 801 καί
1006 743 1182 824 Καρόωναρίφ
1193 746 1250 810 ταῖς
1266 743 1353 814 νήσοις
1368 743 1484 822 ἐγένετο,
1498 743 1583 821 λόγων
1598 749 1669 826 αὐτῷ
1680 770 1721 806 κι-

125 821 273 898 ἀπιθόμενοι
284 821 453 902 πανωλεθρίᾳ
468 821 624 904 διίφθειραν,
645 826 692 883 οὖα
707 823 902 895 ἀποστήσεσθαι
946 830 1074 901 νηθόντων
1088 829 1148 908 περί
1159 833 1286 902 σπονδῶν,
1301 830 1483 910 προσεδέξατο.
1500 833 1722 911 Παραγενομόνου

19 960 24 1014 ρ,
126 911 170 977 τ’ής
183 907 395 987 ἐπιχειρήσεως,
409 909 440 966 οὔ
461 908 569 988 δώροις,
586 911 633 968 οὐκ
656 908 837 986 ἐπαγγελίαις,
854 911 903 988 οὔχ
946 940 974 975 τι
985 922 1030 975 τοῦ
1042 921 1080 976 Ba

125 997 204 1074 ίτάριμ
214 995 267 1053 τινὶ
282 999 335 1054 τῶν
347 997 467 1071 πάντων,
481 995 541 1075 πρίν
556 995 588 1054 δν
599 995 646 1068 τὴν
657 997 733 1056 πόλιν
752 997 781 1055 τδ
794 995 902 1077 Σίρμιον
947 1006 970 1061 οἱ
987 1003 1112 1082 καθέδρας
1125 1009 1223 1082 χρυσῆς
1241 1005 1348 1073 ἐνιζοίνει
1365 1007 1460 1080 αὐτοῦ,
1476 1009 1506 1064 ἐκ
1519 1005 1638 1066 διαλίθων
1653 1012 1722 1087 ὑφα-

19 1107 21 1138 l
124 1082 377 1164 χειροισάμενοςτήν
391 1081 538 1160 Σιρμιεινήν
557 1083 842 1156 ἀπασανοίκειόνσηται
856 1088 903 1155 νῆ·
947 1089 1054 1161 σμάτων
1079 1090 1263 1162 σκευασθείοης
1292 1094 1364 1170 αὐτῷ
1388 1091 1476 1171 ῶσπερ
1503 1092 1620 1164 καλόόης
1642 1093 1718 1162 τινός.

125 1191 177 1242 σον,
191 1170 225 1242 ήν
238 1169 394 1227 δικαιότατα
402 1168 447 1226 καὶ
454 1169 595 1248 προσήκειν
603 1173 674 1249 αὐτῷ
683 1171 823 1242 Γηπαίδων
834 1171 901 1247 πρό·
949 1175 1028 1235 ’elli
1039 1175 1091 1256 γὰρ
1105 1176 1149 1234 καλ
1167 1175 1256 1256 ῶσπερ
1271 1179 1328 1235 ἀντ’
1342 1178 1468 1257 ἐρύματος
1481 1179 1531 1256 πρδ
1545 1183 1596 1236 τῶν
1610 1179 1721 1258 στίρνων

124 1279 194 1335 τερον
210 1261 304 1332 κτῆμα
316 1255 467 1332 γινομένην,
482 1258 569 1314 αὐτῶν
583 1257 612 1315 δὲ
630 1257 680 1315 ὑπὸ
693 1257 811 1336 ’Δόάρων
825 1259 902 1316 πολι·
946 1266 1018 1342 αὐτῷ
1031 1263 1076 1322 καλ
1089 1267 1134 1321 τοῦ
1146 1262 1287 1341 προσώπου
1299 1263 1621 1343 προύόοίλλοντοθυρεοθς,
1637 1265 1680 1322 διδ
1693 1264 1723 1325 τδ

125 1345 257 1418 pubertate
273 1345 389 1418 (καταπι
404 1347 438 1400 Ν·
447 1344 468 1419 λ,
481 1347 516 1408 ὡς
537 1344 651 1402 ἐντεῦθεν
665 1344 711 1402 καί
725 1344 759 1401 τὰ
779 1344 902 1419 κτήματα
947 1347 984 1425 μὴ
998 1348 1146 1417 ἐκτοξεῦσαι
1159 1347 1308 1424 Ῥωμαίους
1316 1349 1393 1427 τυχὸν
1407 1349 1475 1408 οὕτω
1489 1349 1521 1420 δή
1534 1351 1624 1430 ἀθρόον
1639 1354 1664 1417 ἀς
1673 1354 1722 1410 αθ·
1749 1365 1750 1370 ’

124 1431 190 1487 w&
211 1429 243 1487 τί)
257 1432 327 1495 ibib<
345 1431 417 1508 αὐτῷ
431 1431 532 1505 μᾶλλον
545 1429 591 1488 καί
605 1432 634 1487 οὗ
650 1429 793 1506 Ῥωμαίοις
814 1430 902 1510 ἁρμό-
946 1435 998 1494 τόν.
1014 1435 1091 1514 Ἀτάρ
1109 1436 1175 1511 οἵγε
1189 1435 1256 1512 ἀμφί
1271 1437 1382 1512 Θεόγνιν
1397 1437 1619 1514 παραγενόμενοι,
1637 1436 1723 1515 βραχύ

125 1521 183 1584 ζειν.
197 1520 294 1576 Ταῦτα
309 1516 418 1596 ἐτάραξε
431 1517 488 1592 μὲν,
503 1516 548 1574 καλ
562 1514 609 1586 τήν
622 1516 738 1575 διάνοιαν
752 1518 840 1583 δεινῶς
853 1516 911 1600 ὑπό
946 1545 971 1580 τε
986 1525 1133 1598 ἀφεστῶτες
1144 1527 1190 1581 τοῶ
1202 1521 1314 1600 χωρίου,
1325 1522 1367 1581 ἵνα
1377 1525 1510 1590 ὁΒαϊανδς
1522 1523 1671 1603 ἐφεζόμενος
1682 1517 1722 1597 ip,

126 1627 152 1661 τι
166 1607 246 1684 δργῆς
272 1604 318 1662 καὶ
341 1604 425 1673 λύπης
444 1603 550 1681 συνέχεε
566 1607 612 1662 τοῦ
627 1603 829 1683 αὐτοκράτορος·
851 1607 903 1670 τοῖς
948 1609 1076 1686 διελέγετο
1098 1611 1146 1686 (δι’
1169 1610 1276 1688 Bell.)
1292 1611 1425 1687 ἑρμηνέων
1441 1610 1547 1671 Οὗννων
1561 1611 1605 1675 τάς
1624 1611 1723 1676 πίστεις

127 1692 204 1750 ιῖιιόσι
218 1691 265 1762 δὲ,
278 1693 394 1762 ῶςίνήν,
403 1689 488 1768 λόγοις
500 1690 546 1748 καί
561 1690 636 1756 αθτδς
650 1691 815 1770 χρησάμενος
828 1690 902 1748 ἀντί·
948 1695 1156 1775 διεσαφηνίζοντο
1178 1696 1238 1775 περί
1266 1697 1393 1754 σπονδῶν.
1422 1698 1476 1756 Καὶ
1503 1701 1517 1756 δ
1539 1696 1586 1771 μίν
1612 1696 1723 1764 Βαϊανδς

127 1778 192 1845 λεξεν
205 1771 299 1836 θεόν·
314 1781 351 1844 ῶς
364 1777 423 1836 οὗτε
436 1778 545 1853 δυνάμει
563 1776 609 1836 καί
622 1776 726 1856 ἀνδρείᾳ
740 1777 826 1856 χειρὸς
843 1776 902 1835 οὔτε
948 1781 1045 1862 ἔφασκε
1060 1783 1111 1840 δεῖν
1126 1781 1241 1840 ὑπείκειν
1262 1785 1286 1840 οἱ
1300 1781 1448 1858 Ῥωμαίους
1459 1783 1579 1862 ἀμαχητὶ
1593 1789 1638 1842 τοῦ
1658 1786 1722 1862 Σιρ·
1751 1777 1757 1786 ’

129 1865 200 1943 σοφίᾳ
210 1866 353 1944 περιῆλθεν
365 1869 436 1941 ἡμᾶς
452 1863 613 1942 striduit,
628 1863 695 1922 ἀλλὰ
707 1864 810 1944 eappa<
820 1863 903 1922 τεκαὶ
950 1867 1027 1945 μίου,
1042 1859 1084 1926 οἶα
1104 1866 1135 1939 δή
1149 1867 1179 1926 τδ
1193 1869 1283 1927 λοιπδν
1297 1871 1427 1945 μηδεμιᾶς
1442 1868 1662 1946 ὑπολελειμμίνης
1676 1893 1724 1946 μη·

130 1952 253 2021 συνθήκας
268 1953 315 2010 καὶ
335 1951 391 2010 θεὸν
415 1952 459 2009 τὸν
482 1952 608 2028 ὁμοθέντα
628 1950 801 2030 καθυόρίσας,
825 1950 904 2008 παντί
947 1959 1029 2034 χανῆς
1041 1957 1066 2021 ἐς
1079 1953 1109 2014 τδ
1121 1953 1158 2030 μή
1175 1955 1274 2013 ἁλῶναι
1286 1955 1315 2013 εδ
1330 1955 1406 2017 ἀστυ.
1420 1957 1490 2035 Πρθς
1501 1960 1538 2036 τῷ
1552 1956 1598 2016 καί
1613 1956 1722 2035 [σπάνει

130 2061 176 2096 που
188 2041 279 2110 δήλυν.
296 2039 383 2098 Πλίον
406 2037 435 2098 δδ
454 2038 525 2115 ὅμως
540 2037 599 2096 οὐδὲ
620 2041 691 2117 αὐτῷ
710 2037 758 2108 τήν
781 2036 903 2096 ἀπιστίαν
947 2064 1030 2119 supp.
1044 2043 1148 2120 Nieb.]
1163 2045 1214 2100 τῶν
1225 2042 1373 2119 ἀναγκαίων
1389 2049 1481 2102 θᾶττον
1492 2043 1722 2114 θποόληθήσεσθαι

131 2115 198 2202 οἶμαι
208 2125 347 2206 παρεξειν·
363 2131 456 2184 θᾶττον
471 2125 522 2204 γάρ
537 2123 568 2183 ἀν
581 2126 653 2204 αὐτῷ
674 2123 737 2200 μίαν
755 2128 807 2182 τῶν
821 2128 903 2201 δυγα-
947 2128 1221 2206 (ἀποκλεισθήσεσθαι
1236 2131 1311 2204 conj.
1332 2131 1455 2206 uelli,
1469 2135 1546 2189 τοῦτο
1560 2129 1608 2206 μίν
1628 2129 1654 2198 ἐξ
1671 2132 1722 2206 ἀμ-

132 2213 207 2292 τίφιον
221 2213 416 2291 κατεγγυήτω,
431 2215 501 2271 δυοῖν
522 2214 705 2292 ὑπαρχουσῶν,
718 2215 735 2281 ἢ
750 2210 779 2269 τδ
793 2212 903 2290 Σίρμιον
948 2217 1005 2296 φοῖν
1016 2216 1070 2274 τοῖν
1086 2219 1174 2296 μεροῖν
1189 2214 1373 2290 κεκωλυμίνης
1383 2218 1450 2294 αὐτῇ
1464 2221 1511 2287 τῆς
1531 2216 1721 2292 σιτοπομπίας,

135 2300 178 2370 τήν
187 2303 263 2360 πόλιν
278 2299 346 2359 lxiv
367 2300 528 2379 παραδώσω.
542 2301 576 2358 Et
590 2298 618 2357 δί
631 2321 661 2380 γε
678 2298 786 2376 δυνοίμει
797 2298 842 2356 καὶ
859 2297 903 2378 βίᾳ
928 2301 1063 2360 ’τοῦτοδὲ
1081 2300 1126 2360 καλ
1139 2305 1185 2372 τῆς
1198 2305 1250 2358 τῶν
1270 2299 1388 2382 Ἀόιίρων
1404 2302 1537 2378 δυνάμεως
1556 2306 1594 2382 τῷ
1615 2300 1724 2382 πολέμῳ

133 2387 222 2458 ταύτην
244 2385 343 2459 ἐξίλοε,
360 2386 406 2446 arnt
424 2385 493 2445 οὕτω
505 2385 551 2444 τδν
563 2384 721 2464 θόρεσμίνον
742 2383 805 2463 παρ’
825 2387 903 2443 αθτοῶ
948 2385 986 2463 μὴ
998 2385 1184 2465 θποχαλῶσης,
1205 2388 1279 2466 ἄχρις
1293 2383 1323 2447 οὗ
1342 2388 1489 2470 ὑποχείριον
1503 2389 1653 2460 ποιήσοιντο
1675 2387 1723 2460 τήν

131 2475 181 2532 θεὸν
198 2475 300 2534 heom
317 2472 455 2550 ἀναμίνων
470 2472 546 2539 αὐτὸς
559 2471 656 2542 ήκιστοί
669 2495 695 2530 τι
708 2471 905 2551 καταπροέσθαι
947 2473 1032 2533 πόλιν.
1056 2473 1243 2552 Προθόοίλλετο
1268 2476 1295 2534 δὲ
1309 2475 1355 2534 ιεαί
1366 2498 1425 2534 τινα
1446 2477 1615 2554 εὐπρόσωπον
1637 2475 1724 2534 αἰτίαν

131 2565 172 2631 τῆς
182 2560 326 2638 Ῥωμαίων
338 2560 470 2625 πολιτείας
483 2557 630 2631 ἐννοηθείην
644 2558 718 2622 ποτέ.
736 2585 749 2610 ν
767 2557 831 2618 Ἐπί
845 2557 905 2616 τοό-
947 2564 992 2619 τοῦ
1009 2558 1116 2638 ἱμείρειν
1129 2559 1254 2618 δεσπόσαι
1265 2567 1309 2620 τοῦ
1325 2562 1438 2635 ἄστεως,
1452 2563 1496 2620 διὰ
1513 2561 1543 2620 τὸ
1563 2561 1601 2639 μή
1614 2561 1726 2637 αὖτομό·

130 2669 177 2712 τυς
188 2646 231 2706 τὸν
246 2645 412 2726 πρεσδευτήν
436 2645 678 2726 ἀποπεμψάμενος,
696 2645 904 2724 παρεσκευάζετο
947 2647 1006 2714 λους
1017 2647 1048 2704 ἐκ
1059 2650 1104 2717 τῆς
1117 2645 1257 2726 Ἀόαριιόής
1278 2657 1414 2724 στρατιᾶς,
1434 2649 1573 2727 ἀγχιθόρου
1588 2648 1666 2720 οὔσης
1679 2651 1726 2719 τῆς

130 2735 157 2790 ἱιι
175 2738 226 2793 τῶν
240 2733 400 2812 ίνόντωντῇ
421 2731 498 2790 πόλει
514 2731 631 2810 ἀμύνειν,
645 2731 771 2812 στρατιάν
791 2730 849 2810 μὲν,
869 2736 905 2799 ὡς
947 2732 1062 2808 πόλεως,
1077 2733 1184 2800 ἑαυτοὺς
1198 2734 1323 2792 ἐνδιδόναι
1334 2733 1486 2811 Ῥωμαίοις.
1503 2735 1611 2796 Τούτων
1626 2739 1650 2794 οἱ
1664 2736 1724 2793 δια-

129 2821 202 2896 ίφδην
217 2819 345 2900 εἰρηκὼς,
358 2819 416 2879 οόδί
435 2819 561 2898 βραχεῖάν
579 2841 638 2876 τινα
652 2818 732 2897 ἔχων,
745 2817 906 2899 στρατηγοὺς
946 2819 1104 2897 λεγομένων,
1116 2823 1221 2879 ἀντεῖπε
1235 2821 1357 2899 Θεόγνις,
1371 2825 1407 2888 ὡς
1418 2826 1520 2900 πρῶτον
1537 2823 1585 2898 μὲν
1602 2823 1661 2882 οὐδὲ
1676 2825 1723 2880 αὐ·

128 2908 153 2964 δί
169 2908 213 2966 καὶ
225 2907 357 2986 ἡγεμόνας
371 2906 417 2966 καί
431 2904 560 2984 λοχαγοὺς
575 2905 702 2978 σιίλλων,
720 2905 778 2974 τοθς
791 2904 839 2982 μίν
862 2905 905 2964 διδ
947 2907 989 2974 τδς
1009 2906 1162 2988 ἐνδόισειτῷ
1177 2903 1285 2986 πολέμῳ
1296 2907 1420 2987 πρότερον
1443 2907 1461 2978 ἢ
1481 2908 1511 2966 τὸ
1526 2907 1663 2986 ’Λόαριιιδν
1683 2909 1724 2966 δν·

128 2999 168 3066 εἷς
181 2995 328 3074 Ἰλλυριῶν,
341 2992 401 3060 τοὺς
412 2993 440 3052 δδ
455 2993 497 3051 διδ
511 2993 681 3070 Δαλματίας,
691 2997 727 3059 όις
740 2992 772 3052 ἀν
786 2992 835 3065 τήν
852 2992 904 3052 πό-
948 2995 1048 3052 δοῒιναι·
1058 2993 1146 3061 ἀλλως
1158 3017 1186 3052 τε
1199 2992 1237 3072 μή
1248 2993 1359 3063 ἐλπίζειν
1368 2993 1412 3052 τὸν
1423 2993 1537 3054 Batavis
1544 2994 1672 3060 τοιούτους
1683 2997 1726 3052 εθ-

129 3083 166 3138 λιν
178 3081 220 3140 διδ
231 3089 348 3162 φρουρᾶς
359 3080 456 3160 ἔχοιεν.
949 3079 1036 3160 ρήσειν
1048 3080 1208 3157 Ῥωμαίους,
1224 3081 1325 3148 ἀποίους
1337 3080 1383 3138 καλ
1393 3081 1523 3159 βούλεται,
1532 3084 1626 3141 Ταῦτα
1641 3083 1724 3139 αὐτῶν

123 3239 216 3298 guilan
226 3237 365 3286 ειαειίσσιιι
382 3237 487 3295 reatem,
503 3234 546 3285 aed
557 3233 707 3284 οειίειίοευω
723 3237 749 3285 et
760 3235 902 3297 pretiocsi-
948 3237 1091 3286 Dalmatiam
1103 3237 1191 3298 mittit,
1209 3239 1237 3288 ut
1254 3237 1354 3298 urbem,
1369 3237 1450 3299 quoad
1468 3237 1519 3286 lieri
1539 3239 1627 3299 posset,
1645 3239 1725 3286 cuato-

125 3327 189 3364 mnm
199 3316 312 3364 σινοίατο
322 3315 441 3364 limorum
452 3325 504 3363 me
515 3313 604 3374 ritem,
617 3315 657 3362 oni
668 3327 745 3376 quum
757 3315 867 3374 timeret,
879 3315 905 3364 et
947 3313 1035 3364 ditent.

124 3392 483 3454 animorepeteret,liomanos
496 3389 586 3439 multas
597 3391 826 3451 geniesinbbloeis
837 3390 905 3440 donis
1312 3387 1357 3438 65.

122 3471 146 3517 d
162 3469 309 3519 eminus
320 3467 353 3516 arl
369 3479 395 3517 se
409 3467 524 3516 acriusne
536 3467 561 3516 et
572 3467 730 3529 pertraxisse,
747 3481 809 3530 quas
818 3465 905 3518 cunm
980 3469 1101 3532 Thespiis
1108 3468 1152 3518 ubi
1160 3468 1185 3519 in
1194 3465 1499 3520 camametcarbouariam
1505 3464 1594 3515 insulas
1601 3465 1724 3527 pervenit,

122 3547 230 3608 banpnre
248 3544 400 3608 ριοοοδαιῑο
418 3543 557 3605 ειιθοςοιίιιι
582 3543 607 3592 et
630 3543 738 3594 funditus
762 3545 904 3605 everterint,
947 3546 1195 3606 aermoneaadse,ut
1210 3546 1300 3596 loedua
1313 3542 1725 3606 tierent,delatoaeaeepit:itaque

119 3621 292 3682 macedonis,
302 3633 382 3681 neque
391 3621 525 3682 promissis,
536 3634 616 3684 neque
627 3621 677 3670 ula
686 3620 733 3670 alla
743 3634 769 3670 re
776 3620 906 3671 lllnmmo·
948 3625 1052 3673 Baianus
1067 3622 1180 3684 advenit,
1199 3625 1224 3672 et
1238 3622 1343 3686 deeque
1354 3619 1515 3681 descendens,
1532 3619 1559 3668 in
1576 3618 1634 3668 sella
1651 3631 1725 3669 aurea

118 3699 168 3748 aeri
177 3711 266 3760 poue,
276 3699 306 3746 ut
321 3696 419 3746 ductu
428 3697 459 3746 ab
469 3697 578 3760 luoepto,
594 3709 673 3760 neque
681 3697 820 3758 quieturum
828 3697 905 3748 donec
948 3700 1070 3760 consedit,
1079 3713 1135 3762 quae
1145 3699 1256 3762 stragulis
1263 3699 1363 3762 gemmis
1372 3698 1463 3747 ornatis
1476 3697 1501 3745 iu
1515 3697 1615 3744 sormam
1628 3695 1725 3744 tentorii

118 3780 207 3826 urbm
214 3776 318 3839 ceperit,
326 3777 351 3824 et
361 3787 459 3825 omnem
468 3776 612 3826 Sirmianam
619 3776 722 3824 insulam
730 3777 850 3838 propriam
859 3776 904 3826 sibi
949 3779 1088 3838 comparata
1099 3779 1159 3826 erat
1172 3779 1235 3826 Ante
1244 3778 1328 3838 pectam
1339 3774 1402 3824 illim
1411 3775 1437 3822 et
1446 3772 1539 3822 vultum
1554 3771 1727 3834 propugnaculi

118 3858 215 3906 tenerit.
226 3859 311 3916 sque
324 3853 380 3915 inre
392 3853 417 3903 in
432 3855 523 3912 meere,
539 3854 597 3918 quia
611 3855 756 3915 (lepidorum
773 3855 839 3916 priua
854 3855 907 3904 lamo
949 3854 1022 3902 modo
1037 3855 1088 3903 erat
1099 3853 1221 3913 obiectum
1233 3854 1345 3914 mutum,
1358 3863 1414 3900 nea
1425 3848 1612 3900 llomanislorte
1631 3847 1654 3896 iu
1668 3860 1725 3896 erm

116 3934 200 3982 inis
210 3931 468 3992 inerit,qnornrnrea
481 3934 506 3982 et
517 3932 589 3980 urbes
600 3931 787 3991 Juniuaarares
797 3931 842 3980 sibi
857 3931 907 3981 rin·
949 3932 997 3982 tela
1013 3931 1176 3991 jaculantibus
1193 3931 1353 3993 appeteretur.
1372 3929 1467 3978 Etenim
1485 3929 1527 3988 qul
1545 3939 1602 3974 cum
1620 3925 1726 3988 'theognii

116 4006 565 4070 dimeponntouieoedovieerint
573 4008 762 4069 quamliouaaui.
772 4027 784 4052 ν
795 4009 854 4058 llaec
862 4007 905 4056 im·
949 4013 1028 4068 mant,
1039 4021 1089 4059 uon
1101 4010 1172 4072 longo
1188 4009 1314 4059 intervallo
1330 4007 1452 4057 diambant
1467 4019 1482 4067 a
1498 4006 1551 4055 loeo
1569 4003 1610 4054 ubi
1623 4005 1727 4053 Baianus

117 4089 261 4146 ρατισιειιι
271 4082 343 4132 vuele
349 4083 533 4145 perturbarunt,
544 4087 570 4134 et
582 4085 686 4147 gmaiter
695 4083 747 4145 eiua
756 4086 862 4134 mentem
871 4085 906 4133 ira
949 4085 1048 4136 sedebrc
1060 4107 1066 4136 ι
1080 4087 1163 4148 itaque
1174 4086 1256 4136 llunni
1266 4085 1407 4146 interpretes
1417 4082 1481 4131 clara
1493 4093 1553 4130 voce
1563 4079 1634 4129 iidem
1644 4081 1726 4130 datam

118 4162 241 4212 adolere
253 4160 518 4224 perwlernnt,tamen
529 4161 614 4211 idonea
624 4163 649 4212 et
660 4161 723 4224 lpse,
736 4164 853 4224 qaanntum
863 4175 906 4225 po·
949 4163 979 4212 de
996 4163 1097 4213 indumia
1117 4163 1311 4224 pronuntiarunt.
1329 4165 1390 4212 Tum
1405 4159 1507 4210 Buenus
1520 4157 1596 4218 «lixit,
1613 4158 1725 4218 oportere

121 4241 184 4302 tuit,
196 4240 379 4290 ontionem
390 4239 424 4288 ita
435 4240 558 4302 respondit
575 4255 581 4288 ε
599 4259 611 4282 ι
626 4241 708 4302 Neque
724 4241 814 4302 copiis,
829 4253 907 4302 neque
950 4240 1178 4291 llomanosilllsine
1195 4239 1399 4302 pugnasirnaium
1417 4237 1517 4298 cedere,
1534 4235 1591 4298 quia
1607 4235 1666 4284 nillil
1681 4235 1728 4284 illis

122 4317 266 4366 rerumne
274 4328 376 4377 muris,
385 4327 465 4378 neque
478 4317 604 4378 prudentia
616 4329 660 4366 nos
668 4318 795 4377 cingnum
805 4317 907 4366 circum·
949 4319 1000 4379 opis
1006 4317 1056 4378 iam
1066 4316 1150 4379 reliqui
1161 4317 1235 4376 esset,
1244 4317 1373 4379 quominus
1379 4313 1492 4377 oppidum
1502 4315 1635 4374 caperetur.
1650 4315 1725 4373 Nam,
1742 4353 1744 4360 r

123 4395 202 4456 venit,
210 4395 255 4445 sed
263 4407 322 4444 euin
331 4407 415 4456 paoem
428 4397 454 4444 et
466 4396 538 4444 deum
545 4430 553 4457 ‚
570 4407 613 4457 per
626 4409 699 4458 quern
713 4395 820 4456 iuravit,
837 4395 906 4444 delu·
950 4398 1109 4458 preterquam
1120 4395 1184 4456 quod
1194 4394 1279 4445 urbem
1290 4407 1327 4444 res
1337 4393 1476 4443 necessarie
1489 4389 1634 4450 delicerent,
1650 4389 1727 4452 impe·

122 4471 193 4532 aba,
204 4471 321 4521 omnibns
333 4471 486 4520 miniterium
504 4473 549 4522 est
562 4473 721 4522 Nihilominus
735 4471 769 4522 illi
782 4472 906 4534 matidiam
950 4472 1041 4523 uum
1057 4475 1160 4535 utraque
1169 4475 1237 4534 parte
1247 4470 1362 4521 immenti
1375 4469 1523 4526 invectione,
1535 4467 1608 4516 etiam
1620 4471 1726 4517 Avarum

125 4547 516 4612 pamprointuramemespero.
527 4549 574 4600 sed
586 4551 665 4612 potius
674 4561 748 4598 υιειιιε
759 4562 788 4598 ea
799 4549 906 4608 illelmo,
951 4549 1131 4600 multitudinem
1143 4548 1217 4598 nubis
1228 4547 1350 4597 laboribus
1358 4545 1515 4606 delatimum
1531 4540 1727 4602 immemorum

125 4625 253 4684 (ςαειάιιει
260 4624 349 4686 nmen,
356 4624 391 4674 iili
397 4625 662 4688 desponderent,quam
669 4625 784 4676 Sirmium
791 4626 905 4688 oppidum
951 4628 1035 4679 urbam
1047 4640 1098 4678 suas
1113 4625 1227 4690 potestati
1240 4625 1376 4686 subjicient.
1390 4621 1519 4684 Pmposuit
1531 4619 1603 4668 etiam
1620 4619 1727 4680 aliquam

124 4700 705 4766 edmunderermtluodsiaiexpcguarit,ego
719 4703 906 4754 deumnltorem
950 4704 1103 4754 rmiumbem
1127 4715 1241 4764 musam,
1266 4714 1310 4752 cur
1332 4699 1479 4750 desideraret
1500 4696 1567 4746 urbis
1592 4694 1727 4744 dominium

126 4783 282 4839 ειφοσιαιε,
304 4777 377 4838 euius
391 4791 482 4828 namn
496 4779 610 4839 violarit,
623 4780 723 4842 imperio
741 4783 849 4831 Romano
866 4795 907 4832 me
950 4781 1063 4844 adipisci,
1084 4792 1116 4830 ne
1133 4780 1264 4842 translegas
1281 4791 1313 4828 er
1332 4775 1434 4827 Avarico
1454 4773 1574 4834 exercitu,
1593 4771 1650 4833 quia
1668 4771 1728 4822 urbs

129 4853 449 4904 mdetninecxbtimabo.
465 4875 477 4900 ν
493 4859 557 4906 Tum
573 4855 671 4906 dimisso
681 4857 772 4918 legato,
785 4858 838 4907 urbi
848 4871 906 4920 sup·
950 4863 1012 4912 mi
1029 4861 1077 4911 iliis
1096 4859 1258 4918 contermina,
1274 4858 1305 4907 ad
1323 4859 1444 4908 Romanos
1462 4854 1584 4915 receptum
1601 4850 1725 4900 baberent.

129 4931 202 4987 W!
215 4931 291 4988 tarn,
308 4931 390 4992 quoad
398 4933 492 4994 potuit,
509 4934 611 4994 pararit.
629 4934 738 4995 Etenim,
757 4936 784 4982 ut
799 4935 907 4996 sopenm
951 4942 1032 4996 Quum
1040 4936 1131 4986 lnanenrl
1139 4936 1205 4985 bunc
1214 4934 1312 4985 modum
1321 4932 1396 4984 locuti
1405 4930 1499 4990 essent,
1509 4928 1593 4978 contu
1605 4926 1727 4988 respondit

128 5003 191 5065 (fiai,
201 5007 282 5056 naim
290 5007 395 5058 babebat
405 5008 486 5070 copias
496 5027 503 5058 ι
514 5010 596 5071 itaque
605 5011 756 5059 exercituum
767 5011 905 5073 praefectos,
950 5015 1082 5077 Theognis,
1091 5027 1117 5064 se
1126 5025 1175 5064 uon
1186 5013 1253 5075 prius
1261 5023 1275 5060 e
1284 5010 1347 5061 bello
1356 5019 1505 5059 recessurum
1514 5041 1521 5065 ,
1530 5017 1603 5066 qaram
1613 5004 1728 5053 Araricus

131 5080 234 5136 deeset
250 5089 388 5137 urmamm
400 5086 526 5149 ἀυυιοιεε,
542 5089 587 5139 boa
600 5102 642 5152 pes
658 5089 781 5151 illyrium,
792 5091 851 5142 alios
864 5105 906 5153 per
951 5093 1069 5142 exercitus
1081 5090 1191 5149 nouerit,
1204 5101 1282 5150 nerpne
1294 5087 1340 5136 alia
1356 5079 1491 5136 conditione
1502 5081 1617 5132 Βοὶεειυιιι
1631 5093 1727 5144 sperare
