3908 5732
222 387 276 436 584
756 447 761 460 ρ
840 366 997 430 ἀθλίίίίίδ
1019 366 1251 428 ANTIOCHENI

220 503 305 582 τερνός
317 506 407 572 τις,έιι
422 503 472 560 τῶν
488 504 654 582 στρατιωτῶν
665 498 857 581 φυγδς,πολλδ
869 497 914 558 καί
925 496 996 557 δετνίι
1079 517 1102 556 ι.
1119 495 1264 578 Ἐμφυλίου
1283 519 1312 555 τι
1333 495 1449 572 πολέμου
1467 497 1621 569 τηλικούτου
1635 497 1681 569 τήν
1705 499 1815 574 Ῥῶμην

221 591 348 670 διαφόρως
371 587 519 663 τολμήσας,
534 587 626 654 πείσας
642 587 670 646 τί
682 609 753 652 τινας
776 585 828 644 ἀπὸ
839 589 890 644 τῶν
912 587 996 644 αὐτῶν
1039 585 1204 662 κατέχοντος,
1220 583 1298 650 άλλος
1311 581 1357 661 μίν
1371 583 1451 650 οὐδεὶς
1470 586 1589 662 ἀγγεῖλαι
1602 589 1640 666 τῷ
1656 587 1766 667 Κομόδιρ
1779 588 1817 646 τά

220 675 312 754 ἔργων,
327 683 402 754 χεῖρα
412 673 511 744 πολλήν
523 674 672 752 κακούργων
687 671 856 752 συναθροίζει·
875 673 919 732 καί
929 671 996 751 πρά·
1040 670 1207 750 πραττόμενα
1234 669 1369 743 ἐόσύλετο,
1388 669 1439 729 δίει
1453 675 1499 742 τῆς
1524 672 1674 752 Κλεάνδρου
1688 673 1816 742 ἐξουσίας·

219 785 291 841 τερον
309 763 355 838 μίν
373 761 418 828 τάς
429 761 538 832 πλησίον
548 762 687 839 έλήστευσε
701 761 797 828 πόλεις·
810 751 867 820 εἶτα
880 761 925 818 καλ
935 759 995 836 μεί-
1041 757 1272 838 ήδέπρεαόυτάτη
1284 761 1335 816 τῶν
1352 760 1470 838 ἀδελφῶν
1485 763 1530 818 τοῦ
1544 759 1670 838 βασιλέως
1677 762 1817 838 λυσαμένη

220 853 280 918 ζονα
291 849 437 925 τολμήσας,
449 849 484 914 εἰς
497 847 544 917 τήν
555 847 670 909 Ἰταλίαν
678 849 774 906 εἰσέδυ·
785 846 830 906 καί
838 847 996 926 ἐπιτηρήσας
1041 846 1086 914 τάς
1094 847 1200 924 τρίχας,
1223 845 1267 904 καὶ
1283 845 1379 924 ῥίψασα
1395 844 1490 917 ἐαυτήν
1508 847 1551 905 ἐπὶ
1571 851 1618 920 τῆς
1634 852 1695 926 γῆς,
1707 847 1818 908 ἅπαντα

222 938 335 1016 ἡμέραν,
352 928 405 1016 ἐνή
419 940 433 994 θ
446 934 566 1013 βασιλεὺς
577 935 709 1010 πανδημεί
719 935 809 1014 ίορτδις
820 935 942 1006 ἐπιτελεῖ,
951 933 996 992 καλ
1041 933 1173 1012 διηγόρευε
1190 931 1223 991 τίς
1241 935 1278 1011 τῷ
1292 932 1434 1014 Κλεάνδρῳ
1443 932 1638 1014 πεπραγμένα,
1656 938 1700 995 καλ
1711 935 1751 995 ὅτι
1769 942 1820 1008 τῆς

219 1025 314 1092 πάντες
327 1025 360 1082 τά
372 1026 471 1082 ἑαυτῶν
484 1023 612 1102 σχήματα
627 1023 779 1093 διήλλασσον
794 1027 828 1090 ὡς
845 1022 996 1097 ἐόούλοντο,
1043 1020 1176 1100 βασιλείας
1190 1019 1376 1095 ἐκύάλλονται,
1388 1021 1411 1078 εἰ
1423 1019 1461 1096 με]
1474 1018 1521 1092 τήν
1543 1022 1673 1101 ταχίστην
1686 1023 1750 1102 πρδς
1764 1025 1818 1084 θά-

220 1112 309 1193 καιρθν
322 1111 466 1182 ι’πιτήδειον
475 1109 696 1183 νομίσας,λαάοἰν
709 1133 736 1168 τε
749 1109 890 1190 δορυφόρου
903 1114 996 1188 σχῆμα
1040 1130 1116 1166 νατον
1127 1107 1254 1178 ἐκδοθείη.
1269 1110 1294 1166 Τ
1295 1105 1337 1165 ότι
1351 1105 1396 1165 καί
1419 1109 1470 1165 τῶν
1481 1107 1619 1187 παρόντων
1630 1113 1697 1178 τινές
1717 1113 1820 1192 θαρρή-

219 1199 367 1271 ἐπεπήδησε
381 1197 574 1276 διαχρήσασθαι
596 1201 634 1276 τῷ
658 1195 782 1274 Κομόδερ.
802 1196 872 1257 Ἀλλ’
886 1187 921 1261 είς
944 1199 996 1254 τῶν
1041 1215 1133 1260 σαντες
1146 1217 1199 1262 τοις
1212 1217 1258 1264 της
1276 1195 1543 1274 άοελφηςλογοιςτδν
1557 1196 1677 1272 Κόμοδον
1692 1199 1820 1280 {Euripu-

220 1287 266 1345 σθν
278 1289 349 1364 αὐτῷ
358 1285 508 1363 κακούργων
516 1282 681 1362 παροξυνθείς
695 1281 745 1342 θπθ
756 1283 859 1364 φθόνου,
871 1283 997 1360 προδιαγ-
1042 1280 1096 1350 ξαν.
1110 1280 1268 1358 Ἐκπλαγείς
1278 1279 1306 1338 δέ
1317 1282 1412 1348 ἐκεῖνος
1427 1279 1470 1340 τάν
1485 1303 1513 1339 τε
1527 1283 1689 1358 ἐπικείμενον
1699 1286 1820 1345 κίνδυνον

219 1375 305 1448 γέλλει
317 1377 425 1438 τοῖςτοῶ
444 1371 573 1450 βασιλέως
585 1371 699 1432 οἰκείοις·
713 1371 758 1428 καλ
773 1368 997 1435 συλλαόόντεςτδν
1042 1367 1212 1441 καταλαόὼν,
1237 1367 1286 1439 τήν
1306 1366 1422 1448 κεφαλήν
1444 1371 1628 1444 ἀποτμηθῆναι
1651 1373 1751 1432 κελεύει
1771 1380 1820 1434 τοῦ

222 1460 369 1538 Μάτερνον,
388 1457 517 1534 ἀπέτεμον
543 1461 621 1516 αὐτοῦ
641 1459 685 1517 τὸν
702 1457 812 1536 αὐχένα.
830 1456 947 1532 Κόμοδος
969 1456 997 1516 δί
1042 1455 1254 1545 Κλεάνδρου,χαί
1264 1453 1307 1514 ἐπὶ
1320 1455 1425 1534 δόρατος
1435 1462 1536 1535 μακροῦ
1547 1457 1818 1540 ἐκπάμπειτῷδήμερ.

218 1555 271 1614 τοῖς
281 1550 373 1606 ἑαυτοῦ
385 1551 450 1610 θεοῖς
461 1545 625 1622 ὁμολογήσας
637 1545 818 1625 χαριστηρίους
829 1544 913 1616 τινάς,
930 1543 996 1624 θπίρ
1041 1541 1075 1603 ‘0
1087 1539 1114 1600 δέ
1137 1545 1303 1622 παραχρῆμα
1315 1545 1361 1613 τῆς
1375 1542 1470 1618 μανίας
1481 1543 1631 1622 ἐπαύσατο,
1648 1548 1820 1626 προσανελάνν

219 1657 247 1691 τε
260 1639 305 1704 τῆς
316 1632 445 1711 σωτηρίας
457 1631 502 1690 καί
514 1635 559 1702 τῆς
578 1631 710 1709 βασιλείας
724 1629 919 1712 ἐπανηγύριζεν.
1041 1629 1129 1706 μέντοι
1140 1630 1185 1688 καί
1193 1627 1250 1695 τοθς
1261 1627 1331 1696 υίοθς
1344 1634 1388 1688 τοῦ
1402 1629 1560 1709 Κλεάνδρου.
1569 1631 1623 1690 Καλ
1634 1632 1702 1708 θμὲν
1717 1637 1821 1692 Κλέαν-

261 1742 285 1782 ι.
307 1720 341 1780 Ὁ
356 1720 383 1778 δέ
409 1719 526 1795 Κόμοδος
541 1715 658 1798 ἀκφυγίυν
679 1717 727 1789 τήν
741 1720 876 1797 Ματέρνου
890 1718 996 1778 ἐπιόου·
1041 1719 1099 1797 δρος
1113 1715 1181 1775 οὕτω
1195 1739 1225 1774 τε
1238 1715 1347 1788 ήνθησεν
1363 1719 1389 1774 ἐν
1401 1716 1492 1797 ὀλίγῳ,
1505 1717 1550 1775 καί
1563 1717 1631 1777 οὕτω
1642 1721 1816 1800 διεμαράνθη.

221 1807 282 1882 λῆν,
292 1807 389 1866 πλείονί
403 1829 431 1864 τε
442 1814 540 1886 φρουρᾷ
549 1805 690 1883 ἐχρήσατο,
702 1804 746 1863 καλ
762 1804 936 1872 σπανίωςτοῖς
950 1805 995 1878 δή·
1079 1824 1101 1862 α.
1125 1802 1160 1862 ‘0
1181 1801 1208 1861 δί
1228 1801 1346 1878 Κόμοδος
1366 1803 1487 1862 εἰσελθὼν
1503 1807 1530 1862 ἐν
1550 1807 1587 1886 τῷ
1612 1805 1686 1866 άστει
1701 1813 1818 1886 μεγαλα.

221 1917 280 1968 μοις
294 1894 424 1973 ἐφαίνετο,
441 1893 598 1950 τὰπλεῖστα
618 1893 644 1950 ἀν
666 1891 829 1970 προαστείοις
846 1893 994 1972 διατρίόων.
1041 1890 1139 1970 φρόνως
1163 1889 1306 1969 ὑπεδέχθη·
1329 1890 1458 1969 πειραθείς
1480 1888 1507 1948 δὲ
1527 1891 1656 1951 τοσούτων
1682 1896 1819 1971 κινδύνων,

220 1980 323 2052 Συνέόη
331 1981 382 2058 γάρ
397 1979 455 2038 κατ’
471 1980 566 2038 ἐκεῖνον
577 1978 619 2038 τδν
634 1978 725 2058 χρόνον
739 1979 784 2038 καί
793 1978 910 2053 λοιμώδη
922 1979 996 2038 νόσον
1041 1978 1155 2044 ἀπίστως
1168 1977 1340 2059 προσεφέρετο
1363 1987 1442 2037 πᾶσιν
1460 1981 1570 2058 ἀφειδῶς
1594 2004 1623 2039 τε
1642 1982 1757 2062 φονεύων
1770 1989 1820 2046 κα]

219 2069 364 2146 κατασχεῖν
387 2067 434 2136 τήν
456 2065 581 2138 Ἰταλίαν,
613 2065 658 2124 καί
689 2065 798 2133 πολλοὺς
827 2066 993 2147 διαφθείρειν.
1040 2066 1137 2132 πάσαις
1153 2065 1287 2133 διαθολαῖς
1299 2064 1439 2138 πιστεύων,
1452 2066 1587 2145 σχολάζων
1600 2091 1629 2126 τε
1648 2072 1818 2144 ἀλλεπαλλή-

220 2153 334 2232 Ἐπέσχε
350 2151 377 2210 δέ
390 2152 435 2210 καί
455 2152 530 2227 λιμὸς
553 2154 613 2210 κατ’
628 2152 691 2210 αὐτὸ
714 2151 772 2218 τοίις
797 2153 945 2232 ἀνθρώπους
967 2156 996 2214 ἐκ
1040 2153 1152 2218 λοιςκαλ
1172 2151 1326 2220 ἀκολάστοις
1334 2153 1512 2231 τοῦσώματος
1529 2155 1647 2232 ἡδοναῖς,
1660 2158 1774 2238 ἡνιόχοις
1787 2186 1819 2220 τε

220 2241 342 2312 τοιαύτης
363 2241 456 2306 αἰτίας.
469 2239 615 2318 Κλέανδρός
627 2262 682 2316 τις,
702 2241 739 2319 τῷ
758 2238 805 2315 μέν
820 2239 886 2317 γένει
903 2241 995 2320 Φρὺξ,
1041 2240 1085 2298 καί
1104 2240 1256 2318 ὑποκριταῖς
1273 2241 1319 2300 καί
1332 2239 1427 2320 θηρίων
1445 2250 1571 2322 σφαγαῖς·
1584 2243 1635 2302 ὑπὸ
1653 2244 1682 2303 δέ
1694 2270 1762 2314 τινος
1771 2250 1819 2308 τύ·

220 2326 384 2398 συναυξηθείς
395 2350 423 2386 τε
437 2329 475 2408 τῷ
486 2326 614 2406 Κομόδῳ,
630 2329 665 2393 εἰς
677 2331 797 2384 τοσοῦτον
807 2330 850 2386 ὑπ’
864 2329 943 2386 αὐτοῦ
957 2351 995 2386 τι·
1041 2351 1091 2406 χης
1110 2327 1293 2404 ἐλαυνόμενος,
1314 2329 1349 2394 εἰς
1363 2333 1484 2387 τοσοῦτον
1507 2329 1601 2406 μανίας
1617 2331 1664 2390 καί
1680 2335 1822 2415 παροινίας

220 2418 270 2490 μῆς
284 2416 423 2494 προῆλθεν,
441 2416 475 2480 ὡς
488 2414 534 2471 καί
547 2413 594 2483 τήν
612 2419 657 2470 τοῦ
674 2412 795 2488 σώματος
812 2414 924 2494 φρουράν
951 2416 996 2475 καὶ
1043 2413 1240 2494 προύχώρησεν,
1253 2418 1289 2482 ὣς
1305 2413 1352 2485 τήν
1368 2415 1435 2474 ἰδίαν
1453 2417 1630 2498 προσηγορίαν
1646 2421 1820 2501 παραιτήσα-

219 2499 267 2570 τήν
281 2505 326 2560 τοῦ
339 2499 458 2576 θαλάμου
470 2501 514 2558 καί
527 2501 579 2558 τῶν
593 2503 759 2577 στρατιωτῶν
773 2501 895 2579 πρόνοιαν
912 2505 996 2580 ἐγχει-
1041 2507 1111 2560 σθαι.
1127 2501 1225 2572 Ζήτει
1236 2504 1269 2561 ἐν
1282 2505 1327 2582 τῷ
1338 2501 1420 2583 Περὶ
1437 2503 1553 2571 κακίας
1564 2505 1622 2564 καλ
1634 2508 1764 2587 ἀρετῆς.

221 2591 355 2665 ρισθῆναι·
376 2586 426 2645 θπδ
449 2586 476 2645 δέ
491 2585 603 2644 πλούτου
622 2586 668 2644 καί
680 2591 777 2666 τρυφῆς
791 2588 930 2660 ἀνεπείσθη
951 2591 996 2650 καλ

219 2675 282 2752 πρὸς
294 2673 427 2752 βασιλείας
438 2673 575 2750 ἐπιθυμίαν
587 2675 723 2752 προῆλθεν·
734 2675 876 2751 ὠνούμενος
888 2675 916 2735 δέ
927 2677 997 2734 πλεῖ-

219 2783 280 2820 στον
291 2769 372 2833 σῖτον,
393 2760 537 2832 ἀπέκλειεν,
552 2759 663 2828 ἐλπίζων
684 2758 728 2819 τόν
748 2783 776 2818 τε
794 2763 877 2836 δῆμον
901 2761 947 2820 καί
966 2761 995 2820 τδ
1082 2760 1148 2817 Exc.
1162 2759 1204 2814 De
1217 2759 1281 2813 virt.
1302 2777 1333 2833 p.
1350 2757 1406 2814 8ου
1427 2755 1513 2816 τὈτι
1527 2761 1541 2815 θ
1556 2759 1674 2834 Κόμοδος
1687 2759 1738 2819 ὑπό
1749 2786 1820 2832 τινος

219 2847 392 2927 στρατόπεδον
417 2849 444 2904 ἐν
467 2847 561 2904 σπάνει
575 2845 760 2920 καταστήσας,
782 2848 911 2907 ἐπεδόσεσι
926 2851 995 2926 λαμ·
1041 2843 1122 2923 τύχης
1139 2843 1307 2920 ίλαονίμοοος
1320 2846 1346 2909 ές
1360 2849 1481 2906 τοσοῦτον
1505 2846 1599 2923 μανίας
1617 2848 1662 2906 καί
1679 2851 1818 2930 παροινίας

218 2944 296 3014 σιροῖς
308 2935 416 3000 ἁλόντας
425 2933 615 3011 ὑπαγαγέσθαι·
630 2935 674 2993 καλ
681 2935 824 3012 γυμνάσιον
838 2937 882 2996 καὶ
890 2938 995 3017 λουτρὸν
1041 2931 1237 3012 προύχώρησεν,
1259 2930 1354 3002 ίυςτθν
1375 2931 1443 2992 ἰδίαν
1452 2934 1627 3014 προσηγορίαν
1646 2939 1817 3015 παραιτήσα-

219 3022 339 3100 μίγιστον
351 3021 560 3091 κατασκευάσας,
567 3021 671 3088 τούτους
683 3021 825 3091 ἐδελέαζεν.
837 3024 909 3083 Οίδί
923 3024 996 3086 Ῥω·
1042 3027 1115 3092 σθαι,
1126 3017 1263 3098 Ἡρακλέα
1275 3041 1303 3076 τε
1320 3018 1365 3076 καί
1376 3019 1436 3086 Διὸς
1450 3021 1504 3078 οίθι
1519 3025 1704 3098 ὀνομάζεσθαι,
1719 3025 1778 3092 τούς
1788 3051 1820 3086 τε

221 3118 294 3186 μαῖαι
307 3112 426 3188 ἀπεχθῶς
438 3107 539 3186 ἔχοντες
552 3108 616 3187 πρὸς
629 3109 717 3183 αὐτὸν,
730 3111 837 3169 καὶτῶν
852 3113 941 3170 δεινῶν
950 3110 996 3180 τδς
1042 3111 1126 3184 μῆιας
1148 3109 1192 3186 ἆρ’
1206 3109 1298 3164 ίαοτοῧ
1312 3106 1396 3186 ρίροῑο
1410 3107 1457 3174 είς
1475 3110 1649 3189 προσηγορίας
1662 3111 1820 3190 προσέταξεν

210 3199 304 3264 1οιίτίας
319 3200 354 3264 εἰς
371 3200 467 3256 ἐκεῖνον
480 3197 663 3277 ἀναφέροντες,
673 3197 707 3257 τά
723 3199 770 3274 μίν
788 3204 880 3280 πρῶτα
894 3203 920 3260 ἐν
941 3205 996 3268 τοῖς
1041 3193 1135 3262 οὕτως·
1147 3193 1312 3271 ’θροίίοοοςν
1329 3193 1461 3272 Κόμοδος,
1476 3195 1641 3273 Αὔγουστος,
1655 3197 1820 3278 Ἡράκλειος,

219 3285 334 3364 θεάτροις
354 3289 440 3350 κακῶς
454 3285 586 3363 ἠγόρευον,
600 3283 630 3343 τδ
646 3285 674 3343 δέ
687 3288 833 3346 τελευταῖον
851 3289 896 3345 καί
916 3291 943 3346 ἰν
958 3293 995 3367 τῷ
1041 3281 1186 3358 Ῥωμαῖος,
1207 3279 1383 3361 Ὑπεραίριιν,
1403 3281 1546 3356 Ἀνίκητος,
1572 3285 1708 3363 Εὖσεύλς,
1732 3291 1820 3348 Εὔτυ-

218 3372 367 3451 προαστείιρ
392 3376 437 3432 τοῶ
458 3373 578 3446 Κομόδου
598 3373 730 3446 πανδημεί
749 3373 896 3442 ἐπελθόντες
916 3397 995 3434 κατι·
1040 3369 1105 3448 χθς,
1120 3367 1244 3440 Λούκιος,
1258 3367 1509 3450 ἀίδιοςνθῦρήλιος.
1525 3371 1732 3449 ’ἀποδυσάμενός
1745 3377 1815 3436 τετὸ

219 3459 296 3531 όόων,
310 3460 355 3518 καί
368 3459 411 3516 τὸν
429 3457 577 3536 Κλέανδρον
596 3459 660 3539 πρὸς
675 3461 785 3519 θάνατον
796 3459 884 3540 ᾔτουν.
901 3463 995 3540 Ταρα-
1042 3455 1182 3531 Ῥωμαίων
1195 3460 1302 3534 σχῆμα,
1312 3457 1418 3527 λεοντῆν
1433 3458 1626 3537 ὑπεστρῶννυτο
1639 3461 1686 3518 καί
1701 3461 1816 3542 ῥόπαλον

217 3553 266 3626 χῆς
279 3549 306 3606 δέ
332 3545 423 3619 οὔσης,
446 3548 484 3623 τῷ
503 3545 550 3622 μέν
565 3545 678 3626 Κομόδιρ
696 3547 810 3606 ἐκώλυσε
830 3553 992 3626 γνωσθῆναι,
1041 3543 1191 3624 ἐπεφέρετο·
1209 3542 1276 3601 οὕτω
1300 3567 1327 3602 τε
1357 3545 1453 3624 θηρίοις
1470 3547 1515 3604 κοιλ
1536 3546 1679 3625 ἀνθρώποις
1700 3552 1816 3632 δημοσία

218 3635 294 3702 αὐτὸς
314 3634 341 3694 δὲ
366 3633 525 3712 στρατιώτας
542 3634 660 3712 ἐπαφῆκε
677 3634 825 3715 τῷδήμῳ,
849 3635 894 3694 καί
916 3633 995 3714 μέχρι
1041 3631 1215 3709 ἐμονομάχει,
1229 3630 1359 3709 εὐστόχως
1373 3655 1401 3689 τε
1420 3632 1536 3691 κατὰτὸ
1556 3635 1648 3706 άληθές
1661 3637 1815 3713 ἀκοντίζων,

216 3725 262 3792 τῆς
280 3721 379 3786 πολεως
392 3721 545 3794 διωκόμενον
561 3717 677 3778 ἔκοπτεν·
690 3719 759 3786 όιςδέ
771 3723 797 3778 ἐν
807 3724 839 3798 τῇ
852 3721 928 3780 πόλει
940 3726 996 3780 τίσ-
1042 3719 1085 3778 καί
1100 3719 1172 3798 παρὰ
1185 3719 1300 3791 πάντων,
1315 3723 1350 3787 ὡς
1364 3723 1455 3791 εἰπεῖν,
1472 3721 1677 3798 θαυμαζόμενος.
1694 3724 1819 3786 Ἐπειδάν

217 3812 304 3881 ῆλθεν,
318 3811 341 3868 οί
357 3811 384 3866 ἐν
399 3809 465 3885 αὐτῇ
479 3805 623 3878 μείναντες,
636 3807 781 3882 αἰσθόμενοι
796 3807 826 3866 τθ
840 3808 996 3886 κατειληφός
1042 3807 1069 3866 δέ
1092 3809 1127 3874 εἰς
1150 3806 1251 3877 πολλὴν
1275 3807 1425 3886 μιαιφονίαν
1451 3809 1565 3888 ἐτράπη,
1590 3808 1688 3878 πάντας
1707 3815 1819 3892 ἀφειδῶς

217 3895 310 3967 πάθος,
329 3895 530 3961 ἀποκλείσαντες
548 3895 594 3960 τάς
608 3894 736 3965 είσόδους,
756 3897 785 3953 ἐκ
801 3899 853 3954 τῶν
868 3896 996 3970 δωμάτων
1041 3893 1100 3961 τοθς
1118 3894 1221 3960 ἀθλίους
1233 3893 1278 3952 καί
1289 3894 1487 3972 λελωόημένους
1508 3895 1603 3978 ἀνδρας
1616 3900 1652 3966 εἰς
1665 3899 1695 3956 τὸ
1709 3899 1817 3981 θέατρον

217 3985 294 4048 λίθοις
305 3983 350 4042 καὶ
360 3981 481 4064 κεράμοις
493 3982 603 4041 ἐόαλλον
613 3982 671 4048 τοὺς
680 3982 787 4050 ἱππέας.
795 3985 830 4044 Οί
842 3983 868 4041 δέ
879 3983 996 4064 ἔπασχον
1043 3981 1209 4061 συναγαγὼν,
1222 3985 1403 4062 δρακοντοειδῆ
1413 3985 1441 4042 τέ
1453 4007 1510 4042 τινα
1522 3985 1634 4062 περιθείς
1646 3989 1676 4044 ἐκ
1695 3991 1748 4046 τῶν
1769 4013 1819 4068 γοα

218 4069 284 4148 άπερ
299 4069 466 4148 ἐδράκεισαν·
481 4069 682 4151 τιτρωσκόμενοι
701 4069 843 4129 τοίνυνκαὶ
856 4069 893 4147 μή
906 4071 996 4151 φέρον·
1040 4070 1124 4128 νάτων
1137 4069 1338 4150 θφάσματα,ῶς
1354 4070 1477 4149 γίγαντας
1495 4075 1532 4150 τῷ
1548 4073 1654 4152 ραπάλερ
1676 4074 1817 4154 κατειργά-

216 4177 257 4222 τες
271 4159 307 4223 εἰς
318 4157 400 4235 φυγήν
415 4158 575 4238 ἐτράπησαν,
589 4158 681 4216 πολλολ
697 4155 724 4215 δὲ
739 4159 784 4214 καὶ
798 4157 982 4236 διεφθάρησαν.
1042 4179 1116 4217 σατο.
1134 4156 1274 4216 Καθεύδων
1285 4157 1337 4238 γδρ
1349 4160 1375 4216 ἐν
1389 4159 1441 4226 τοῖς
1465 4159 1662 4238 μονομαχείοις,
1677 4162 1776 4219 ἐκεῖθεν
1792 4164 1820 4231 ἐς

1444 2655 1510 2708 rao.

219 4340 350 4402 ριστηρίους
359 4339 439 4402 τινὰς]
449 4340 576 4390 Herodian.
587 4343 614 4399 1,
630 4347 657 4389 10
670 4342 699 4388 τό
710 4335 734 4388 δὲ
745 4340 866 4402 Κόμμοδος
876 4341 947 4395 θύσας
961 4357 986 4388 τε
1001 4347 1028 4403 τῇ
1041 4343 1086 4402 θεῷ
1095 4342 1135 4389 καί
1154 4341 1293 4404 χαριστήρια
1302 4343 1449 4403 ὁμολογήσας
1458 4378 1466 4400 ,
1475 4343 1516 4400 την
1531 4343 1610 4406 ἐορτὴν
1622 4343 1722 4393 ἐπετέλει
1729 4380 1737 4405 ,
1745 4347 1818 4408 παρό-

216 4411 293 4472 πεμπέ
304 4427 329 4458 τε
338 4411 379 4467 τήν
391 4412 440 4458 θεον
450 4411 537 4473 χαίρων
548 4424 555 4436 ·
567 4413 606 4459 καὶ
617 4413 721 4473 σωτήρια
729 4415 771 4459 τοῦ
782 4411 895 4474 βασιλέως
905 4413 918 4460 ό
927 4412 998 4471 δῆμος
1009 4411 1066 4472 μετά
1075 4416 1116 4468 τῆς
1127 4413 1204 4473 ἑορτῆς
1214 4412 1371 4473 ἐπανηγύριζε.
1388 4443 1419 4456 --
1430 4413 1444 4475 §
1455 4415 1479 4462 t.
1489 4416 1617 4472 συναυξη
1624 4416 1635 4462 θ
1642 4415 1683 4471 εἰς
1701 4414 1746 4477 τε]
1756 4419 1820 4467 οἰκέ-

216 4495 256 4535 της
267 4479 291 4526 tt
302 4479 421 4540 βασιλικὸς
430 4479 551 4542 γενόμενος
562 4481 707 4536 συναυξηθείς
716 4495 741 4528 τε
754 4479 842 4528 Herod.
855 4483 873 4539 Ι,
891 4487 926 4529 12.
936 4481 1004 4536 -εἰς
1013 4479 1138 4542 τοσοῦτον]
1148 4483 1202 4529 Her.
1212 4497 1219 4540 ς
1229 4484 1261 4538 εἰς
1271 4487 1351 4530 τοῦτον
1363 4482 1447 4532 codex
1460 4486 1547 4532 -καί
1559 4485 1609 4542 τήν
1620 4489 1671 4532 τοῦ
1685 4485 1766 4548 θαλ]
1777 4491 1819 4546 τήν

216 4548 270 4598 add.
283 4563 313 4598 εκ
329 4549 419 4598 Herod.
431 4579 460 4590 -
470 4551 616 4611 προῆλοεν
627 4549 635 4612 ]
645 4551 731 4599 metius
749 4549 841 4599 abesset
851 4587 858 4612 ,
869 4555 896 4598 ut
906 4564 944 4613 ορ.
957 4549 1044 4599 Herod.
1058 4550 1135 4598 Possis
1146 4553 1226 4600 tamen
1244 4564 1250 4599 ι
1267 4553 1389 4614 προελθεῖν.
1409 4580 1441 4589 -
1458 4552 1624 4616 λαμπραῖς]
1636 4557 1702 4613 Her„
1721 4557 1819 4620 λαπραῐς

216 4619 270 4667 cod.
280 4649 312 4662 -
321 4621 357 4668 (ιπ
366 4635 400 4678 αγ
409 4637 443 4680 αγ
450 4621 461 4668 ἐ
469 4622 523 4667 σθα
531 4637 537 4666 ι
545 4618 555 4680 ]
564 4621 694 4680 θπαγέσθαι
705 4619 758 4669 cod.
769 4647 799 4656 -
809 4621 943 4683 κατεάόων]
957 4625 1075 4679 Cramer..
1088 4621 1161 4670 ἐόόων
1173 4623 1238 4682 Her„
1248 4621 1348 4672 κατεύου
1358 4621 1442 4672 codex.
1452 4650 1484 4659 -
1495 4623 1628 4687 δωμάτων]
1642 4624 1750 4686 δομάζων
1761 4627 1817 4679 συθ.

215 4689 269 4752 -§
280 4697 301 4740 5.
312 4690 398 4746 ἀλλος
409 4691 459 4750 μὲν
471 4690 548 4754 οὐδ]
566 4691 640 4747 άλλως
651 4707 676 4753 μ.
688 4706 709 4740 ο.
724 4689 777 4740 cod.
791 4693 1028 4754 -θαρρήσαντες
1040 4691 1115 4754 ταῖς]
1128 4692 1216 4742 Herod.
1226 4693 1245 4752 1,
1259 4697 1295 4742 1³.
1308 4693 1444 4758 ἐθάρρησαν,
1454 4697 1553 4752 καὶτοῖς
1570 4695 1624 4746 τού.
1642 4725 1673 4738 -
1685 4699 1817 4764 πειραθεὶς]

217 4761 285 4818 Her„
296 4761 404 4822 παραθεὶς
420 4759 505 4808 codex.

248 4832 286 4878 Fr.
300 4837 350 4879 120.
359 4829 447 4878 Eadem
457 4829 541 4878 suidas
552 4841 576 4875 v.
588 4828 700 4891 Κόμοδος.
709 4830 739 4878 11.
751 4829 878 4879 Herodian.
887 4831 907 4888 1,
919 4834 996 4882 11·16.
1006 4857 1036 4867 -
1045 4833 1094 4889 τὰς
1104 4832 1318 4896 προσηγορίας]
1329 4833 1427 4894 δυίθαις
1436 4835 1478 4895 τήν
1487 4833 1643 4899 προσηγορίαν
1652 4835 1707 4885 eod.
1716 4839 1821 4889 Κοιντίου

216 4899 334 4947 mensium
344 4913 381 4962 ορ.
394 4899 557 4948 Herodianum
570 4902 590 4960 1,
603 4902 629 4948 11
641 4912 687 4947 non
698 4899 834 4948 traduntur.
850 4901 928 4950 Habes
938 4899 1002 4962 apud
1014 4901 1161 4962 Χίρίιῖίῖαιιιιι
1173 4905 1268 4966 1.111111,
1282 4909 1309 4954 15
1325 4905 1333 4964 (
1340 4907 1364 4954 εἰ
1380 4907 1510 4966 zonarum)
1527 4907 1580 4954 tum
1591 4907 1689 4956 nomina
1700 4911 1819 4959 mensium

216 4971 269 5016 tum
282 4969 404 5028 ordinem,
416 4981 490 5030 quem
499 4971 584 5018 Noster
594 4969 705 5030 neglexit.
718 4969 779 5018 Vide
789 4971 929 5033 interpretes
946 4971 976 5018 ad
986 4971 1075 5034 Xiphtl.
1089 4973 1156 5034 (not.
1167 4979 1207 5035 οε,
1221 4987 1275 5034 ρας.
1293 4979 1338 5025 7³8
1351 4974 1389 5024 ed.
1402 4976 1488 5036 Stura)
1498 4979 1522 5025 εἰ
1536 4975 1578 5036 qui
1591 4975 1622 5023 ibi
1639 4976 1779 5027 laudantur.
1789 5009 1819 5022 .-

216 5039 364 5156 Ξύρρόχως
377 5039 424 5102 τε]
436 5057 460 5088 τε
472 5052 520 5088 orn.
532 5038 708 5094 δεθεῖσα-ὡς
719 5039 831 5104 εἰπεῖν]
847 5053 897 5091 om.
912 5041 1107 5092 δοκίδα-τῶν
1119 5042 1323 5106 γονάτων]τῶν
1334 5057 1382 5095 om.
1404 5045 1469 5096 suid.
1480 5045 1692 5110 -θφάσματα]
1704 5046 1816 5110 φάσματα

233 5121 255 5155 ur
276 5144 281 5154 .
