3830 5720
230 324 289 374 tila
416 349 424 362 ·
767 309 968 374 medanum
991 312 1253 376 enouactouls

237 440 377 520 χειρότατα
389 440 434 500 καί
447 439 584 520 αὐθαίρετα
599 439 775 519 προσίπταται
786 443 839 508 τοῖς
851 440 1008 521 ἀνθρώποις,
1053 463 1070 498 κ
1087 445 1208 508 ατοῦντες
1222 440 1379 521 ἐπράξαμεν.
1395 441 1490 519 Ὅμως
1504 443 1625 524 δεχόμεθα
1638 446 1691 516 rei<
1706 451 1790 530 λόγους,

232 529 265 586 τά
279 527 306 586 li
326 519 359 585 ai
379 529 501 608 βέλτιστα
523 531 575 587 τῶν
590 527 710 608 πράξεσιν
727 527 904 608 διαδιδράσκει
918 549 945 586 τε
962 527 1008 586 καί
1087 544 1100 577 l
1119 520 1222 601 Εἰρήνην
1237 519 1298 601 περὶ
1312 519 1434 580 πλείστου
1455 523 1603 598 ποιούμεθα.
1620 527 1737 606 Φρόνημα
1751 533 1793 612 γάρ

232 617 397 675 διολισθαίνει
407 616 451 674 καὶ
459 617 596 674 δυσάλωτοι
606 615 705 696 πέφυκέ
712 639 778 682 πως.
789 619 847 676 Πάν
855 613 1007 695 γδράγαθθν
1053 606 1194 688 ῑῦγίνθςτῷ
1205 608 1329 686 spicoma
1345 607 1589 689 iuppesapulpttm
1602 610 1633 670 sl
1642 614 1792 695 πράγματα·

232 695 321 774 εἰρήνη
337 695 453 757 δοκεῖ...
471 693 522 770 ἐγὼ
536 695 563 754 ll
578 695 746 774 κατεπλάγην
762 693 793 754 θν
806 694 862 760 ταῖς
876 695 1008 774 κομψολο·
1051 692 1130 752 Οὕτω
1151 693 1178 752 δί
1197 695 1302 752 καὶτοῦ
1317 693 1370 773 Ζίχ
1390 695 1520 768 εἰπόντας,
1535 699 1557 756 οἰ
1577 699 1716 779 άμροτέρωυ
1728 708 1794 783 impp.

231 781 316 860 γίαις,
337 783 359 838 εἰ
380 780 417 857 μὴ
432 781 562 858 Ῥωμαῖοι
581 781 628 858 μὲν
651 785 742 858 ὑμεῖς,
763 787 838 858 ἡμεῖς
857 779 885 839 δθ
906 780 1008 860 Πέρσαι
1052 783 1103 847 νεῖς
1117 781 1349 860 διασαρηνίσαντες
1363 781 1402 861 lq’
1415 781 1527 863 ἑκάτερα
1541 783 1604 864 μέρη
1618 785 1649 842 τά
1660 787 1752 867 ῥήματα
1764 793 1795 847 δι.

231 868 407 947 ἐτυγχάνομεν
420 869 501 935 ὄντες.
526 869 572 939 Μή
587 859 632 926 οὖν
652 868 735 928 οἰεσθε
752 867 864 949 περιόδῳ
883 869 1007 948 ῥημάτων
1053 865 1181 926 δάσκαλοι
1193 871 1245 927 τῶν
1262 867 1401 945 νοημάτων
1413 868 1556 947 ἐγίγνοντο,
1569 871 1688 932 πλείστων
1702 876 1741 933 καί
1753 876 1795 934 ἰτέ-

232 953 322 1024 λήσειν
337 959 420 1030 ἡμᾶς,
429 954 513 1014 ὁποῖοί
524 959 757 1022 τινεςκαθιστιῗντες
768 955 846 1026 ἥκετε
861 953 1008 1031 τευξόμενοι
1056 977 1106 1033 ρων
1116 954 1316 1036 άπιρριμμένων
1323 954 1422 1032 λόγων,
1435 961 1478 1014 νῦν
1489 954 1536 1033 μὲν
1547 959 1622 1018 αὐτοῦ
1632 964 1674 1018 τοῦ
1680 961 1797 1039 χρειώδους

232 1046 278 1099 τοῦ
293 1041 462 1110 συνοίσοντος.
478 1041 586 1113 Ἐπειδὴ
600 1041 627 1100 δί
645 1041 825 1122 προθάλλεσθε
838 1040 887 1113 τήν
904 1042 1008 1120 εἰρήνην
1053 1040 1146 1121 χάριν,
1164 1047 1208 1100 νῦν
1220 1041 1246 1101 δί
1261 1041 1307 1100 καί
1316 1043 1418 1118 κόμπον
1430 1041 1504 1102 ἕνεκα
1517 1043 1560 1102 καί
1571 1050 1614 1102 τοῦ
1629 1045 1663 1121 μή
1677 1040 1775 1118 δοκεῖνή
1789 1080 1796 1093 -

231 1127 321 1208 ὥσπερ
334 1131 531 1210 παραπέτασμα
546 1133 593 1200 τῆς
606 1130 715 1204 δειλίας,
728 1130 774 1189 καλ
791 1129 872 1208 ταύτῃ
888 1127 918 1188 τὸ
930 1152 1008 1210 pava·
1055 1149 1098 1185 τον
1113 1127 1220 1207 ἔχοντας
1230 1131 1276 1199 τῆς
1288 1127 1390 1207 εἰρήνης
1400 1127 1525 1207 έρίεσθαι.
1538 1128 1636 1209 Πέρσαι
1646 1131 1688 1207 μὲν
1697 1133 1799 1202 διηνεκεῖς

233 1215 347 1294 ρόιτατον
365 1221 411 1286 τῆς
426 1217 531 1294 α’τιμίας
544 1215 703 1285 έπισκιάζειν
720 1216 819 1296 οἰεσθι,
833 1215 934 1297 βραχέα
946 1217 1007 1274 δια·
1054 1212 1141 1284 ἠξίουν
1157 1213 1261 1273 ἔσεσθαι
1276 1214 1322 1282 τδς
1339 1214 1466 1287 σπονδάς,
1487 1215 1550 1294 πρὸς
1567 1216 1594 1274 δέ
1610 1217 1692 1294 γεκαὶ
1711 1218 1798 1296 χρυσίω

231 1301 360 1379 λεχθείην’
376 1303 405 1361 οὐ
425 1302 477 1383 γάρ
491 1302 598 1374 σύνηθες
618 1303 692 1382 ἀνδρί
715 1303 806 1383 Πέρσῃ
826 1301 1007 1384 περιττολογίαρ
1056 1299 1132 1380 ῥητὸν
1147 1301 1186 1381 ἐρ’
1201 1299 1304 1381 ἑκάστῳ
1315 1302 1423 1380 ἰνιαυτῷ
1437 1301 1501 1382 θπίρ
1511 1307 1557 1362 τοῦ
1571 1299 1607 1380 μὴ
1621 1307 1749 1382 κεχρῆσθαι
1759 1307 1802 1372 τοῖς

233 1387 354 1456 διεξιέναι
365 1391 416 1448 τῶν
437 1389 600 1470 πραγμάτων
614 1389 647 1448 τά
658 1389 759 1470 καίρια.
780 1389 899 1470 Χοσράης
911 1393 925 1447 θ
936 1389 1006 1448 πάν·
1053 1387 1143 1455 ότιλοις
1162 1388 1312 1465 κομίζεσθαι
1333 1388 1384 1447 dul
1403 1387 1554 1466 Ῥωμαίων·
1568 1389 1611 1449 καλ
1633 1390 1800 1471 τεσσαράκοντα

231 1498 283 1533 των
304 1477 463 1555 ἀνθρώπων,
484 1477 557 1558 εἰπερ
577 1476 711 1557 βούλεται,
728 1477 865 1556 βασιλεὺς,
883 1476 942 1536 οὔτι
959 1477 1007 1548 τήν
1055 1473 1103 1553 μὲν
1117 1477 1195 1548 θεῶν,
1206 1474 1235 1534 τό
1249 1480 1309 1554 γοῦν
1322 1475 1459 1555 ἐλάχιστον
1474 1477 1625 1557 τριάκοντα,
1638 1477 1803 1556 προειληφότας

232 1562 388 1644 Ἀντιοχείας
414 1565 511 1624 άλωσιν
535 1565 741 1644 ἑγκαλλάιπισμά
762 1589 788 1624 τι
815 1567 860 1624 καί
880 1563 1008 1642 ἐγκώμιον
1053 1561 1127 1628 tesi<
1146 1563 1418 1639 ουντῑλοοθηοομίνῑοι
1434 1566 1503 1644 (πᾶν
1522 1563 1552 1623 ιθ
1565 1563 1803 1641 ονντελεοθηοόμινον

232 1652 320 1731 ἑαυτῷ
330 1653 500 1733 περιτίθησιν.
512 1655 545 1712 Εἰ
556 1652 605 1733 γάρ
615 1653 660 1712 καί
672 1651 781 1732 ροθερδν
793 1655 852 1730 θμῖν
867 1651 912 1711 καί
927 1654 1006 1732 ἔργω·
1045 1651 1145 1725 Δἰθίοἰο.)
1156 1652 1183 1707 ἰν
1191 1649 1228 1707 tvi
1238 1648 1425 1732 ξυναθροισμῷ,
1437 1649 1503 1710 οὕτω
1515 1651 1652 1730 βούλεσθαι,
1661 1649 1804 1709 κατατιθέναι

232 1737 355 1798 δι’σπατον
365 1731 430 1799 εἰναι
440 1742 511 1800 δοκεῖ
519 1739 548 1798 sd
559 1739 622 1819 παρ’
633 1745 708 1818 ἡμῶν
720 1739 847 1820 πραχθὲν,
854 1739 925 1816 ὅμως
933 1741 1008 1817 ἡμεῖς
1055 1734 1089 1793 τά
1109 1732 1189 1794 δπλα.
1213 1735 1343 1813 Ῥωμαῖοι
1366 1735 1393 1796 δὲ
1413 1739 1560 1798 τούναντίον
1578 1739 1752 1818 θλιγοχρονίοος
1768 1737 1804 1804 tit

232 1825 362 1907 πάρεργον
376 1828 509 1905 ἡγούμεθα
521 1826 564 1886 τὸν
580 1830 709 1886 ὁντιναοῦν
718 1831 770 1886 τῶν
780 1826 912 1904 πολεμίων
922 1837 1006 1887 νυιάν.
1055 1822 1177 1894 ίυνθήκας
1191 1815 1257 1884 εἰναι
1271 1823 1421 1897 ἰόοόλοντο,
1434 1824 1500 1905 πρὸς
1516 1829 1554 1908 τῷ
1570 1826 1634 1902 μήτε
1651 1824 1699 1902 μήν
1712 1847 1805 1883 κατατι-

231 1914 490 1994 Πεπαιδεόμιθαχάρ
500 1913 764 1994 άκριόῶςτδκρατιῖν,
773 1915 882 1974 καθόσον
889 1912 922 1972 τά
930 1913 1008 1972 λοιπά
1053 1909 1124 1968 lives
1136 1935 1161 1969 τι
1173 1909 1239 1994 ὑπὲρ
1252 1915 1300 1982 τῆς
1312 1912 1425 1991 εἰρήνης.
1441 1910 1567 1988 Ἁμίλλης
1576 1911 1603 1971 ll
1612 1912 1670 1990 περὶ
1681 1911 1761 1970 τούτου
1772 1909 1806 1968 lsi

230 2003 282 2057 τῶν
290 1999 432 2080 ἀνθρώπων
443 2001 503 2078 γένη
512 2005 663 2079 κρατεῖσθαι
674 1999 857 2078 μεμαθήκασιν
867 2000 909 2081 ὑφ’
918 2004 1005 2078 ἡμῶν.
1053 1996 1122 2073 μέγα
1132 1997 1277 2070 κινηθείσης
1284 1999 1329 2056 καί
1338 1997 1421 2076 λόγων
1433 1999 1610 2078 προελθόντων
1619 1997 1710 2070 ἥκιστα
1717 1995 1806 2074 ὀλίγων,

231 2085 301 2146 Οὔτε
322 2086 374 2162 μήν
389 2087 478 2168 ἑτέρας
488 2087 642 2163 Ῥωμαῖκῆς
655 2089 755 2154 πολεως
766 2086 934 2168 καταστροφή
946 2088 1008 2167 πρὸς
1053 2083 1126 2152 τέλος
1144 2083 1227 2152 ἔδοξεν
1242 2084 1311 2143 ὥστε
1326 2085 1369 2143 ἐπὶ
1383 2086 1546 2157 πεντήκοντα
1559 2085 1607 2163 μίν
1622 2084 1665 2157 ἔτη
1679 2081 1808 2153 ξυνεστάντι

232 2171 306 2250 ὄγκον
321 2180 391 2248 ἡμᾶς
401 2175 495 2255 ἐξαίρει
508 2173 579 2233 ποτέ·
589 2173 675 2254 τδγίιρ
687 2175 887 2255 προχειρότατον
899 2179 965 2254 ἡμῖν
977 2176 1007 2233 οὐ
1052 2169 1100 2243 τήν
1115 2171 1230 2251 εἰρήνην,
1253 2170 1395 2250 Ῥωμαίοις
1415 2173 1442 2231 δὲ
1460 2174 1613 2244 ἐπιδοθῆναι
1632 2173 1677 2242 τὴν
1697 2167 1808 2238 haitais·

232 2261 393 2338 θαυμαστόν.
419 2263 473 2322 Καὶ
487 2267 570 2322 ταῦτα
594 2262 641 2338 μίν
656 2262 760 2342 άρκέσει
769 2262 833 2342 πρὸς
843 2261 950 2339 ἔλεγχον
961 2265 1008 2332 τῆς
1053 2260 1162 2338 στερράς
1171 2283 1199 2316 τι
1211 2249 1277 2316 εἰναι
1288 2257 1333 2316 καί
1345 2258 1490 2339 ἐρρωμένας
1501 2259 1550 2326 τδς
1566 2258 1699 2330 συνθήκας,
1708 2257 1749 2316 καί
1757 2277 1811 2334 κρα·

233 2346 320 2422 μάτην
328 2348 524 2428 άπερριμμένης
538 2348 600 2428 παρ’
612 2351 686 2425 ὑμῶν
701 2349 865 2428 ἀδολεσχίας.
878 2347 1008 2424 Ῥωμαῖοι
1054 2355 1108 2405 τεῖν
1129 2346 1309 2425 ἑκασταχόσε,
1322 2351 1398 2405 τοῦτο
1421 2346 1468 2422 μίν
1490 2345 1562 2404 κατά
1582 2347 1630 2418 τήν
1650 2345 1699 2420 ἕω,
1711 2339 1810 2402 τοῦτοδὲ

232 2433 259 2492 δὲ
269 2434 298 2493 τδ
311 2434 415 2507 σόνηθες
425 2436 577 2514 πράττουσι,
588 2437 649 2515 περλ
661 2437 777 2494 σπονδῶν
792 2435 913 2516 πρότεροι
923 2437 1008 2494 διαλε-
1054 2432 1099 2491 καί
1117 2435 1201 2510 (κατά
1221 2435 1284 2509 τήν)
1305 2433 1332 2490 ἐν
1350 2432 1486 2513 Ἀρμενία,
1502 2433 1574 2493 till:
1592 2433 1642 2512 γάρ
1655 2431 1699 2490 καί
1717 2433 1741 2489 ἐν
1758 2430 1812 2504 αὐτῇ

230 2520 334 2598 γόμενοι
343 2523 467 2602 Πέρσαις.
486 2523 649 2595 Ἧσσηθῆυαι
662 2523 858 2602 (ἡσσηθέντεςί
868 2526 923 2602 Ν.)
945 2522 1008 2603 πρδς
1053 2519 1136 2591 δήπου
1149 2523 1182 2600 τῇ
1195 2523 1311 2599 Δαζικῇ,
1322 2519 1391 2578 οὕτω
1405 2520 1493 2596 μέντοι
1507 2525 1545 2588 ὣς
1559 2521 1697 2600 τριάκοντα
1709 2515 1813 2596 χιλιάδας

230 2611 306 2684 ἡμῶν
317 2611 468 2680 νενικήκατε
488 2613 526 2690 τῷ
536 2610 624 2688 τάχει,
644 2608 852 2689 προτερήσαντες
862 2609 911 2681 τήν
933 2607 1007 2688 εἰρή-
1053 2607 1158 2678 ἐτησίας
1173 2609 1281 2688 χρυσίου
1299 2607 1458 2685 νομίσματος
1472 2608 1651 2688 ἀποφέρεσθαι
1673 2605 1767 2686 Πέρσας
1777 2605 1814 2672 τῆς

229 2717 276 2765 νην
301 2697 392 2755 αἰτεῖν.
420 2695 472 2756 itai
493 2695 575 2775 ταύτῃ
587 2695 634 2766 τήν
646 2699 673 2754 ἐν
691 2700 743 2762 τοῖς
760 2694 883 2772 πολέμοις
903 2694 1006 2762 άδοξίαν
1053 2693 1154 2774 εἰρήνης
1167 2691 1242 2752 ἕνεκα
1255 2692 1308 2751 ἀπὸ
1330 2693 1483 2770 Ῥωμαίων.
1501 2694 1673 2765 Ἐόεόαιάοθη
1696 2691 1721 2750 δί
1734 2695 1812 2756 τοῦτο,

231 2781 434 2854 tenolienses,
448 2786 485 2862 τῷ
499 2784 573 2854 δῆθεν
586 2782 623 2856 μὴ
642 2781 769 2862 ἰριέμενοι
784 2783 874 2861 μάχης
886 2783 1006 2848 θπιεικεῖς
1053 2780 1119 2838 ὥστε
1131 2779 1281 2856 Ῥωμαίους
1291 2781 1319 2838 έν
1333 2779 1412 2857 θμάδι
1427 2781 1564 2848 δεκαετίας
1577 2780 1711 2850 ποσότητα
1723 2797 1812 2854 προτο-

230 2859 296 2926 aives
310 2870 406 2936 δοκεῖν.
423 2868 510 2948 Ὅπερ
526 2869 556 2928 δν
571 2874 665 2946 ἡμεῖς,
685 2869 758 2950 εἰπερ
772 2869 948 2945 ἔμελλήσατε,
961 2868 1007 2928 καί
1054 2875 1160 2947 ρασχεῖν
1180 2866 1263 2943 οἰίτω,
1282 2873 1449 2947 παραχρῆμα
1468 2867 1516 2945 μίν
1536 2871 1664 2927 ἐνιαυτῶν
1683 2863 1757 2936 test,
1780 2859 1816 2917 καί

230 3031 289 3082 iliud
299 3034 364 3096 pacis
372 3033 513 3084 beneficium
523 3033 587 3084 haud
595 3033 768 3096 tacilejnventri
777 3035 803 3083 et
811 3033 1006 3096 compar-ariper-
1051 3031 1130 3081 enee
1143 3032 1265 3082 celeritate
1274 3031 1426 3093 provehitis,
1435 3033 1461 3082 et
1472 3034 1606 3094 acceptum
1616 3045 1649 3081 ex
1658 3028 1725 3079 bellis
1732 3024 1820 3076 dedecus

229 3110 268 3159 sit.
280 3113 332 3159 lton
338 3110 445 3171 enim,nt
451 3111 521 3160 multi
528 3111 674 3172 existimant,
683 3110 891 3172 pessimaquseque
898 3111 1008 3171 prompte
1053 3109 1097 3158 hac
1107 3109 1200 3157 ratione
1209 3107 1304 3170 tegitis,
1315 3109 1341 3157 et
1351 3107 1376 3157 in
1388 3121 1417 3158 eo
1432 3108 1594 3158 humanitatis
1602 3105 1699 3157 taudem
1707 3099 1817 3156 snauh,

229 3188 255 3237 et
265 3186 329 3236 ultro
340 3187 451 3236 induunt
462 3187 586 3236 hominum
600 3186 723 3248 advolant,
730 3187 821 3250 optiim
829 3185 1009 3247 diffugiunt,et
1051 3185 1117 3247 quod
1131 3185 1283 3249 apuqnandn
1296 3185 1437 3236 abhorretis.
1453 3186 1480 3235 ld
1489 3187 1624 3250 quidemst
1639 3182 1725 3244 nos,st
1738 3177 1820 3244 quando

229 3275 305 3312 εοεαε
320 3263 389 3312 nobis
408 3262 569 3322 subtrahunt;
587 3265 703 3325 tanquam
716 3265 803 3312 natura
820 3263 854 3312 its
872 3264 1008 3324 comparata
1051 3263 1143 3313 tardius
1154 3263 1300 3312 mentiemur
1311 3263 1376 3324 pacis
1386 3263 1508 3325 fecissetis,
1523 3266 1601 3314 etiam
1609 3263 1730 3311 vincentes
1740 3257 1819 3308 ἰωίεεο

229 3343 290 3402 sint,
300 3344 328 3390 ut
337 3341 530 3403 vixapprehendi
544 3344 569 3390 ct
578 3342 652 3390 macri
662 3341 760 3403 possint
771 3344 821 3390 Pax
830 3341 894 3388 enirn
902 3353 933 3389 ea
942 3339 1007 3387 cinni
1052 3353 1115 3389 mus
1129 3341 1244 3402 ltaqueet
1252 3352 1334 3400 pacem
1343 3340 1423 3402 magni
1435 3343 1598 3401 melioremus,
1607 3343 1634 3390 et
1644 3347 1759 3389 sermon&
1767 3331 1821 3395 lttt't

230 3421 298 3480 parte
309 3418 399 3468 honum
406 3421 553 3468 censetur...
567 3419 657 3479 (Deest
668 3421 776 3467 initium
787 3419 915 3466 muttonis
927 3417 1007 3478 tapeti
1051 3416 1209 3466 admittimus.
1225 3418 1285 3466 itam
1305 3417 1412 3478 generosi
1426 3417 1501 3466 animi
1515 3421 1564 3479 eat,
1586 3415 1720 3467 honestatis
1731 3413 1789 3472 leges
1803 3409 1822 3456 ίο

230 3495 399 3556 Persarum.)
412 3497 461 3555 Ego
474 3493 571 3555 qutdern
583 3495 668 3543 vestris
682 3494 810 3543 verborum
823 3493 946 3555 prestigiis
954 3505 1007 3542 mc·
1050 3493 1238 3544 omnibusrebus
1246 3493 1324 3555 sequi.
1335 3513 1348 3538 ν
1361 3497 1418 3543 llaec
1427 3495 1524 3545 Zichoi.
1534 3495 1686 3557 interpretes
1694 3487 1823 3541 νετοοιοθο

230 3571 413 3630 verer,nisivos
431 3571 544 3629 liemant,
555 3572 580 3619 et
594 3583 639 3619 nos
651 3574 729 3620 Persae
748 3582 860 3620 essemus
875 3572 961 3631 ltaque
977 3581 1007 3618 ne
1051 3583 1106 3620 rum
1117 3569 1405 3632 legatorumubutrisque
1412 3572 1823 3634 prolataexpticantea,eaqneuua·

230 3647 372 3696 existimetis
387 3648 478 3694 vestras
496 3645 610 3695 orationis
626 3645 737 3708 ambages
757 3659 802 3695 nos
821 3646 953 3706 celaturas,
963 3657 1007 3695 ros
1050 3658 1154 3708 quaque
1162 3657 1217 3707 para
1227 3645 1352 3706 sentiebat,
1365 3649 1539 3708 exposuerunt,
1554 3661 1636 3710 quum
1646 3647 1670 3695 in
1680 3643 1764 3694 multos
1772 3651 1824 3700 ουο·

231 3724 317 3772 vestrae
328 3721 438 3771 utilitatis
457 3734 530 3770 causa
543 3722 591 3770 huc
611 3722 710 3772 ventsse.
741 3721 950 3780 Quemadmodum
962 3735 1007 3772 ac·
1050 3723 1163 3784 quesitas
1172 3735 1295 3772 ammones
1302 3723 1443 3786 erupissent,
1453 3737 1530 3785 quum
1543 3723 1730 3783 utilitatia,tum
1739 3717 1825 3767 omarus

231 3803 279 3848 tem
289 3812 331 3861 per
341 3811 436 3868 pacem⁸
444 3810 518 3858 quam
527 3798 666 3860 proponitis,
677 3799 782 3848 colorem
792 3798 915 3848 timiditati
923 3801 1007 3849 vestrae
1051 3813 1138 3860 mnae,
1150 3801 1176 3849 et
1190 3811 1222 3849 ne
1234 3802 1360 3862 propterea
1370 3801 1435 3862 quod
1447 3801 1574 3852 interiores
1586 3804 1685 3861 essent,
1704 3795 1765 3862 pacit
1777 3791 1827 3842 θοοὶ·

229 3876 351 3938 quamtis,
361 3876 428 3925 etita
435 3876 543 3924 veebum
554 3874 667 3935 dedecus,
678 3873 744 3937 quod
755 3875 812 3924 satia
823 3874 929 3936 undique
942 3877 1009 3938 patet
1050 3879 1117 3928 derio
1125 3881 1202 3928 tenerl
1211 3878 1357 3929 viderentur.
1366 3883 1534 3930 Persoeantem
1544 3893 1634 3942 pacem
1644 3878 1827 3928 cenunuanese

229 3955 255 4002 ct
272 3954 425 4002 manifestum
436 3953 482 4012 est,
501 3953 548 4014 tegi
564 3965 634 4014 pem
653 3951 758 4014 putetis,
778 3951 861 4013 puncta
873 3952 1005 4002 ostendam.
1050 3957 1075 4005 et
1086 3959 1177 4005 certam
1194 3957 1247 4006 auri
1258 3956 1432 4018 quantitatem,
1453 3969 1484 4006 ne
1501 3957 1580 4006 armis
1595 3955 1732 4012 uterentur,
1743 3945 1829 4010 εἰυεοίθ

230 4032 324 4081 Etenim
333 4033 386 4080 vire
398 4035 475 4080 Persa
492 4031 595 4080 mentem
607 4031 660 4090 est,
676 4029 803 4092 supertluia
816 4029 945 4080 verberim]
956 4043 1008 4080 em·
1050 4035 1119 4084 mnia
1125 4034 1233 4096 accipere
1242 4034 1360 4082 volebmt
1367 4037 1487 4084 Praeterea
1495 4034 1663 4096 quadraginta
1671 4033 1715 4080 aut
1723 4028 1752 4078 ad
1761 4025 1830 4075 minse

230 4109 328 4170 bagibm
345 4111 414 4158 extre
434 4109 580 4171 propositum
599 4107 678 4170 egredi
696 4111 720 4158 et
734 4121 870 4158 excurrere.
891 4110 1008 4159 chauces
1049 4111 1147 4172 triginta
1163 4123 1283 4159 annornm
1303 4109 1356 4159 auri
1368 4111 1549 4173 prestationmr
1561 4123 1615 4159 sano
1631 4107 1732 4159 mmuh
1742 4111 1829 4153 maaet·

230 4185 338 4234 cmnium
352 4185 487 4243 hominum,
496 4184 516 4233 si
526 4185 560 4234 illi
569 4185 649 4239 lubet.
659 4198 717 4244 rex,
726 4184 791 4246 quod
803 4185 953 4235 Antiochiam
966 4197 1007 4235 ce·
1049 4191 1130 4236 velam
1141 4186 1260 4248 sibidarl,
1274 4187 1302 4236 ut
1312 4185 1344 4234 ab
1353 4187 1427 4236 armis
1437 4186 1609 4248 discederent,
1623 4182 1784 4250 postulabant·
1792 4180 1832 4227 θο·

230 4261 377 4324 perit,haud
387 4261 411 4308 id
420 4260 465 4310 sibi
481 4263 621 4309 ornamento
631 4262 656 4310 et
664 4260 728 4310 laudi
738 4261 830 4310 tribuit.
838 4264 886 4310 i'os
894 4261 1007 4324 quidem,
1050 4254 1830 4324 maniconinadnrevetempustotesberiaequnmeensebant

229 4337 295 4400 quod
307 4337 436 4398 gessimus,
447 4349 560 4398 magnum
571 4337 677 4398 aliquid,
689 4338 715 4386 ct
725 4337 790 4398 quod
805 4338 880 4386 nostri
892 4341 1007 4387 terrorem
1051 4341 1075 4388 et
1084 4339 1214 4401 quicquam
1222 4351 1267 4401 pro
1278 4351 1337 4400 pace
1345 4338 1438 4388 solvere
1446 4339 1605 4390 recusabant.
1617 4342 1707 4400 htagno
1717 4347 1785 4397 super
1793 4331 1833 4379 titt

230 4415 315 4475 pariat,
326 4413 593 4473 existimatia,ncsvero
602 4425 650 4460 non
660 4413 727 4462 item.
736 4413 859 4463 Nenenim
870 4427 1008 4476 remcpera
1051 4417 1181 4465 certamine
1190 4417 1373 4477 exorto,quum
1388 4415 1497 4477 pluribus
1508 4416 1596 4466 verbis
1610 4416 1676 4465 inter
1688 4407 1832 4464 mdnscruie

230 4489 299 4552 pretii
327 4487 453 4549 ducimus,
473 4488 493 4537 si
515 4489 708 4552 qualemcunque
726 4490 819 4540 hostem
839 4491 1006 4542 devicerimus.
1051 4491 1225 4553 sent,tandem
1242 4491 1340 4541 decreto
1357 4491 1475 4540 sancitum
1494 4494 1545 4552 eat,
1563 4494 1594 4542 ut
1607 4505 1654 4554 per
1671 4483 1834 4553 quinquaginta

230 4566 325 4615 Etenim
334 4563 742 4627 csimievinmredidicimuqquum
752 4567 872 4630 reliquum
882 4568 1007 4618 hominum
1051 4583 1126 4619 annos
1139 4582 1186 4632 par
1194 4571 1271 4624 esset:
1281 4572 1309 4618 ut
1318 4569 1431 4619 Romanis
1439 4571 1553 4620 Larisam
1569 4573 1656 4620 Persic
1667 4566 1803 4622 redderessii
1812 4561 1836 4606 ¹¹²

229 4657 303 4706 genus
313 4655 327 4691 a
338 4642 406 4691 nobis
417 4642 480 4691 vinci
497 4642 615 4692 didicerit.
648 4646 838 4705 ltaquealterius
853 4659 884 4696 ex
894 4649 1007 4697 tiemonis
1051 4651 1116 4712 pacis
1129 4648 1277 4698 conditiones
1287 4649 1396 4700 valerem
1407 4653 1432 4699 et
1443 4650 1538 4714 ubique
1548 4647 1754 4705 observarentur,
1766 4644 1834 4701 elpes
1882 4679 1883 4686 ι

231 4719 330 4768 urbibus
343 4719 486 4780 expugnatio
498 4731 542 4768 nos
553 4732 659 4782 unquam
671 4720 702 4769 sd
716 4721 812 4771 altiores
822 4723 920 4784 spiritus
930 4725 1006 4774 tollet.
1052 4727 1175 4778 orientem
1187 4728 1212 4776 et
1221 4739 1262 4788 per
1271 4727 1409 4776 Armeniam
1419 4730 1443 4777 et
1452 4739 1494 4790 per
1504 4728 1587 4789 ipsam
1596 4739 1703 4790 qunque
1717 4721 1835 4774 uticam*

231 4800 282 4846 tloc
291 4795 354 4845 enim
365 4795 389 4844 in
398 4794 467 4844 nobis
476 4795 573 4845 minime
583 4796 680 4856 mirum,
688 4798 777 4860 quippe
787 4798 852 4860 quod
859 4801 975 4850 usitmum
983 4805 1009 4851 ct
1051 4804 1086 4852 alc
1101 4807 1181 4852 tamen
1193 4805 1221 4852 ut
1233 4803 1330 4864 trtgirda
1346 4816 1476 4853 anreomm
1493 4803 1574 4852 millia
1593 4802 1701 4864 singulis
1720 4799 1787 4848 αοοίο
1799 4803 1837 4855 1³¹⁰

230 4873 255 4921 in
267 4873 379 4934 promptu
396 4873 440 4920 est.
451 4874 529 4933 Atque
541 4872 585 4920 hoc
595 4873 698 4922 sutticiat
710 4873 739 4922 ad
750 4875 955 4937 reprehensionem
965 4891 1008 4927 nu·
1052 4893 1110 4942 pace
1117 4880 1217 4929 hnmani
1226 4879 1455 4942 Persisproestarent.
1466 4883 1537 4930 Dece
1547 4892 1656 4942 quoque
1668 4869 1837 4927 convenerunt·

230 4960 327 5010 mmm,
337 4959 397 5010 quas
408 4947 496 4997 frustm
506 4947 630 4997 eitudistts.
642 4951 743 4998 Romani
757 4964 827 5010 vero,
836 4953 901 5014 quod
911 4967 1008 5004 cousue-
1051 4959 1080 5006 ut
1098 4955 1180 5006 decem
1197 4968 1314 5006 annorum
1326 4956 1446 5006 tributum
1458 4969 1506 5005 una
1517 4957 1591 5017 prius
1603 4956 1755 5010 solveretur,
1774 4947 1839 4998 itaut

232 5028 331 5086 ruunt,
342 5025 446 5089 tadsint,
457 5025 499 5089 qui
514 5027 582 5088 primi
593 5040 648 5076 cum
661 5027 738 5076 Persis
748 5028 778 5077 de
788 5041 846 5090 pace
861 5031 1007 5092 colloquium
1051 5037 1140 5095 septem
1152 5047 1270 5084 annerum
1279 5047 1373 5083 sumam
1387 5035 1495 5096 prasenti
1509 5035 1633 5096 mannia,
1649 5033 1726 5082 trium
1741 5027 1837 5087 reliquo·

231 5103 367 5154 instituunt.
378 5106 427 5154 Vos
435 5104 525 5166 alioqui
534 5104 592 5155 victi
611 5105 635 5154 in
644 5117 674 5156 eo
694 5106 801 5166 vincitis,
819 5106 882 5168 quod
895 5109 958 5170 pacis
967 5121 1007 5170 pe-
1052 5123 1247 5173 nomannorum,
1261 5111 1302 5173 qui
1316 5111 1437 5162 restabant
1448 5124 1479 5161 ex
1490 5110 1597 5172 decern,
1617 5109 1706 5160 statim
1720 5107 1773 5172 post
1791 5114 1838 5166 por·
