3766 5726
754 346 1000 408 FRAGMENTA.
1618 370 1673 421 ιιο

97 482 198 536 λείοισι,
210 478 271 534 Pol.
283 481 313 544 V,
325 474 353 530 5.
363 508 398 518 -
411 473 548 541 ilerdense
559 472 570 549 ]
580 473 708 547 ἀξιώματι
718 477 781 532 cod.
792 489 817 532 ct
829 480 857 532 in
943 482 1004 538 Osis
1015 481 1091 554 apud
1104 483 1214 536 Livium
1236 481 1243 556 (
1260 484 1365 550 XXIV,
1378 501 1424 550 nr,
1449 503 1499 551 an,
1511 486 1600 555 XXV,
1617 486 1653 542 οὔ
1665 487 1674 561 )

96 584 285 640 marg.;raom.
298 568 330 621 V.
341 564 384 622 Cf.
397 565 475 618 Suid.
485 584 512 619 ν.
524 560 655 640 Φορητός,
667 564 715 616 uhi
724 565 856 618 nonnulla
904 579 1063 622 constanter
1083 581 1201 622 vocatur
1218 569 1304 634 Sosis,
1326 570 1403 642 quod
1419 572 1495 644 apud
1508 573 1674 626 Athenaeum

96 673 124 709 er
137 657 175 707 his
186 648 489 726 ταράττηται-ἔρως
502 649 654 724 rrelvulg.
671 645 711 724 έρ.
722 670 760 706 τε.
773 650 858 722 Quod
904 654 1011 707 restitui
1039 655 1130 707 voluit
1155 655 1324 712 Gronovius.
1352 657 1437 710 Haud
1469 649 1556 713 dubie
1586 660 1676 712 Baton

97 743 167 813 posui
179 761 214 802 τις
227 747 270 794 est
283 737 476 810 Bernhardyi;
496 737 568 792 torte
584 733 630 791 καί
648 747 676 792 et
693 738 771 792 aliud
788 737 857 792 sub-
904 758 1018 814 quoque
1042 751 1083 794 est
1102 743 1176 795 inter
1195 739 1367 818 λογογράφους
1386 761 1480 797 rerum
1494 746 1675 817 Hieronymi,

97 821 856 899 stantirumexcideramt.-rni<rler.nloueloudvulgo:
903 844 974 898 quos
991 828 1226 900 carpitPolybius
1246 829 1315 894 Vll,
1334 847 1363 900 7,
1383 846 1411 896 a,
1426 839 1560 902 tanquam
1573 851 1676 906 τραγῳ·

99 910 219 980 πλησίαις.
237 911 308 967 Cod.
323 915 346 964 V
362 922 391 964 et
407 906 558 978 Επλησίον.
578 934 589 958 ι
608 913 671 964 lloc
693 929 800 983 repone
813 911 857 966 vel
903 910 1065 981 δοῦνταςτὴν
1087 911 1212 986 ὠμότητα
1232 914 1283 968 τῶν
1304 911 1407 992 τρόπων
1423 913 1468 970 καὶ
1489 912 1535 982 τὴν
1556 913 1677 972 estesse

99 997 219 1060 πλουσίους
235 1023 247 1046 ι
268 995 409 1063 Gaisford.
435 1021 446 1046 ι
464 997 596 1070 Superest
617 1007 650 1051 ut
673 998 858 1072 superlativus
903 1001 953 1054 τῶν
966 997 1094 1078 πράξεων,
1110 996 1153 1055 ἐπί
1168 997 1194 1056 δὲ
1208 1007 1272 1056 πᾶσι
1291 1000 1320 1054 τὸ
1334 999 1483 1078 παράλογον
1494 1001 1539 1058 καί
1552 1000 1581 1058 τὸ
1596 999 1677 1058 δεινὸν

98 1087 224 1159 quispiam
246 1084 411 1157 indagetur,
431 1083 511 1154 cujus
527 1083 637 1155 syllaba
653 1085 803 1138 novissima
818 1102 860 1137 re·

98 1174 223 1226 nansitin
234 1176 306 1238 ταῖς,
321 1171 400 1242 quod
418 1173 517 1242 nequit
527 1187 580 1242 pro
598 1170 718 1225 articulo
728 1169 828 1224 haberi
843 1195 855 1218 ν

98 1261 297 1331 Bernhardyus,
316 1259 346 1311 in
364 1258 479 1312 Suidarn
496 1259 594 1331 paullo
608 1259 743 1314 severior.
760 1289 799 1298 —
812 1253 858 1322 τὴν

97 1344 213 1422 θυγατέρα
225 1343 268 1420 κ.]
280 1347 320 1400 sic
330 1345 432 1401 Bernh.
442 1345 529 1401 eeod.
542 1348 564 1399 Α
576 1356 605 1398 et
614 1346 650 1418 V,
660 1363 714 1419 pro
723 1345 801 1418 vulg.
813 1341 859 1406 τὰς

96 1433 227 1508 θυγατέρας
245 1427 460 1508 καταφυγούσατ;
491 1432 566 1487 idern
588 1443 684 1504 postea
706 1429 754 1500 τὴν
780 1428 858 1508 κόρην

96 1539 152 1575 mm
165 1523 197 1588 V,
213 1539 269 1594 pro
279 1520 356 1592 vulg,
374 1516 420 1580 τάς
430 1517 517 1595 κόρας.
527 1517 617 1590 -μὲν
635 1517 716 1586 αὐτὴν
735 1517 781 1596 β]
791 1519 856 1572 cod.

96 1615 138 1680 A,
152 1633 162 1656 ν
178 1608 256 1680 quod
273 1607 373 1661 AEliani
386 1605 467 1660 decet
481 1604 649 1678 elegantiam
663 1605 823 1660 affectatam
845 1629 855 1654 ν

96 1695 206 1761 demin,
222 1713 269 1768 ag.
284 1689 363 1760 αὐτὴν
376 1711 433 1746 om.
447 1722 486 1734 -
497 1695 513 1760 ἡ
526 1691 552 1748 δὲ
565 1691 576 1767 ]
588 1697 620 1760 Α,
632 1695 666 1746 V.
680 1695 739 1748 Cet.
754 1693 861 1748 addunt

97 1778 196 1853 Πνθιλς,
209 1808 221 1830 ι
234 1779 314 1853 quod
326 1780 455 1834 consulto
469 1780 629 1852 neglexerat
641 1780 755 1850 Elian,
768 1782 858 1834 inten-

96 1870 206 1923 tissimus
216 1870 264 1923 ille
275 1869 398 1922 sermoni
410 1867 574 1922 colorando.
589 1891 600 1916 υ
614 1867 718 1921 Bernh.
730 1868 860 1925 Ceterum

98 1956 252 2028 Pythagorae
268 1954 381 2028 Ephesii
401 1954 537 2007 memoria
548 1955 632 2008 etiam
650 1955 679 2008 in
695 1955 788 2008 nurnis
802 1972 859 2009 ser-

98 2052 152 2094 iata
165 2053 215 2099 est.
228 2044 263 2099 V.
279 2042 416 2094 hlionnet.
428 2041 476 2106 Vl,
490 2038 524 2112 8,
542 2039 603 2094 113.

132 2213 238 2286 (neu
270 2209 350 2270 'rnu
384 2211 432 2270 er
461 2211 728 2270 zrrsrornru
756 2213 823 2272 rr-

376 2297 543 2356 munuu.
566 2301 574 2374 γ

172 2443 253 2523 Περὶ
270 2446 325 2514 τῆς
341 2441 548 2522 Ἱερωνύμου
565 2442 770 2520 τυραννίδος.

465 2571 493 2630 3.

133 2699 277 2754 Athenaeus
291 2698 340 2766 Vl,
354 2716 384 2771 p.
399 2695 471 2764 251,
484 2698 524 2753 E:
540 2691 695 2773 Ἱερωνύμου
708 2691 745 2764 δὲ,
757 2699 801 2751 τοῦ
812 2695 863 2754 Συ-

100 2781 216 2860 ρακοσίων
228 2781 371 2861 τυράννου,
389 2780 531 2860 Θράσονα,
552 2781 596 2838 τὸν
617 2780 758 2860 Κάρχαρον
771 2782 864 2838 ίπικα·

99 2871 221 2946 lupam,
237 2870 332 2930 Βάτων
351 2869 469 2944 (Κάτων
493 2871 561 2924 olim
587 2870 653 2928 edd.
672 2873 680 2944 J
700 2872 714 2926 ὁ
732 2865 866 2934 Σινωπεύς

98 2959 184 3036 ἱστορεῖ
191 2960 218 3016 έν
226 2959 267 3036 τῷ
278 2954 344 3034 Περί
353 2959 450 3024 τῆςτοῦ
460 2953 616 3032 Ἱερωνύμου
623 2953 780 3032 τυραννίδος,
788 2976 865 3033 προε-

98 3041 209 3120 φίρισθει
244 3043 353 3120 φάσκων
381 3040 459 3098 αὐτὸν
484 3040 608 3099 ἑκάστοτε
634 3037 716 3097 πολύν
738 3040 861 3118 ἄκρατον.

97 3132 186 3188 Τοῦτον
208 3131 231 3186 δ’
253 3129 373 3198 ἐποίησεν
397 3131 562 3206 ἀναιρεθῆναι
577 3127 627 3186 ὑπὸ
644 3131 690 3184 τοῦ
709 3125 864 3204 Ἱερωνύμου

98 3217 172 3294 ἕτερος
185 3215 284 3286 κόλαξ,
300 3206 380 3282 *llere
391 3215 488 3291 ὄνομα·
503 3214 547 3272 καὶ
563 3213 641 3272 αὐτὸν
653 3213 680 3272 δέ
690 3213 733 3271 τὸν
749 3211 864 3289 Ἱερώνυ·

97 3325 140 3376 μοι
152 3304 270 3362 ἀνέπεισε
284 3303 401 3376 διάδημά
412 3325 440 3360 τε
456 3301 606 3371 άναλαύεῖν,
619 3300 664 3358 καί
673 3299 720 3370 τὴν
731 3300 865 3379 πορφύραν

97 3389 136 3446 καί
151 3390 197 3460 τὴν
218 3389 302 3460 ἄλλην
324 3397 410 3446 πᾶσαν
427 3387 574 3458 διασκευὴν,
591 3385 624 3456 ἣν
638 3386 723 3465 ἐφόρει
734 3387 866 3452 Διονύσιος

97 3475 243 3552 θτύρσννος.

168 3675 237 3752 (ΠΕ
257 3671 539 3734 stercuslnuh
561 3671 786 3746 Truentus.)

303 3834 340 3881 Da
355 3831 502 3892 Hieronymi
514 3813 658 3891 tirannide.

470 3959 486 4008 3

122 4051 260 4112 hieronymi
269 4087 276 4108 ,
286 4051 457 4110 symursarum
467 4047 576 4109 tyranni,
593 4047 762 4096 assentatorem
771 4047 868 4097 Thraso·

95 4139 144 4176 εστι
153 4127 239 4184 lutrae,
247 4125 290 4187 qui
303 4125 439 4175 corchorus
448 4125 555 4186 (Asper)
564 4124 745 4184 cognominatus
756 4127 800 4186 est,
812 4127 871 4173 Bato

93 4205 225 4266 Sinopensis
247 4205 331 4254 narrat
348 4205 372 4252 in
387 4203 448 4252 libro
467 4215 539 4263 quem
553 4201 584 4251 de
598 4202 735 4264 Hieronymi
746 4203 871 4264 tyrannide

93 4284 238 4344 composuit3
253 4282 295 4331 ubi
307 4281 409 4330 eundem
422 4279 523 4342 plurimo
538 4291 605 4328 mero
616 4293 642 4328 se
652 4281 761 4341 proluere
773 4282 870 4330 solitum

94 4361 129 4408 ait.
139 4365 209 4410 tinne
217 4375 278 4411 vero
287 4360 373 4410 deinde
381 4363 432 4409 ute
443 4360 521 4408 medio
530 4361 625 4408 tolleret
635 4360 803 4422 Hieronymus,
812 4363 870 4411 eite-

93 4439 122 4488 eit
132 4441 194 4490 atina
204 4440 315 4501 ejusdem
325 4441 465 4498 assentator,
477 4439 516 4486 cui
527 4438 581 4487 Osis
591 4451 677 4487 nornen
691 4457 697 4486 ι
712 4439 803 4501 ipsique
814 4441 871 4489 lite·

95 4533 190 4580 mnymo
210 4519 347 4582 persuasit.
366 4521 393 4565 ut
413 4517 522 4566 diadema
538 4517 644 4564 sumeret
663 4518 687 4565 et
703 4529 832 4579 purpuram
848 4520 872 4567 et

94 4595 208 4658 reliquum
220 4607 321 4644 omnem
330 4595 457 4652 ornatum,
469 4605 540 4655 quem
555 4595 688 4654 gestaverat
699 4593 826 4656 Dionysius
836 4596 871 4656 ty·

94 4687 186 4724 nanas.

196 4796 249 4855 DE
270 4793 475 4854 Thusslbnt
498 4795 544 4852 ET
566 4794 757 4853 llAEthNlh

470 4937 495 4986 t.

903 1089 954 1142 τῶν
967 1083 1026 1164 περί
1037 1085 1083 1156 τὴν
1094 1084 1275 1165 καταστροφὴν
1291 1088 1368 1144 αὐτοῦ
1383 1085 1568 1161 repeteres·

979 1269 1068 1326 ΠΕΡΙ
1089 1268 1306 1328 obituum
1325 1269 1391 1326 ΚΑΙ
1412 1271 1605 1329 ΑΠΠΟΝΙΑΣ.

1277 1447 1305 1506 θ.

944 1569 1106 1639 Athenaem,
1118 1568 1197 1636 xlv,
1209 1587 1237 1641 p.
1247 1567 1315 1641 639,
1326 1569 1349 1622 E
1359 1585 1366 1624 τ
1378 1564 1471 1624 Βάτων
1478 1568 1500 1623 δ’
1512 1570 1527 1624 δ
1539 1567 1681 1640 Σινωπεύς,

905 1651 1032 1730 ὁρήτωρ,
1053 1652 1079 1707 έν
1090 1653 1127 1729 τῷ
1141 1651 1207 1728 Περί
1229 1652 1378 1717 Θεσσαλίας
1395 1653 1439 1711 καί
1457 1654 1581 1728 Αἱμονίας
1592 1659 1680 1733 σαφῶς

907 1739 1041 1819 ἐμφανίζει
1050 1737 1097 1808 τὴν
1107 1741 1159 1796 τῶν
1175 1737 1373 1816 Σατουρναλίων
1386 1739 1476 1818 ἑορτὴν
1489 1739 1682 1810 Ἑλληνικωτά-

906 1851 963 1897 την,
976 1825 1082 1906 φάσκων
1094 1823 1177 1896 αὐτὴν
1194 1824 1328 1903 παρὰποῖς
1337 1826 1483 1892 Θεσσαλοῖς
1496 1826 1618 1908 Πελώρια
1629 1853 1681 1887 κα-

906 1916 1020 1986 λεῖσθαι,
1048 1911 1154 1991 γράφων
1176 1911 1269 1978 οὕτως·
1283 1939 1295 1963 ε
1314 1911 1415 1978 Θυσίας
1428 1918 1514 1981 κοινῆς
1525 1923 1577 1980 τοῖς
1590 1917 1680 1975 Πελα-

908 2009 980 2078 σγοῑς
989 2001 1125 2076 γινομένης
1139 1999 1291 2076 ἀναγγεῖλαί
1309 2022 1367 2057 τινα
1387 2002 1425 2079 τῷ
1441 2001 1572 2080 Πελασγῷ
1587 2002 1682 2082 ἄνδρα,

907 2080 929 2169 ᾧ
946 2087 1028 2164 ὄνομα
1046 2077 1078 2157 ἦν
1100 2086 1235 2165 Πέλωρος,
1256 2086 1320 2144 διότι
1340 2088 1411 2166 ἐντῇ
1433 2089 1545 2168 Αίμονίφ
1567 2093 1681 2166 σεισμῶν

909 2175 1028 2252 μεγοθιων
1038 2172 1182 2251 γενομένων
1190 2171 1280 2251 ῥαγείη
1288 2173 1321 2230 τά
1330 2173 1427 2249 Τέμπη
1435 2174 1482 2253 όρη
1495 2176 1682 2252 ὀνομαζόμενα,
1766 2227 1770 2234 .

908 2261 954 2320 καί
968 2260 1033 2318 διότι
1051 2259 1094 2318 διδ
1106 2265 1152 2318 ταῶ
1165 2259 1340 2334 διαστήματος
1353 2263 1472 2339 όρμῆσαν
1488 2261 1518 2318 τὸ
1530 2265 1575 2332 τῆς
1590 2261 1683 2340 λίμνης

908 2347 977 2427 θδωρ
1001 2345 1130 2423 irretitor
1147 2348 1182 2412 είς
1202 2345 1295 2404 τὸτοῦ
1315 2349 1428 2418 Πηνειοῦ
1443 2348 1553 2427 ῥεῖθρον,
1569 2349 1614 2407 καὶ
1634 2349 1682 2420 τὴν

909 2435 1030 2514 πρότερον
1036 2431 1210 2508 λιμνάζουσαν
1219 2431 1308 2510 χώραν
1316 2433 1420 2490 όπασαν
1430 2438 1624 2511 γεγυμνῶσθαι,
1638 2442 1683 2496 καί

910 2517 1147 2598 ἀναξηραινομένων
1161 2522 1211 2576 τῶν
1222 2519 1333 2593 ὑδάτων,
1348 2519 1423 2578 πεδία
1434 2520 1572 2596 θαυμαστά
1583 2527 1620 2602 τῷ
1635 2547 1682 2601 με·

909 2606 977 2684 γέθει
991 2607 1085 2683 καὶτῷ
1099 2605 1190 2664 κάλλει
1201 2605 1396 2687 ἀναφαίνεσθαι.
1410 2607 1568 2668 Ἆκούσαντα
1583 2605 1627 2669 οὖν
1638 2611 1683 2672 τδν

911 2693 1048 2770 Πελασγὸν
1060 2692 1106 2762 τὴν
1119 2692 1248 2770 τράπεζαν
1270 2694 1384 2771 ἀφθόνως
1400 2697 1471 2775 αύτῷ
1485 2697 1682 2774 κεκοσμημένην

910 2783 947 2860 τῷ
972 2778 1089 2856 Πελώρῳ
1113 2781 1278 2858 παραθεῖναι.
1297 2779 1349 2837 Καὶ
1372 2780 1430 2846 τοὺς
1452 2781 1545 2847 ἄλλους
1570 2783 1597 2840 δέ
1612 2787 1683 2861 φιλο-

910 2865 1094 2947 φρονουμένους
1118 2864 1227 2924 ἕκαστον
1250 2864 1333 2945 φέρειν
1357 2867 1372 2924 ό
1395 2890 1420 2924 τι
1442 2867 1498 2945 ἔχοι
1523 2871 1586 2948 παρ’
1613 2873 1683 2950 αύτῷ

911 2953 1054 3032 βέλτιστον,
1066 2950 1111 3010 καί
1119 2953 1289 3030 παρατιθέναι
1299 2952 1342 3010 ἐπὶ
1351 2953 1398 3023 τὴν
1406 2955 1535 3032 τράπεζαν
1547 2958 1585 3035 τῷ
1593 2957 1683 3032 ἀπαγ-

909 3040 1032 3118 γείλαντι,
1044 3039 1088 3098 καί
1103 3039 1179 3096 αὐτὸν
1187 3038 1231 3096 τὸν
1241 3040 1378 3116 Πελασγὸν
1394 3041 1533 3120 προθύμως
1541 3043 1682 3117 διακονεῖν,

907 3126 1016 3184 καὶτῶν
1028 3125 1113 3184 ἄλλων
1128 3123 1186 3190 τούς
1197 3127 1223 3182 ἓν
1236 3123 1364 3200 ἀξιώματι
1376 3125 1450 3193 ὄντας
1464 3131 1612 3206 ὑπηρετεῖν,
1630 3151 1681 3186 κοι-

911 3211 963 3269 θότι
971 3211 1071 3290 ἑκάστῳ
1080 3211 1188 3289 δκαιρδς
1197 3210 1353 3289 παρέπιπτε,
1363 3213 1459 3291 Διόπερ
1467 3215 1555 3293 φασίν,
1570 3215 1625 3273 ἐπεὶ
1636 3215 1684 3284 τὴν

910 3297 998 3376 χώραν
1006 3296 1314 3375 κατέσχον,άπομίμημα
1321 3299 1431 3368 τῆςτότε
1439 3300 1577 3375 γενομένης
1584 3305 1683 3381 έοριῆς,

911 3385 1016 3451 θύοντας
1029 3385 1071 3444 Διί
1084 3385 1215 3466 Πελώρῳ,
1229 3383 1358 3464 τραπέζας
1375 3409 1402 3444 τε
1415 3388 1541 3464 λαμπρῶς
1558 3395 1684 3465 κοσμοῦν·

912 3495 960 3538 τας
974 3473 1135 3552 προτιθέναι,
1148 3475 1193 3530 καὶ
1205 3471 1285 3538 οθτως
1295 3473 1473 3553 φιλάνθρωπον
1484 3474 1531 3544 τὴν
1543 3475 1685 3555 πανήγυριν

912 3638 1076 3687 Graecanicum
1089 3649 1152 3696 esse,
1161 3637 1265 3699 dicitque
1278 3638 1342 3699 apud
1352 3639 1477 3687 Tlressalos
1491 3639 1591 3689 Pelortu
1610 3641 1686 3689 nomi·

913 3717 973 3763 nari.
983 3714 1062 3764 Verba
1071 3715 1122 3776 ejus
1130 3715 1181 3763 huc
1194 3717 1250 3764 surrt
1261 3734 1266 3763 ι
1278 3733 1290 3756 ι
1301 3719 1355 3773 Quo
1364 3717 1470 3777 ternpore
1480 3715 1622 3764 sacriticium
1631 3730 1687 3778 epu·

914 3793 1011 3854 tumque
1023 3791 1145 3854 publicum
1153 3779 1306 3842 celebrabant
1317 3792 1420 3856 Pelasgi,
1431 3793 1579 3842 renunciavit
1591 3794 1687 3856 Pelasgo

914 3870 950 3918 vir
963 3870 1074 3932 quidam,
1092 3870 1129 3919 cui
1142 3883 1229 3919 nomen
1242 3871 1347 3919 Pelorus
1357 3873 1417 3929 erat,
1430 3870 1608 3920 vehementibus
1616 3873 1687 3920 terrae

914 3949 1018 3998 motibus
1035 3950 1124 3999 exortis
1143 3949 1167 3998 in
1185 3949 1310 3997 Haemonia
1331 3949 1450 4012 disruptos
1471 3961 1521 3998 esse
1536 3955 1629 3998 montes
1644 3951 1687 4012 qui

914 4029 1002 4087 Tempe
1015 4029 1141 4086 vocantur,
1155 4027 1179 4075 et
1197 4039 1238 4087 per
1254 4025 1406 4073 intervallum
1418 4030 1582 4086 erumpentem
1599 4039 1688 4088 aquam

915 4102 1006 4162 paludis
1016 4103 1039 4150 ln
1049 4103 1119 4151 Penei
1127 4103 1224 4152 atreum
1233 4101 1363 4160 inluxisse,
1374 4101 1540 4162 regionemque
1552 4102 1688 4152 universam

914 4193 969 4240 quse
982 4184 1051 4228 antea
1065 4181 1176 4242 palustris
1188 4178 1282 4239 lusisset,
1292 4177 1436 4227 denudatam
1450 4191 1516 4237 esse,
1528 4180 1552 4227 ot
1564 4179 1689 4230 exsiccatis

915 4258 981 4318 aquis
992 4271 1090 4320 campos
1101 4257 1235 4319 apparuisse
1245 4257 1312 4305 mirae
1324 4254 1508 4318 pulchritudinis
1517 4258 1541 4305 et
1554 4257 1689 4318 amplitudi-

915 4336 959 4384 nis.
973 4335 1065 4392 Quibus
1074 4335 1173 4395 auditis,
1184 4335 1294 4396 Pelasgus
1302 4345 1410 4381 mensam
1419 4331 1464 4381 sibi
1473 4334 1538 4382 laute
1546 4334 1688 4383 instructam

917 4413 998 4460 Peloro
1009 4413 1132 4473 apposuit,
1150 4414 1176 4460 et
1197 4409 1281 4472 reliqui
1302 4410 1378 4457 multa
1396 4409 1508 4459 comitate
1521 4411 1622 4458 attulere
1638 4410 1687 4458 sin·

915 4489 963 4548 guli
980 4488 1097 4550 quidquid
1117 4488 1218 4550 quisque
1234 4487 1352 4548 optimum
1370 4485 1487 4544 habebat,
1506 4499 1594 4535 mensae
1610 4487 1689 4534 nrrncii

916 4568 1076 4628 imponentes,
1097 4567 1194 4629 ipseque
1214 4567 1322 4626 Pelasgus
1335 4567 1444 4626 prompte
1455 4564 1476 4612 ei
1497 4563 1652 4624 ministravit,
1665 4566 1690 4613 et

916 4645 1062 4706 reliquorum
1082 4645 1182 4706 quisque
1203 4644 1380 4692 honoratiorem
1402 4643 1478 4692 eidem
1498 4643 1689 4702 famulabantur,

917 4727 987 4786 prout
1000 4725 1085 4785 cuique
1103 4724 1247 4773 atterebatur
1262 4723 1362 4772 occano.
1376 4722 1550 4782 Quamobrem,
1566 4724 1689 4781 postquam

918 4803 1034 4863 regionem
1044 4803 1109 4851 illam
1119 4805 1279 4864 occuparunt,
1289 4802 1319 4850 ad
1331 4801 1501 4862 imitationem,
1510 4803 1538 4850 ut
1546 4801 1628 4859 aiunt,
1639 4799 1691 4848 testi

917 4882 975 4929 tunc
983 4880 1107 4938 celebrati,
1121 4881 1176 4929 Jovi
1187 4879 1271 4928 Peloro
1282 4891 1349 4928 sacra
1368 4879 1492 4936 iacientes,
1506 4888 1598 4925 mensu
1610 4876 1691 4936 splen·

918 4957 972 5006 dide
983 4958 1112 5006 instructas
1122 4959 1269 5019 proponunt,
1281 4958 1396 5016 tantaque
1408 4954 1548 5002 liberalitate
1559 4951 1691 5000 humanita-

122 5039 180 5088 liato
195 5035 338 5097 Sinopensis
353 5034 434 5083 rhetor
450 5035 509 5084 libro
524 5035 556 5083 de
573 5034 693 5084 Thessalia
708 5035 733 5083 et
751 5035 874 5082 linmonia
918 5039 989 5095 teque
1005 5035 1130 5097 panegyrin
1144 5035 1208 5082 illam
1221 5033 1357 5090 celebrant,
1370 5034 1396 5079 ut
1408 5033 1432 5080 et
1444 5029 1578 5092 peregrinos
1593 5031 1692 5076 cunctos

96 5118 216 5180 permtcoe
243 5113 353 5164 declarat
373 5113 535 5182 Saturnalium
568 5113 654 5162 tostum
679 5125 751 5175 quam
772 5111 875 5162 maxime
919 5111 948 5161 ad
958 5112 1039 5174 epulas
1055 5111 1196 5172 adhibeant,
1209 5113 1233 5159 et
1248 5109 1340 5158 vinctos
1349 5109 1456 5168 solvant,
1471 5109 1496 5156 et
1507 5117 1587 5156 serros
1598 5116 1692 5154 accum-
