3930 5754
216 329 273 380 θθθ

208 453 283 518 νικῶς
298 447 401 520 ἀπάσης
412 452 456 520 τῆς
471 448 602 514 Σικελίας.
615 451 650 508 Oi
662 453 723 526 γοῦν
735 449 861 529 δραπέται
872 477 904 533 τη
919 453 988 511 σπά-

208 561 246 596 νει
259 541 309 596 τῶν
318 537 466 612 ἀναγκαίων
482 537 663 616 βεῦιασμένοι,
675 541 707 616 τῇ
721 561 749 596 τε
760 543 812 598 τῶν
823 538 910 599 ἀπλων
920 547 987 618 θαρ-

208 629 309 701 ροῦντες
323 623 449 694 ἀσκήσει,
466 623 511 682 καί
525 628 557 702 τῇ
572 629 674 703 καθαρᾷ
686 625 900 702 συνελαυνόμενοι
911 627 986 705 δίκῃ,

206 712 248 767 ίπλ
258 709 316 776 τοῦς
328 709 451 776 αὐθέντας
462 713 513 767 τῶν
526 711 614 768 δεινῶν
623 709 817 786 μετσόάλλσυσι
828 711 875 778 τάς
886 715 985 793 χεῖρας,

206 794 324 870 σύνθημα
344 795 489 876 νυκτερινὸν
503 796 702 873 ἀπαγγείλαντες
722 797 801 855 παντί
822 801 859 878 τῷ
877 802 988 879 δουλικῷ

206 881 316 952 πλήθει,
332 881 429 941 Εὔνουν
448 882 477 940 τί
490 906 548 940 τινα
562 885 699 960 λεγόμενον
713 883 856 964 δραπέτην,
873 884 948 965 φύσει
959 908 986 944 τι

206 969 298 1046 μιαρθν
314 969 358 1027 καί
370 974 515 1046 πανοῦργον
529 969 575 1028 καὶ
588 975 634 1042 τῆς
646 981 766 1050 μυσαράς
780 972 928 1052 μιαιφονίας
939 975 987 1032 αθ-

204 1055 305 1128 θέντην,
323 1055 462 1134 [βασιλέα]
477 1056 680 1122 ἀποδεικνύντες.

244 1141 355 1212 Ἐπειδὴ
368 1140 395 1200 δί
406 1134 479 1209 ούτος
492 1147 538 1214 τῆς
551 1147 701 1222 νυκτερικῆς
716 1145 812 1216 ἀκείνης
830 1145 923 1222 μανίας
938 1149 985 1224 βα·

205 1227 290 1295 σιλεθς
310 1219 465 1306 ὠνομάσθη,
483 1229 653 1298 συνεσκεύαζε
673 1231 720 1298 τάς
736 1232 819 1311 ἀρχάς
834 1233 986 1312 δορυφόρους

202 1339 232 1374 τε
245 1315 398 1382 πλείστους,
413 1316 523 1375 καὶτῶν
538 1318 680 1396 δραμάτων
695 1321 823 1399 άρχοντας
837 1323 983 1382 ἀπεδείκνυ.

205 1401 258 1462 1ίαί
270 1402 354 1461 πάλαι
368 1403 415 1478 μὲν
429 1407 483 1469 τοῖς
497 1407 590 1462 ίαυτοῦ
606 1406 743 1473 δεσπόταις
755 1413 836 1466 ταῦτα
848 1410 986 1488 τερατευό-

203 1512 278 1566 μενος
289 1490 446 1568 ἀπήγγελτο·
460 1489 549 1561 ίπειδὴ
563 1491 590 1550 δί
601 1496 646 1564 τῆς
657 1493 774 1573 ὀλεθρίας
784 1495 927 1554 ἀπελάῦιτο
938 1498 984 1554 ἀυ-

203 1577 335 1650 ναστιίας,
349 1577 476 1656 μυριάδας
489 1581 546 1656 (τε)
561 1579 663 1647 πλείους
682 1581 699 1651 ή
712 1583 907 1661 τεσσαράκοντα
921 1606 984 1642 συν-

204 1665 342 1744 αθροίσας,
357 1667 385 1724 ἀν
398 1667 485 1731 αὐτοῖς
496 1667 548 1732 τοῖς
559 1663 637 1730 οἰκοις
652 1667 753 1746 ἀναιρεῖ
770 1667 829 1735 τοῦς
843 1669 983 1735 δεσπότας·

202 1751 260 1818 τοίνς
278 1751 325 1828 μέν
346 1753 444 1820 αἰκίαις
465 1753 632 1830 θποόάλλων,
649 1753 707 1820 τοὺς
730 1755 758 1814 δί
780 1757 825 1814 καί
842 1757 910 1816 κατά
930 1761 982 1816 τῶν

202 1839 398 1919 πλευρωμάτων
416 1841 565 1913 ἀκοντίζων,
581 1838 683 1920 ἑτέρους
695 1841 722 1900 δί
737 1845 788 1900 τῶν
799 1845 919 1922 κεφαλῶν
937 1848 982 1914 ζη-

203 1931 270 2002 μιῶν
282 1927 396 1986 διετίθει·
408 1932 537 2004 γυναικῶν
549 1927 576 1986 δί
590 1927 650 1986 ἀσαι
661 1927 709 2004 μέν
721 1931 747 1987 έν
759 1931 884 2010 παρθενίφ
899 1933 983 2011 θπῆρ·

202 2038 260 2093 χον,
280 2016 473 2092 συναρπάζοντα
489 2014 616 2074 δουλεύειν
636 2018 688 2083 τοῖς
709 2017 848 2096 δραπέταις
868 2022 985 2095 ἠναγκα-

202 2101 310 2177 σμέναι,
331 2101 391 2161 ἀσαι
405 2103 432 2161 δὲ
451 2102 481 2160 τὸ
496 2103 557 2181 πρὶν
577 2103 629 2174 ἤδη
648 2105 700 2170 τοῖς
716 2105 825 2184 ἀνδράσι
845 2105 984 2184 συνῴκουν,

202 2189 265 2267 πρὸς
279 2189 338 2267 βίαν
358 2190 514 2269 ᾐσχύνοντο.
531 2193 586 2249 Τοῦ
601 2189 628 2248 δί
649 2191 746 2258 πάθους
763 2193 808 2250 καί
822 2195 879 2258 ταῖς
892 2193 984 2259 ἄλλαις

201 2276 307 2335 πόλεσιν
324 2279 528 2352 ἐπιδημοῦντος,
543 2276 682 2353 μίλλοντός
694 2302 722 2336 τε
737 2279 782 2338 καί
793 2279 834 2338 ἀπ’
847 2282 911 2359 αὐτῇ
927 2283 983 2337 ἐπι-

202 2373 292 2442 φοιτᾶν
304 2369 336 2442 τῇ
351 2363 462 2443 Ῥώμη,
474 2365 589 2430 Πόπλιος
604 2365 722 2425 Σκιπίων
734 2365 792 2424 κατ’
807 2368 892 2424 αὐτῶν
904 2390 983 2444 στρα·

201 2450 308 2521 τεύσας,
327 2449 424 2509 τούτων
444 2450 502 2518 τοὺς
516 2451 564 2526 μὲν
578 2453 691 2530 ἀναιρεῖ,
711 2451 769 2518 τοὺς
788 2451 815 2510 δέ
836 2453 886 2510 aaa
908 2455 984 2532 ζυγὸν

201 2537 311 2608 τίθησιν.

571 2619 620 2675 θα.

246 2723 321 2779 lhid.
335 2742 366 2797 p.
385 2741 418 2778 aa
440 2740 447 2781 τ
463 2717 526 2780 Ὀτι
547 2720 613 2797 μετά
627 2719 674 2792 τήν
688 2725 740 2780 τῶν
754 2725 908 2784 ἀποστατῶν
923 2723 984 2784 δού·

202 2809 255 2864 λιον
270 2809 432 2885 καθαίρεσιν,
447 2807 564 2868 Σκιπίων
578 2807 729 2888 Ἀφρικανὸς
741 2812 809 2870 κατδι
825 2811 855 2871 τὸ
875 2816 981 2891 βουλευ·

201 2893 289 2973 τήριον
303 2894 424 2975 Τιόέριον
440 2895 570 2974 Γράκχω,
585 2895 666 2976 ἀνδρα
682 2901 733 2956 τῶν
748 2900 775 2957 ἀν
789 2898 857 2956 τέλει
871 2921 983 2976 στρατη·

200 2985 265 3058 γῶν,
285 2981 415 3061 νεωτέρων
435 2982 580 3058 ἀπτόμενον
599 2983 643 3040 καί
658 2984 701 3044 τὸν
716 2987 799 3063 δῆμον
813 2986 983 3064 ἀνασείοντα,

202 3068 269 3148 ξύλῳ
283 3069 380 3136 παίσας
394 3069 561 3129 κατέκτανεν.

566 3175 615 3236 63.

240 3281 317 3340 ibid.
332 3301 364 3356 p.
384 3283 417 3338 ιδ
430 3300 437 3340 :
449 3279 514 3343 'Ort
529 3285 555 3341 ίν
567 3281 651 3362 τούτῳ
660 3285 697 3361 τῷ
709 3282 805 3362 χρόνῳ,
820 3283 983 3342 ἐπαναστάν·

807 323 967 384 Joauuts
989 324 1222 385 ΑΝΤΙΟΟΗΕΝΙ

1402 482 1450 548 6ί..

1075 577 1150 634 ibid.
1168 596 1197 650 p.
1218 577 1250 632 13
1267 596 1274 630 ε
1289 572 1354 634 Ὀτι
1373 574 1489 635 Ποπλίου
1505 575 1664 650 Σκιπίωνος,
1678 575 1820 647 ίπίκλησιν

1035 663 1156 735 Νασικᾶ,
1171 661 1216 719 καί
1228 661 1407 739 Καλπουρνίου
1424 661 1532 721 Πιστίου
1544 663 1734 734 ὑπατευόντων,
1746 655 1821 732 αὖθις

1035 751 1059 815 ἀς
1076 747 1123 818 τήν
1139 748 1240 819 Λιῦύην
1264 753 1428 826 ἐπεραιοῦντο
1451 747 1595 824 Ῥωμαῖοι,
1620 750 1725 808 ἀναντία
1747 751 1820 810 ’ίου-

1035 835 1130 916 γοόρθσ
1143 837 1181 916 τῷ
1196 837 1332 912 Νουμιδῶν
1349 836 1462 916 δυνάστῃ
1479 835 1681 912 πολεμήσοντες.
1697 837 1779 898 uitta
1792 839 1821 898 δὲ

1036 927 1082 992 τῆς
1095 921 1158 1002 πρδς
1171 923 1214 980 τὸν
1228 922 1310 1004 ἀνδρα
1325 925 1448 1004 διαφοράς
1460 923 1547 982 τοιάδε
1562 947 1600 991 τις
1613 915 1656 994 ήν.
1668 925 1822 983 Μασσανά-

1033 1031 1081 1080 σης
1095 1010 1206 1088 ἐγεγόνει
1217 1010 1285 1068 κατὰ
1298 1009 1354 1077 τοὺς
1368 1009 1421 1068 ἀνω
1432 1011 1539 1089 χρόνους
1554 1010 1675 1089 βασιλεῦς
1688 1015 1736 1082 τῆς
1746 1015 1820 1072 Νου-

1033 1095 1136 1172 μιδίας,
1159 1095 1301 1172 Ῥωμαίοις
1321 1095 1541 1173 γεγονὼςπιστδς
1555 1096 1705 1176 σύμμαχος.
1723 1099 1821 1178 Τούτῳ

1033 1183 1124 1248 παῖδες
1140 1181 1254 1260 γίνονται
1266 1181 1494 1250 Μασθανάἀαλλός
1507 1207 1534 1240 τι
1550 1184 1595 1242 καί
1607 1182 1759 1250 Γολούσσας
1772 1187 1820 1242 καί

1033 1268 1118 1348 τρίτος
1135 1269 1265 1349 Μιψίχας.
1287 1271 1507 1342 Τελευτησάντων
1523 1269 1550 1328 δί
1570 1273 1621 1330 τῶν
1636 1271 1731 1349 ίτέρων
1752 1272 1819 1330 νέων

1033 1355 1086 1428 ίτι,
1099 1355 1220 1438 Μιψίχας
1232 1356 1334 1436 χρόνοις
1345 1357 1450 1435 ὕστερον
1461 1357 1507 1429 τήν
1521 1358 1656 1438 βασιλείαν
1670 1358 1819 1438 ἐκδέχεται·

1032 1442 1177 1520 γενομένοις
1191 1443 1218 1502 ἀλ
1231 1443 1275 1524 ἀφ’
1293 1447 1386 1504 ίαυτοῦ
1401 1446 1446 1503 δύο
1458 1447 1535 1505 παισί
1551 1445 1718 1528 Ἀδεράάλλῳ
1729 1471 1759 1505 τε
1772 1451 1819 1506 καί

1032 1527 1179 1610 Ἰεμψιίλῳ,
1195 1529 1225 1589 τδ
1236 1535 1281 1601 τῆς
1296 1531 1438 1609 Νονμιδίας
1449 1532 1621 1611 παραπέμπει
1634 1533 1736 1601 τούτοις
1751 1535 1820 1614 κρά-

1031 1639 1087 1690 τος,
1106 1617 1269 1697 συνάρχοντα
1285 1620 1339 1685 τοῖς
1354 1623 1446 1678 ἑαυτοῦ
1458 1620 1551 1678 παισίν
1566 1621 1702 1702 ἀποφήνας
1713 1623 1818 1682 τουτονί

1031 1703 1074 1762 τδν
1099 1703 1275 1784 Ἰουγούρθαύ,
1300 1707 1530 1767 θίασθαναάάλλου
1554 1708 1601 1785 μέν
1623 1715 1669 1768 ταῦ
1703 1711 1818 1790 ἀδελφοῦ

1030 1792 1112 1850 παῖδα
1128 1799 1308 1872 τυγχάνοντα,
1322 1794 1446 1873 τεχθέντα
1459 1795 1486 1854 δλ
1499 1796 1530 1853 ἐκ
1545 1797 1718 1864 παλλακίδος.
1734 1795 1769 1857 ‘0
1789 1797 1818 1856 δί

1031 1877 1208 1957 ’ίουγούρθας,
1221 1885 1265 1939 τοῦ
1280 1879 1347 1940 θείου
1360 1881 1550 1958 μεταστάντος,
1559 1885 1606 1942 οὒκ
1615 1883 1759 1960 ἀγαπήσας
1767 1883 1818 1955 τήν

1030 1964 1127 2024 οἰκείαν
1138 1971 1184 2036 τῆς
1195 1967 1328 2044 βασιλείας
1339 1977 1442 2047 μοῖραν,
1454 1967 1616 2030 ἀπιῦονλεύει
1629 1978 1685 2037 τοῖς
1694 1971 1758 2049 περὶ
1769 1971 1816 2029 τὸν

1030 2048 1209 2132 Ἀδέρῦαλλον,
1222 2053 1278 2130 ἀμα
1289 2059 1327 2134 τῷ
1342 2055 1467 2138 παππῷῳ
1481 2057 1525 2115 καί
1539 2056 1653 2138 πατρῴῳ
1666 2057 1759 2137 κλήρῳ
1771 2059 1818 2117 καί

1029 2135 1076 2209 τήν
1084 2140 1148 2218 πρθς
1157 2139 1306 2216 Ῥωμαίους
1315 2141 1415 2202 εὔνοιάν
1424 2167 1451 2202 τε
1461 2145 1506 2203 καί
1514 2144 1601 2224 φιλίαν
1612 2144 1816 2222 διαδεξαμένοις,

1030 2225 1075 2283 καλ
1089 2228 1237 2308 διαφθείρας
1250 2227 1308 2295 τοῦς
1319 2229 1430 2311 ἀνδρας,
1448 2231 1525 2298 αθτδς
1535 2232 1639 2304 ἀπάσης
1653 2233 1817 2312 παρανόμως

1032 2311 1135 2392 ίκράτιι
1152 2317 1199 2384 τῆς
1216 2315 1369 2392 Νουμιδίας.
1387 2315 1489 2378 Ἐδόκει
1505 2316 1535 2388 δή
1553 2311 1597 2377 οῦν
1617 2321 1656 2398 τῷ
1675 2319 1754 2400 δήμῳ
1774 2321 1814 2395 μή

1029 2408 1152 2478 περιορᾶν
1176 2402 1275 2480 ἀνδρῶν
1297 2403 1419 2462 ἀνέκαθεν
1442 2405 1525 2484 φίλων
1541 2427 1569 2462 τε
1593 2403 1638 2462 καί
1661 2406 1816 2486 συμμάχων

1030 2487 1177 2567 συμφορὰν,
1194 2489 1252 2547 ἀλλ’
1266 2489 1373 2567 ἀμύνειν
1388 2489 1460 2570 πάσῃ
1479 2491 1602 2569 δυνάμει·
1623 2493 1668 2550 καί
1683 2492 1714 2562 δή
1729 2517 1817 2574 στρα-

1029 2573 1112 2634 τεύειν
1126 2576 1166 2632 ἀπ’
1180 2576 1257 2636 αῦτθν
1272 2577 1360 2658 ἀτερος
1371 2582 1424 2638 τῶν
1436 2577 1542 2638 ὑπάτων
1557 2579 1667 2647 Βεστίας
1678 2583 1817 2660 προστάτ-

1029 2685 1114 2722 τεται·
1129 2661 1156 2730 θς
1176 2668 1229 2732 τοῖς
1249 2665 1340 2744 δώροις
1355 2671 1399 2724 τοῦ
1415 2665 1578 2746 Ἰουγούρθον
1597 2669 1760 2748 διαφθαρεὶς,
1779 2673 1817 2736 εἰς

1030 2749 1172 2828 διαλλαγάς
1182 2753 1293 2830 αίσχράς
1302 2775 1330 2812 τε
1341 2753 1387 2812 καί
1395 2759 1442 2825 τῆς
1453 2753 1593 2831 Ῥωμαίων
1605 2755 1740 2830 δυνάμεως
1751 2761 1816 2815 ἀνα-

1030 2837 1083 2906 ξίας
1096 2837 1213 2918 ἀφίκετο.
1229 2840 1336 2909 Ταύτας
1356 2832 1400 2900 οῦν
1416 2843 1541 2900 διαλῦσαν
1556 2841 1600 2900 καί
1615 2842 1728 2922 ἀκύρους
1747 2835 1816 2903 εἶναι

1029 2927 1210 3006 ψηφισάμενον
1227 2925 1258 2986 τθ
1275 2929 1413 3008 συνέδριον,
1431 2929 1593 2988 ἀπαλλάττει
1613 2935 1659 2999 τῆς
1671 2931 1756 3010 ἀρχῆς
1769 2932 1816 2990 τὸν

1031 3012 1153 3091 Βεστίσν,
1174 3014 1289 3091 ἡγεμόνα
1307 3014 1335 3074 δέ
1350 3020 1388 3096 τῷ
1413 3016 1523 3076 κατόπιν
1538 3020 1647 3096 ἐνιαυτῷ
1669 3021 1746 3077 τοῦδε
1768 3026 1815 3080 τοῦ

1030 3100 1143 3176 πολέμου
1159 3101 1271 3182 Σπόριον
1293 3103 1457 3178 Ποστούμιον
1478 3103 1596 3163 ’λλύῖνον
1617 3105 1812 3170 ἀποδείκνυσιν,

1030 3187 1138 3259 Ἐπειδὴ
1152 3189 1179 3247 δὲ
1193 3190 1238 3247 καί
1253 3181 1324 3256 οῦτος
1341 3193 1450 3267 ἀμαθῶς
1462 3214 1490 3250 τε
1504 3191 1549 3250 καί
1562 3192 1622 3249 λίαν
1636 3193 1751 3260 ἀσθενῶς
1772 3194 1816 3254 διὰ

1027 3283 1072 3336 τοῦ
1084 3279 1194 3360 ἀδελφοῦ
1209 3278 1261 3344 τοῖς
1273 3277 1396 3344 ἐναντίοις
1409 3278 1648 3358 προσεπολέμησεν,
1660 3277 1747 3350 ήττων
1762 3285 1814 3340 τῶν

201 3387 242 3432 τος
253 3371 298 3424 τοῦ
314 3367 414 3442 δήμου,
430 3369 547 3428 Σκιπίων
563 3369 714 3451 Ἀφρικανὸς
728 3371 810 3450 φυγάς
824 3375 871 3442 τῆς
882 3369 982 3438 πόλεως
1030 3367 1172 3444 βασιλικῶν
1192 3365 1338 3444 χρημάτων
1352 3365 1501 3444 γενόμενος,
1522 3366 1607 3445 τρίτον
1625 3367 1735 3426 Κόϊντον
1755 3372 1812 3428 Ke-

200 3452 312 3529 γίνιται,
324 3457 461 3528 ζημιοῦται
474 3458 502 3514 δὲ
514 3456 615 3528 καίτήν
628 3459 721 3514 ἑαυτοῦ
734 3458 844 3534 γυναῖκα
857 3455 903 3516 σῦν
913 3480 983 3536 παρ·
1027 3451 1108 3512 κίλιον
1123 3452 1258 3512 Μέτελλον
1273 3453 1316 3510 τθν
1330 3452 1429 3510 ῦπατον
1452 3454 1496 3511 ἀπὶ
1510 3453 1554 3511 τδν
1572 3452 1648 3512 αὐτὸν
1662 3459 1753 3514 τοῦτον
1768 3458 1812 3514 ἐκ·

201 3539 266 3619 θένῳ
277 3541 368 3616 παιδὶ,
383 3541 428 3600 καλ
444 3546 490 3614 τῆς
504 3544 586 3609 οἰκίας
601 3545 657 3621 άμα
669 3552 721 3610 τοῖς
737 3544 896 3622 ὑπάρχουσιν
918 3547 982 3604 ἀπο-
1027 3539 1126 3616 πέμπει
1148 3538 1275 3615 πόλεμον.
1301 3539 1351 3606 Ὃς
1373 3539 1526 3620 ἀφικόμενος
1548 3539 1596 3614 τὴν
1617 3539 1665 3614 μὲν
1685 3543 1813 3622 στρατιάν

200 3635 339 3707 στερεῖται.
360 3627 404 3686 Τδ
422 3629 470 3704 μίν
490 3630 541 3709 γάρ
554 3629 616 3709 πυρί
638 3627 817 3707 κατεφλέχθη,
830 3627 864 3686 τά
883 3628 909 3686 δὲ
932 3630 982 3688 ὑπὸ
1028 3625 1216 3708 διεφθαρμένην
1230 3627 1279 3686 tui
1289 3631 1334 3699 τῆς
1345 3627 1439 3694 κακίας
1452 3631 1501 3686 τῶν
1516 3628 1660 3708 ἀμπροσθεν
1672 3631 1814 3706 ἡγησαμέ-

200 3719 245 3772 τοῦ
260 3715 343 3790 δήμου
359 3715 490 3792 διηρπάγη
507 3739 534 3775 τι
549 3717 595 3775 καί
615 3717 742 3796 ἀνῃρέθη·
761 3720 796 3783 ὡς
814 3716 924 3792 δόγματι
937 3721 983 3785 τῆς
1028 3739 1088 3786 νων,
1101 3713 1248 3794 φρονήματι
1256 3715 1365 3794 γενναίῳ
1375 3715 1419 3772 καὶ
1428 3715 1520 3795 μετρίῳ
1528 3719 1579 3774 τῶν
1589 3716 1813 3794 ἁμαρτανομένων

201 3803 296 3878 βουλῆς
312 3801 379 3878 μετδ
390 3807 474 3861 ταῦτα
489 3807 518 3862 ίκ
531 3808 576 3862 τοῦ
589 3801 714 3880 δημοσίου
729 3805 822 3883 μοῖραν
840 3805 868 3860 ού
885 3803 981 3884 μικρδιν
1028 3799 1201 3882 ἐπανορθῶσαι
1220 3801 1283 3878 πρὸς
1297 3801 1339 3860 τθν
1362 3801 1512 3876 Ῥωμαῖκδν
1535 3801 1685 3880 ἐπανήγαγε
1698 3804 1810 3879 κόσμον,

200 3891 237 3968 τῷ
250 3889 322 3967 ἀνδρί
334 3891 494 3962 ἐπιδοθῆναι.
1029 3887 1101 3948 οὖδίν
1116 3886 1212 3959 ἀπηνὲς
1224 3887 1282 3946 οὐδὲ
1298 3887 1390 3968 πικρὸν
1405 3889 1430 3955 ἐς
1443 3886 1535 3946 ούδίνα
1553 3891 1605 3946 τῶν
1618 3888 1740 3960 ὑπηκόων
1756 3892 1812 3968 εἰρ-

200 4057 224 4092 ν.
238 4045 355 4094 Diodoras
364 4047 468 4107 siculus,
483 4050 542 4097 tom.
556 4049 585 4106 u,
596 4063 620 4110 p.
636 4055 681 4098 5³2
695 4061 749 4110 sqq.
759 4048 797 4098 ed.
813 4048 893 4099 Didot.
906 4073 936 4084 -
945 4047 1000 4110 πρός
1012 4063 1037 4096 τε
1049 4045 1105 4110 τάς]
1118 4045 1210 4108 πρόαγε
1221 4045 1261 4100 τὰς
1273 4045 1358 4094 codex.
1372 4045 1451 4094 Verba
1459 4045 1515 4109 πρός
1526 4063 1553 4108 γι
1562 4045 1587 4094 iu
1598 4059 1651 4108 sqq.
1662 4046 1812 4097 mateoodex

201 4115 303 4176 repotit;
321 4117 392 4166 tabet
403 4119 466 4166 enim
481 4138 486 4167 :
500 4119 539 4167 καλ
554 4119 609 4183 πρός
619 4135 645 4179 γε
662 4125 690 4182 τῇ
699 4119 816 4182 πανοπλίᾳ
825 4122 921 4181 γυμναί.
931 4145 962 4160 ·-
971 4117 1043 4166 αὐτὸ
1059 4133 1098 4180 τρ.
1108 4115 1116 4179 ]
1128 4115 1166 4164 vel
1179 4115 1261 4171 αὐτοὺς
1272 4131 1322 4176 τρς
1333 4113 1386 4163 cod.
1399 4115 1465 4164 αὐτοί
1477 4131 1550 4178 tp-
1561 4115 1712 4179 Σικελίας]
1722 4117 1813 4174 Διετίας

199 4185 269 4244 cod..
281 4187 427 4248 excerptoris
440 4188 591 4250 negligentia.
601 4218 632 4229 -
649 4190 789 4253 βασιλέα]
808 4190 929 4251 suppletu
944 4189 1022 4251 κύριον
1037 4186 1096 4236 uicit
1112 4185 1241 4246 Diodorus,
1262 4198 1310 4234 sec.
1325 4197 1397 4246 quem
1410 4188 1493 4246 posteo
1511 4185 1609 4234 demam
1629 4189 1698 4248 repis
1711 4187 1812 4235 titutum

199 4260 284 4306 Eunus
294 4258 429 4318 assumpsit.
444 4285 476 4294 -
491 4259 663 4322 συνισκεύασε]
682 4264 804 4320 cramer.;
818 4261 957 4310 συνεσκίασε
971 4259 1025 4309 aod.
1038 4289 1066 4300 -
1081 4257 1191 4306 πάλαι..
1216 4253 1395 4318 ἀπήγγελτο]
1418 4257 1446 4303 V.
1459 4255 1556 4305 Diodor.
1578 4259 1688 4316 λίλίλίίλί,
1703 4263 1728 4316 t,
1742 4262 1765 4307 7.
1779 4283 1811 4292 -

165 4367 169 4376 .
199 4324 328 4386 αἰκίαις]
339 4328 416 4382 αἰκίας
428 4328 481 4376 wd-
495 4359 525 4370 -
537 4329 773 4393 πλευρωμάτων]
786 4330 904 4394 ῥευμάτων
916 4330 1001 4378 codex.
1015 4334 1109 4377 -τῶν
1123 4327 1264 4389 κεφαλῶν
1284 4323 1412 4388 ζημιῶν]
1426 4324 1503 4373 Possis
1520 4343 1526 4372 ε
1542 4326 1741 4389 τάςνεφαλάςτσί
1761 4331 1812 4381 ταῖς

199 4397 308 4458 κεφαλαῖς
318 4400 413 4457 ζημιῶν,
425 4397 468 4446 uisi
480 4399 570 4448 excidit
582 4401 681 4449 verbum
694 4415 699 4448 :
716 4403 756 4460 ut,
769 4417 790 4452 τ.
799 4403 904 4462 κεφαλῶν
916 4400 1068 4462 (ἀποτομία)
1081 4403 1166 4462 ζημιῶν
1177 4398 1311 4461 (κάκιστα)
1321 4397 1420 4447 διετίθει.
1432 4421 1465 4433 -
1475 4397 1545 4446 ὅσαι
1557 4395 1605 4460 δί]
1617 4399 1735 4460 Cramer.;
1747 4401 1812 4448 ὥστε

163 4495 168 4510 ι
199 4466 224 4516 ὀί
236 4464 290 4512 cod.
301 4494 331 4506 -
344 4465 478 4522 Ιίόπλιος
491 4469 636 4532 Σκιπίων]
648 4470 710 4519 uitat
722 4471 745 4518 in
756 4471 792 4519 iris
804 4469 891 4530 negotii
904 4471 947 4520 suu
957 4472 1069 4533 Scipioni.

231 4538 270 4584 Fr.
285 4542 324 4584 σε.
336 4537 437 4584 Σκιπίων
451 4537 599 4602 Ἀφρικανὸς]
612 4541 699 4601 inepte.
715 4544 744 4589 P.
762 4541 892 4589 Cornelius
903 4545 988 4603 Scipio
1001 4543 1111 4594 Nasica,
1126 4539 1242 4602 pontifex,
1254 4539 1278 4586 iu
1295 4539 1490 4588 Graceiumoram
1500 4537 1597 4587 turbem
1610 4536 1682 4586 irruit
1697 4537 1740 4598 (τ.
1754 4537 1812 4586 Dio-

199 4605 252 4656 dor.
263 4608 371 4665 xxxiv,
382 4609 406 4665 7,
417 4613 440 4654 2.
453 4609 551 4669 Appiam.
563 4611 622 4660 Bett.
633 4613 685 4660 civ.
697 4615 716 4671 1,
730 4616 757 4659 m
765 4612 782 4668 i.
794 4613 848 4668 Quo
860 4613 968 4672 tempore
978 4611 1056 4672 Scipio
1067 4611 1191 4660 africanus
1203 4611 1355 4659 Numantiam
1365 4610 1525 4672 oppugnabat.

231 4679 271 4724 Fr.
283 4683 312 4725 ou
338 4679 396 4724 Ηαισ
413 4676 431 4724 εἰ
444 4675 474 4724 de
486 4681 603 4740 Scipione
615 4682 739 4742 Africano
750 4683 854 4730 toenues
863 4682 983 4740 narrarit,
996 4681 1126 4730 hariolatus
1138 4683 1181 4728 ast.
1195 4679 1349 4728 Probabiliter
1360 4681 1514 4741 troc'quoqoe
1523 4679 1578 4728 loeo
1591 4677 1761 4740 intelligendus
1773 4683 1812 4728 est

200 4748 286 4806 scipio
301 4748 394 4796 Ii'ostoa
406 4745 525 4808 pontifex,
536 4749 576 4809 qai
593 4762 668 4809 quum
681 4749 713 4797 ob
724 4763 806 4799 ueeem
817 4749 904 4798 Tiberii
915 4751 938 4799 in
949 4751 1031 4800 odium
1042 4750 1200 4800 multitudiuis
1209 4751 1358 4809 incurrisset,
1369 4750 1393 4798 in
1405 4752 1485 4799 Asiam
1497 4750 1589 4811 togatus
1597 4749 1669 4810 abiit,
1689 4749 1732 4797 ubi
1745 4749 1812 4800 Ιιειιιί

199 4819 233 4868 ita
243 4819 319 4867 mutto
329 4822 381 4880 post
390 4822 499 4868 mortuus
508 4823 558 4880 est,
572 4824 632 4871 teste
646 4822 774 4870 t‘tutarctm
784 4822 808 4870 in
818 4822 870 4870 Tib.
882 4825 984 4872 Graccis.
1002 4837 1023 4872 c.
1038 4829 1075 4872 21.
1087 4824 1139 4872 Cic.
1151 4827 1197 4872 Pro
1209 4822 1293 4873 Flaoeo
1305 4835 1327 4870 ο.
1339 4828 1377 4872 at.

231 4891 270 4936 Fr.
284 4893 321 4937 ot.
337 4889 541 4952 Καλπουρνίου
559 4891 697 4955 Βιστίου]
709 4892 868 4940 Καλαάεστίου
882 4893 967 4943 codex.
978 4893 1068 4942 consui
1078 4904 1115 4940 aa.
1130 4899 1178 4943 tlt.
1192 4905 1213 4941 a.
1224 4895 1252 4942 G.
1264 4891 1750 4955 -λίασθανάπαλλός]λίασταναάάς
1765 4897 1813 4954 Αγι-

201 4959 334 5021 piamt'un.
347 4958 1810 5025 Μαλοίταν,1Χ,ε7.-Μιψίχας]ιλαίτ.Μικίψας.-Ὶεμθάλῳμμψάθῳσοιλ-παραπ,τούτοις]π.τούτῳοοιί.

205 5028 261 5076 -δι
270 5028 466 5091 αδεξαμένοις]
477 5031 634 5094 διαδεξάμενος
642 5030 897 5095 ταῶ-ἀνέκαθεν]
906 5034 975 5084 καθεν
984 5033 1267 5096 σοιί.-Βεστίας]...τίας
1277 5031 1329 5084 md.
1340 5033 1396 5082 mua
1403 5031 1434 5082 ab
1441 5032 1477 5081 his
1484 5031 1567 5081 eadem
1576 5031 1705 5092 Eutropius
1716 5033 1757 5089 tv,
1767 5039 1791 5078 tt
1803 5050 1809 5076 ι

203 5099 494 5151 Μίετιισαιίνονειιεαιιιιι
502 5101 592 5151 consul
605 5090 765 5166 calpurnius
776 5105 872 5160 Bestia,
880 5109 1018 5166 corruptus
1028 5106 1094 5165 repis
1102 5108 1223 5166 pecunia,
1231 5115 1320 5166 pacem
1328 5115 1385 5154 cum
1395 5098 1740 5165 eostopittosisstmamsecit.
1750 5112 1812 5163 quar
