3792 5728
767 339 1014 402 FRAGMENTA.

106 472 178 530 πέλοι
190 474 205 530 θ
218 467 307 550 πατὴρ
321 467 384 547 πρός
397 469 544 546 Ῥωμαίους
558 472 676 528 ὁπωσοῦν
691 467 765 548 ἔσχεν
784 469 868 528 αἰτίαν
891 474 895 484 “
915 474 1000 552 αὐτῷ,
1018 475 1040 530 εί
1054 473 1185 550 συμόῆναι
1202 474 1333 552 βούλοιτο,
1353 473 1497 532 καταλῦσαι
1516 472 1561 544 τὴν
1577 473 1682 554 ἔχθραν.

105 559 144 629 τήν
161 581 189 616 τε
205 558 311 636 εἰρήνην
329 557 398 634 ἔχειν
413 557 495 628 ἀξιοίη
509 556 626 633 βεόαίαν,
643 556 688 614 καί
709 556 790 632 μηδὲν
804 548 869 614 ε’ίναι
915 559 969 616 Καὶ
981 559 1101 638 πρίσὸεις
1115 561 1269 626 ἀποστείλας
1281 560 1350 631 ἠξίου
1362 559 1406 619 τόν
1419 583 1445 618 τε
1461 559 1514 618 υίθν
1525 563 1685 639 παραδοῦναι

104 645 183 702 λοιπὸν
193 647 247 712 τοῖς
259 644 400 719 Ῥωμαίοις
412 643 524 708 ὕποπτος
535 647 570 700 τῶ
583 642 620 718 μὴ
632 641 689 720 οὐχί
703 641 812 718 γνησίως
825 642 870 708 τίις
915 643 983 724 ὅμηρ
984 669 1021 718 ον,
1043 651 1077 712 ὡς
1097 647 1180 704 πόλαι
1199 650 1382 726 προύκαλεῖτο,
1397 646 1441 705 καί
1455 646 1558 717 ἰδιώτην
1581 647 1642 705 ὄντα
1658 649 1684 704 ίν

104 727 208 796 στονοας
217 732 386 805 εαπεοωσειν,
394 754 439 788 και
428 727 697 801 όσανοησυνεκειτο
710 730 769 788 [tte
759 727 870 806 έναιγίιρ
915 741 966 797 τοῖς
980 733 1120 791 έαυτοῦ’
1086 757 1179 844 μενειγ,
1196 734 1275 844 μηδὲν
1290 732 1519 810 ένοχλοόμενον,“
1500 757 1589 811 ωσπερ
1602 733 1684 810 ᾔτησε

103 815 180 892 χίριν,
189 814 272 874 ὅτι
243 841 292 887 την
306 817 443 892 Ολυόρίου
455 818 587 893 τετιμήκοι
597 817 722 892 γυναῖκα·
715 815 774 874 ·καί
785 823 867 874 ταῦτα
915 819 986 890 τότε,
996 820 1088 877 λαόεῖν
1100 845 1127 878 τε
1141 820 1187 890 τὴν
1200 820 1288 879 οὐσίαν
1300 821 1421 891 ὁπόσης
1408 819 1538 899 αρῄρητο,
1549 811 1685 877 καλτάλλα

104 903 239 977 ὐθοιιενος
254 928 342 960 ταντα
356 927 455 978 ετοιαος
469 927 500 974 τν
523 905 626 982 βασιλει
638 925 759 981 πραττειν
778 902 795 959 ἃ
810 903 869 979 βοό·
916 906 1063 984 ἡσυχάζειν,
1076 905 1177 965 οὐδέν’
1135 929 1255 985 εχσντα
1269 929 1349 964 κακον
1363 905 1420 964 ουοέ
1435 905 1476 963 {rs
1478 906 1684 986 ρῳπαρέχοντοι.

104 989 173 1044 λ.οιτο
183 980 238 1048 Ην
252 991 279 1047 δέ
291 1013 365 1049 τουτο
377 1013 518 1069 πρόσχημα
532 988 703 1068 ευπρεπές
670 1013 706 1046 τω
721 989 803 1068 λόγω,
815 990 871 1047 εἰτεί
916 990 1011 1049 Οοέ
998 993 1168 1072 απεκρινατυ
1179 990 1217 1049 ὅτι
1230 991 1288 1069 [ου
1290 991 1346 1069 ε]
1324 1016 1367 1049 τον
1378 991 1455 1050 olor
1441 1015 1478 1049 ετι
1490 993 1586 1072 θαηρον
1599 990 1685 1061 δωσοι,

104 1073 168 1149 τόγε
185 1077 279 1147 ἀληθὲς
291 1082 401 1134 πᾶσαν
390 1078 548 1135 εοεοοικεσαν
561 1075 674 1154 υποριαν
689 1075 814 1151 πολέμου,
826 1078 870 1132 καὶ
916 1077 972 1136 οὔτε
988 1080 1139 1138 δύνασθαι
1126 1103 1163 1138 ετι
1176 1083 1205 1138 ἐκ
1218 1102 1296 1154 μονης
1306 1103 1351 1148 της
1366 1080 1453 1144 ουσίσς
1466 1079 1683 1156 ιδιωττςοιαγειν

105 1161 200 1235 μιτίι
177 1186 222 1219 τον
238 1163 348 1220 θάνατον
362 1163 505 1241 Γινζιριχσυ
517 1185 636 1226 πεσοντες
648 1186 672 1228 ες
684 1172 770 1219 πᾶσαν
784 1165 867 1236 μαλα-
914 1163 987 1230 “lim
1011 1165 1057 1240 μὲν
1080 1159 1160 1244 γάρ
1144 1190 1176 1237 ην
1199 1165 1286 1240 μόνος,
1310 1165 1390 1239 μήπω
1411 1165 1469 1235 ἔθνη
1489 1171 1602 1223 τοσαῦτα
1628 1165 1687 1242 περὶ

105 1247 156 1304 alar
173 1248 232 1306 οὔτε
250 1247 298 1317 τὴν
310 1249 389 1319 αὐτὴν
409 1248 498 1326 ῥώμην
512 1252 537 1315 ίς
550 1249 693 1327 πράγματα
710 1249 797 1326 ἔσχον,
813 1247 870 1306 οὔτε
916 1251 992 1308 αὑτὸν
1006 1251 1080 1330 ἔχων,
1092 1253 1171 1328 μόνην
1182 1253 1213 1309 ἂν
1223 1251 1269 1321 τὴν
1280 1251 1369 1308 οὐσίαν
1381 1251 1479 1330 σφόδρα
1491 1252 1687 1326 συστελλομένῳ

106 1333 145 1399 τίς
160 1334 241 1400 αὐτάς
264 1334 303 1392 ἔτι
317 1339 434 1414 συνεῖχον
449 1336 631 1413 παρασκευὰς,
647 1337 677 1402 ἃς
698 1339 792 1401 ἐκεῖνος
809 1336 871 1414 πρὸς
915 1336 977 1404 ἴσως
992 1337 1023 1396 ἂν
1039 1341 1195 1418 ἐπαρκέσαι·
1208 1344 1251 1396 ν’ῦν
1266 1337 1305 1410 δέ,
1320 1338 1425 1417 ἐπείπερ
1442 1339 1519 1396 αὐτὸν
1533 1341 1556 1404 ές
1571 1340 1686 1412 ἀνάγκην

107 1429 185 1477 πᾶσαν
196 1423 290 1498 πρᾶξιν
303 1413 373 1500 εἶχεν
388 1422 526 1502 ἐρόρμους,
538 1427 572 1489 ὡς
583 1427 674 1481 θᾶττον
690 1423 730 1479 ἀεὶ
741 1421 870 1500 προίττειν,
915 1431 959 1482 τοῦ
973 1425 1031 1496 ίθνη
1052 1425 1171 1492 συλλέξαι
1192 1424 1364 1495 κατέστησαν,
1380 1428 1409 1481 ἐκ
1430 1429 1475 1492 τῆς
1490 1423 1602 1499 ἀνάγκης
1622 1416 1688 1481 εἶναι

108 1508 164 1575 liic
175 1507 208 1566 ἀν
220 1511 297 1574 ἀλλος
310 1511 487 1588 βουλεύσαιτο.
504 1509 646 1582 Δεξάμενος
658 1509 684 1566 δέ
697 1507 786 1618 αὐτοθς
798 1511 871 1587 ριλο-
915 1511 931 1580 ἢ
955 1511 1054 1589 τρέφειν
1075 1510 1132 1618 τρίις
1149 1509 1339 1581 έλθόνταςῆ
1314 1534 1359 1568 συν
1379 1513 1463 1576 αὐτοῖς
1482 1512 1616 1586 πολεμεῖν,
1641 1510 1687 1576 έως

109 1592 481 1671 γρένωεδΖήνωντῑμῆςμίν
498 1595 713 1666 ἡξίιισεδιοόσης
733 1594 790 1660 τοὺς
806 1593 870 1672 πρέ-
915 1597 1065 1668 παθὼνῆθ
1051 1597 1146 1675 σροίσας
1167 1597 1194 1654 ἓν
1212 1596 1441 1676 ἀναμφισόήτητον
1461 1621 1498 1675 τῳ
1479 1595 1641 1653 ”παντί’
1608 1619 1688 1674 ιτερας

111 1678 187 1751 aiere,
199 1680 294 1738 καίδιίι
297 1705 349 1759 οις
361 1683 498 1762 απετεαψ
513 1692 613 1760 τοῖςπρ
615 1684 703 1740 έπουσι
721 1681 870 1757 κοσμήσας,
916 1684 1044 1752 ἐξοίσειεν.
1058 1688 1176 1744 ίαυτα
1163 1709 1198 1750 ως
1210 1683 1374 1758 απηγγελθη
1386 1682 1441 1750 ἔδοξ
1444 1707 1469 1739 εν
1484 1685 1518 1749 είς
1533 1683 1627 1760 ἀκριίη
1640 1707 1688 1739 κα

111 1763 160 1822 ‘lle
151 1767 264 1843 ε’ξανδρον
279 1769 305 1824 σί
318 1791 386 1826 ποιει
398 1793 497 1847 τωνπ
500 1768 641 1826 ιόάτων’
611 1791 724 1844 κομητα.
916 1773 1118 1839 τασκευαζεσθαι
1130 1793 1254 1846 πολεμον
1269 1770 1363 1830 lter
1333 1792 1454 1846 ταγματα
1469 1768 1565 1845 μίν
1529 1793 1629 1842 πανα
1640 1768 1688 1826 όσα

147 1851 238 1922 oea,
260 1853 361 1932 Olussp'
352 1879 390 1913 ῑου
411 1855 528 1931 piarat<
551 1859 636 1933 ἕπῑτρ·
644 1857 654 1932 ]
678 1858 870 1930 ὓὶΰρῐοὸτῆς
914 1882 943 1916 τε
957 1881 1059 1938 προς
1030 1883 1067 1916 τω
1084 1859 1175 1916 Ποντω
1188 1880 1233 1914 και
1223 1855 1319 1914 κατὰ
1332 1854 1378 1926 τὴν
1392 1856 1489 1930 Ἀσίαν,
1505 1855 1550 1912 καί
1570 1855 1617 1913 ὅσα
1638 1858 1689 1921 τοῖς

113 1935 207 2014 ’ρ’λλυτ
198 1962 235 1996 ιου
255 1942 299 1998 ἐπ.
322 1947 461 2014 Valesius,
475 1945 604 2002 addens·
626 1948 725 2000 «llaec
746 1945 871 1998 Placidia
917 1943 988 2026 εωοις
1001 1947 1115 2023 ένιορυτο
1127 1943 1355 2024 ιιερεσι,κατά
1325 1967 1402 2021 ταχος
1416 1943 1511 2002 έκαλει
1532 1944 1585 2002 Καὶ
1602 1948 1689 2021 παρῆν

113 1961 278 2083 liobilissirna
294 2029 454 2085 dicebatur.
479 2035 558 2086 lianc
573 2031 758 2086 Gensericlrus
771 2042 872 2103 rogatu
915 2031 1118 2110 πανταχόθεν’
1093 2055 1139 2090 ουκ
1157 2031 1241 2109 ὀλίγον
1256 2053 1280 2087 τι
1301 2033 1405 2100 πλῆθος.
1423 2029 1689 2097 Κατεσκευοίζοντοθὲ

114 2113 202 2166 Leonis
215 2117 331 2188 Augusta
348 2133 406 2170 una
417 2135 480 2170 cum
491 2117 621 2171 Eudoua
633 2128 737 2184 matre,
753 2117 872 2171 Valenti·
916 2119 1016 2194 lpatat
1029 2139 1195 2197 σκευοροροι
1203 2116 1247 2174 καί
1259 2116 1315 2194 βοες
1327 2117 1467 2189 ἐωνουντο
1475 2115 1520 2173 και
1530 2138 1597 2182 σιτος
1609 2139 1635 2172 τε
1646 2137 1689 2173 και

115 2201 181 2252 niam
174 2202 297 2256 Placidi
310 2203 412 2271 uidua,
427 2203 701 2278 Constantinopolim
716 2205 870 2270 remiserat,
916 2204 964 2262 ὅσα
978 2205 1097 2284 χρήσιμα
1120 2204 1288 2282 στρατοπέδῳ
1310 2203 1395 2259 πάντα
1417 2201 1546 2281 ἐγίνετο”
1531 2224 1634 2277 ετοιμα,
1655 2205 1689 2267 ὡς

116 2296 143 2338 ut
161 2288 253 2342 scribit
272 2291 431 2364 Procopius
452 2292 482 2343 in
504 2292 555 2345 lib.
577 2295 591 2346 1
612 2291 832 2347 Vandalicorum
846 2300 873 2344 et
917 2294 994 2350 αὐτοῦ
1008 2313 1038 2369 γε
1050 2290 1186 2368 μέλλοντος
1199 2289 1282 2350 ’litet
1295 2287 1395 2357 ἐξιέναι.

118 2373 222 2433 Priscus.
246 2380 289 2432 De
311 2378 473 2433 Alexandro
494 2390 588 2434 autem
604 2388 789 2452 procuratore
809 2377 873 2430 Pla·
1298 2419 1314 2476 5

118 2461 186 2514 cidiae
206 2463 332 2536 loquitur
353 2467 452 2521 Victor
473 2469 611 2523 Uticensis
634 2470 663 2521 in
686 2468 760 2521 libro
781 2469 809 2521 11
831 2468 873 2520 De
1281 2441 1292 2476 ¹
1318 2463 1325 2480 '

118 2552 295 2618 persecutione
319 2553 526 2626 vandalorum,
551 2556 601 2630 qui
629 2556 700 2609 banc
728 2553 873 2609 historiam
956 2551 1067 2608 Ibidem
1086 2571 1117 2627 p.
1140 2550 1189 2624 89.
1209 2569 1247 2624 9ο
1270 2567 1277 2608 :
1298 2546 1362 2608 Ὅτι
1383 2547 1500 2618 όΖήνων
1516 2545 1690 2626 Μαρτινιανὸν

118 2634 187 2690 valde
199 2639 325 2696 illustrat.
341 2663 354 2690 ν
917 2637 1113 2715 προόαλόμινος
1124 2635 1279 2714 στρατηγὸν,
1295 2635 1340 2693 καί
1357 2640 1402 2692 τοῦ
1422 2640 1532 2713 στρατοῦ
1547 2638 1571 2700 ἐς
1582 2633 1689 2702 ἀταξίαν

467 2725 512 2784 ll·
919 2725 1049 2795 ἐλθόντος,
1060 2726 1095 2788 ὡς
1108 2728 1192 2780 ταῦτα
1203 2723 1289 2788 καλῶς
1300 2721 1368 2799 ἔχειν
1380 2723 1478 2793 ἐδόκει,
1488 2719 1586 2796 πέμπει
1596 2720 1690 2798 ἀνδρας

153 2807 213 2863 Ειισ.
229 2813 270 2865 Dc
281 2813 336 2886 leg.
352 2815 437 2868 Rom.
449 2833 480 2888 p.
495 2813 543 2871 88.
558 2813 595 2887 89
610 2833 616 2868 :
629 2809 692 2872 Ὅτι
706 2813 732 2869 ἐν
750 2814 787 2891 τῷ
802 2813 873 2888 αὐτῷ

118 2893 191 2972 ’χρόνῳ
210 2899 223 2952 ό
243 2896 333 2964 Ζήνων
356 2899 521 2976 αἰσθόμενος,
538 2903 572 2965 ὡς
595 2897 629 2958 τθι
652 2899 699 2976 μέν
715 2898 872 2978 Θευδερίχου

118 2985 155 3036 τοῦ
171 2983 254 3046 παιδὸς
266 2986 428 3062 Βαλαμήρου
446 2987 486 3044 ἀεί
502 2986 668 3066 ἀσθενέστερα
689 2985 733 3044 καί
748 2987 873 3044 ε’λοίττονα

117 3064 241 3142 γίγνοιντο,
257 3074 271 3128 3
292 3071 319 3128 δέ
333 3077 378 3129 τοῦ
392 3073 518 3150 Τριαρίου
532 3072 591 3144 ἔθνη
605 3097 632 3130 τε
654 3073 811 3150 συναθροίζει
830 3072 874 3128 καί

117 3154 238 3235 ωστρέρει
267 3158 401 3234 δυνάμεις,
425 3160 527 3235 ἐνόμισε
559 3161 658 3238 βέλτιον
690 3159 734 3216 tat
763 3158 874 3237 μετρίοις

116 3317 147 3363 nis
158 3321 262 3370 Romanis
275 3323 410 3383 relinquere
423 3323 546 3384 statuisse,
556 3323 685 3384 quominus
702 3338 747 3385 pax
758 3327 783 3371 et
797 3323 874 3371 indus

115 3395 159 3440 sine
167 3397 242 3445 fraude
251 3401 436 3459 componeretur
447 3401 667 3460 :multamquoque
677 3400 776 3460 gratiam
787 3398 874 3446 habere

116 3467 255 3535 inperatori,
268 3474 333 3535 quod
350 3475 442 3535 Olybrii
456 3489 555 3525 uxorem
576 3475 794 3535 honoreetieccri13
808 3473 873 3536 quod

114 3547 162 3604 qnia
177 3550 329 3612 intellexerit,
343 3551 429 3601 adduci
444 3555 472 3599 ut
487 3553 579 3612 omnia,
591 3565 645 3613 qua
656 3553 782 3612 imperator
795 3552 872 3599 velue·

113 3623 152 3680 rit,
161 3625 232 3674 lacero
241 3631 339 3688 paratus
348 3628 386 3676 sit.
395 3631 443 3676 ista
452 3641 508 3676 vero
518 3628 548 3676 ad
559 3629 660 3689 speciem
669 3630 762 3676 tantum
772 3629 874 3675 conficta

112 3705 175 3747 erant
190 3716 290 3752 :rerem
301 3705 365 3752 enim
382 3705 491 3766 quamvis
511 3704 565 3753 belli
580 3706 728 3752 occasionem
747 3704 872 3752 timebant.

112 3778 198 3826 Etenim
212 3789 263 3842 post
280 3785 383 3830 mortem
396 3783 515 3831 Genserici
524 3784 548 3830 in
559 3796 654 3831 omnem
666 3783 789 3830 mollitiem
802 3782 873 3830 deve·

111 3857 203 3914 ιιεταοίς
218 3870 294 3918 neque
310 3859 410 3920 pristina
425 3859 563 3907 tortitudine
579 3859 608 3906 ad
619 3859 681 3908 bella
691 3859 793 3920 gerenda
807 3859 873 3919 vige·

110 3926 178 3988 bant,
188 3945 263 3994 αιηιιο
279 3935 377 3982 eosdem
394 3936 513 3982 exercitus
532 3934 640 3995 alebant,
661 3948 720 3996 quos
734 3936 875 3984 Gensericus

108 4003 136 4050 &l
149 4019 227 4056 onmes
235 4010 372 4059 occasiones
381 4011 510 4059 instructos
519 4011 634 4070 babebat,
647 4014 674 4059 ut
688 4025 780 4073 semper
790 4012 873 4060 celeri·

108 4085 156 4130 tate
167 4085 307 4146 excurrendi
323 4087 426 4134 aliorum
439 4087 536 4135 consilia
550 4087 691 4149 preveniret
704 4092 728 4137 et
739 4091 874 4137 anteverte-

109 4163 151 4206 ret.
165 4163 259 4222 legatos
269 4165 334 4211 zeno
351 4163 480 4226 libepatitcr
494 4165 586 4224 excepit
603 4167 629 4212 et
643 4164 732 4212 bonore
747 4164 828 4213 debito
839 4169 875 4214 est

108 4243 254 4297 prosecmns,
264 4243 289 4287 et
308 4239 450 4286 muneribus
461 4253 505 4307 pro
516 4241 602 4289 merito
617 4243 715 4290 ornatos
730 4241 832 4304 dimisit,
851 4245 875 4292 et

108 4311 262 4362 mandem
273 4315 385 4364 comitem
396 4315 540 4376 privatamm
550 4328 631 4364 rerum
642 4317 705 4366 lecit.

139 4474 414 4539 buentempooequum
423 4481 487 4529 Zeno
498 4481 626 4543 imperator
632 4485 787 4544 praesentiret,
798 4484 875 4532 Theu-

110 4547 237 4615 dericlrum,
249 4555 364 4604 valamiri
378 4555 467 4616 lilium,
481 4559 565 4618 opibus
578 4563 603 4607 et
616 4560 720 4620 potentia
734 4559 781 4607 labi
794 4566 818 4608 et
831 4561 873 4608 mi·

112 4627 162 4684 nni,
176 4633 255 4678 eontra
266 4631 460 4680 Ttieuderichum
480 4632 554 4681 triarii
570 4635 647 4682 varlas
664 4637 745 4695 gentes
760 4635 803 4684 sibi
816 4649 873 4684 con-

113 4701 185 4751 ciliare
195 4711 218 4752 et
229 4707 309 4768 copias
322 4720 378 4756 suas
389 4707 511 4768 mitigare,
524 4709 660 4759 inimicitias
670 4711 746 4773 eeqiris
762 4711 874 4760 conditio·

114 4777 184 4840 rbus,
192 4781 209 4828 si
218 4783 345 4832 convenire
352 4784 434 4845 vellet,
441 4784 559 4845 deponere
565 4787 712 4846 meliusesse,
722 4788 873 4836 existimavit.

114 4852 189 4911 ttapre
202 4869 242 4916 per
254 4856 357 4917 legatos,
367 4871 428 4918 qum
440 4860 504 4907 misit
511 4859 599 4920 ,petiit
610 4864 638 4908 ut
652 4857 726 4908 tilium
734 4861 875 4922 ,'quod1am

115 4927 359 4993 νιίόααμομιεσεηῑ,
369 4934 477 4983 obsidem
488 4936 569 4995 daret,
582 4939 609 4984 ut
617 4937 735 4997 privatim
744 4937 816 4985 vitam
824 4951 875 5000 age

919 2811 1011 2869 αὐτίκα
1025 2809 1097 2889 παρὰ
1110 2809 1154 2867 τόν
1169 2809 1329 2888 Βαλαμήρου
1343 2809 1476 2886 λέγοντας,
1490 2808 1529 2865 ότι
1540 2810 1569 2866 οὐ
1583 2810 1621 2866 δεῖ
1636 2809 1690 2889 cpl-

919 2897 972 2954 όειν
985 2897 1022 2954 ἔτι
1032 2897 1078 2966 τὴν
1091 2895 1190 2973 μοίχην,
1201 2895 1258 2952 ἀλλ’
1270 2897 1344 2972 ἔργου
1355 2901 1398 2952 νῦν
1409 2893 1513 2971 ἔχεσθαι
1523 2892 1567 2951 καί
1577 2895 1691 2971 πληροῦν

918 2983 964 3049 τάς
974 2983 1095 3053 ἐλπίδας,
1105 2981 1144 3061 ἐρ’
1155 2973 1195 3047 οἷς
1206 2985 1252 3050 τῆς
1265 2981 1422 3059 στρατηγίας
1434 2979 1529 3050 ἠξιώθη
1541 2979 1688 3055 Ῥωμαίων.

920 3069 951 3127 ‘0
975 3070 1002 3126 δέ
1025 3068 1138 3134 ἀκούσας
1161 3068 1318 3144 ἀντιπίμπει
1341 3068 1385 3125 καί
1408 3067 1482 3132 αὐτὸς
1506 3071 1531 3133 ἐς
1555 3067 1691 3134 Βυζάντιον

920 3155 1057 3234 πρέσόεις,
1073 3156 1156 3232 λέγων
1171 3159 1205 3220 ὡς
1216 3157 1245 3212 οὔ
1260 3154 1382 3233 πρότερον
1399 3144 1544 3232 ἐγχειρήσοι
1558 3159 1594 3234 τῷ
1609 3153 1691 3233 ἔργῳ,

918 3319 979 3367 mala
1001 3331 1126 3380 passurus,
1136 3317 1226 3365 nemini
1236 3330 1332 3379 quoque
1346 3317 1450 3365 interret.
1463 3321 1493 3366 At
1512 3317 1564 3377 ille,
1577 3331 1603 3366 se
1615 3331 1692 3380 neque

919 3396 993 3444 fllium
1005 3394 1109 3442 obsidem
1121 3393 1245 3453 daturum,
1258 3393 1393 3455 respondit,
1403 3407 1481 3455 neque
1491 3393 1605 3455 privatam
1618 3395 1690 3443 vitam

918 3475 1035 3534 agentem,
1042 3472 1097 3521 solis
1104 3471 1241 3532 suisopibus
1248 3485 1316 3521 casus
1324 3485 1380 3520 suos
1389 3474 1530 3521 sustentare.
1538 3475 1618 3528 Quum
1628 3475 1692 3521 enim

918 3550 1149 3611 solusnequetanta
1170 3548 1323 3598 multitudine
1341 3551 1513 3611 circumseptus
1532 3550 1610 3610 luent,
1630 3552 1693 3599 bona

918 3625 1029 3688 quidem,
1042 3639 1096 3688 qua
1105 3629 1162 3674 tunc
1172 3625 1319 3688 possidebat,
1328 3628 1345 3675 si
1359 3641 1386 3675 ea
1394 3627 1501 3688 diligenti
1513 3627 1604 3676 ratione
1614 3627 1691 3676 admi-

919 3703 1054 3762 nistrasset,
1069 3705 1162 3764 {triecto
1180 3703 1445 3754 lortassosullecisseut.
1460 3708 1530 3754 Nunc
1543 3705 1656 3766 quoniam
1668 3707 1692 3754 in

921 3792 948 3827 ea
966 3793 991 3828 se
1009 3781 1148 3829 necessitate
1160 3780 1339 3840 constituerint,
1353 3784 1380 3830 ut
1398 3781 1486 3829 milites
1502 3782 1636 3843 colligeret,
1649 3795 1691 3830 ne·

919 3869 983 3906 cesse
1000 3869 1050 3906 csse
1064 3861 1090 3906 ut
1104 3861 1145 3905 aut
1160 3870 1256 3912 omncs.
1269 3859 1312 3919 qni
1330 3857 1360 3906 ad
1373 3871 1399 3906 se
1411 3857 1531 3916 venerint,
1547 3857 1634 3916 aleret,
1651 3861 1694 3907 aut

921 3945 1032 3982 unacum
1048 3933 1103 3995 ipsis
1124 3934 1213 3982 bellum
1226 3935 1333 3995 gereret,
1344 3934 1403 3981 dum
1414 3935 1491 3982 vietus
1502 3937 1543 3981 atat
1554 3935 1629 3982 victor
1641 3947 1692 3983 ccr-

920 4010 972 4058 tum
985 4010 1086 4071 deniquo
1098 4009 1131 4057 rci
1141 4010 1213 4057 linem
1225 4010 1364 4070 imponeret.
1384 4012 1441 4058 llaec
1452 4008 1492 4056 ubi
1507 4009 1693 4069 nuntiatasunt,

918 4086 1010 4134 censuit
1021 4085 1147 4148 imperator
1158 4085 1247 4134 bellurn
1258 4087 1322 4134 omni
1335 4099 1392 4134 cura
1408 4088 1433 4135 et
1444 4085 1565 4146 diligentia
1576 4099 1692 4148 apparan-

918 4163 986 4211 dum.
999 4165 1082 4223 ltaque
1090 4175 1173 4210 omnes
1182 4163 1298 4222 legiones,
1313 4175 1367 4222 ηοω
1385 4166 1453 4211 erant
1465 4163 1529 4210 circa
1549 4165 1652 4212 Pontum
1669 4164 1694 4211 et

921 4253 981 4300 quas
991 4239 1021 4288 ad
1033 4240 1111 4288 Asiam
1123 4241 1147 4288 ct
1157 4240 1261 4288 orientis
1272 4243 1351 4300 partes
1363 4240 1504 4300 collocarat,
1515 4245 1605 4302 qrrnnta
1615 4243 1693 4302 potuit

921 4317 1043 4364 celeritate
1055 4316 1177 4375 evocavit,
1188 4319 1212 4364 et
1223 4316 1328 4378 undique
1339 4320 1426 4377 prosto
1438 4315 1482 4365 luit
1493 4331 1540 4366 non
1551 4331 1624 4378 parva
1634 4319 1694 4366 mut·

919 4393 1004 4442 titudo.
1019 4395 1227 4455 comparabantur
1244 4406 1344 4454 currus,
1356 4394 1396 4454 qui
1412 4393 1526 4442 vellerent
1537 4395 1694 4454 utensilia‚ct

919 4471 990 4520 boves
999 4472 1139 4519 emebantur
1148 4473 1172 4520 et
1182 4471 1342 4530 trumentum,
1356 4473 1380 4518 et
1393 4483 1554 4533 quacumque
1563 4473 1695 4521 necessaria

920 4549 987 4594 erant
998 4547 1083 4595 aiendo
1092 4547 1216 4606 exercitui,
1227 4560 1255 4596 ea
1264 4547 1344 4594 omnia
1356 4547 1692 4610 praeparabanturditigentcr,

918 4623 1031 4684 quoniam
1041 4623 1152 4694 illusipse
1161 4622 1402 4684 intrabreretempus
1411 4623 1628 4684 copiaseducturus
1636 4627 1692 4672 crat.
1789 4625 1794 4636 '

1305 4713 1332 4764 5.

950 4794 1030 4848 Quum
1042 4793 1169 4852 exercitus,
1178 4714 1319 4841 ilartiniarlo
1333 4791 1394 4840 duce
1405 4794 1494 4850 creato,
1506 4792 1531 4840 in
1543 4805 1652 4853 magnam
1666 4792 1693 4840 ti·

920 4869 1160 4926 centiamincidisset,
1170 4867 1477 4928 ZenoadTlreuderichum,
1485 4869 1691 4928 Valamiriirlitrm,

920 4945 994 4994 mittit
1014 4946 1054 5007 qui
1073 4945 1192 5006 dicerent,
1212 4958 1260 4993 non
1278 4945 1327 5006 jam
1348 4947 1449 5008 amplius
1471 4950 1580 5008 oportere
1599 4945 1694 4995 dilterra

114 5006 145 5050 nt
147 5008 294 5060 dumella
302 5010 425 5062 nmlcstra
419 5024 443 5058 m
452 5024 494 5060 sua
502 5014 618 5073 potestate
627 5017 742 5074 maneret
750 5015 777 5062 ut
785 5028 874 5077 omma
920 5033 1038 5084 pugnam,
1054 5021 1096 5071 sed
1113 5024 1208 5085 tempus
1218 5035 1270 5071 esso
1281 5022 1367 5084 probo
1379 5021 1516 5072 decertandi
1533 5026 1558 5073 et
1572 5028 1693 5083 exspecta-

115 5088 293 5146 dampuaret,
301 5085 346 5135 sibi
358 5086 468 5146 baberet,
478 5089 583 5137 ceterum
594 5087 738 5150 quiesceret,
750 5101 765 5137 a
781 5103 876 5142 nemine
920 5097 1097 5160 tionemquam
1105 5098 1239 5160 excitasset,
1251 5111 1326 5160 quum
1334 5098 1401 5148 ducis
1411 5100 1694 5162 Romanorumdrbmtate
