3792 5728
236 338 288 389 151
855 320 1030 382 llESYClill
1054 318 1196 380 Mllbsll

229 455 304 534 τείχη
319 454 386 514 κατὰ
405 453 463 521 τοὺς
476 451 629 530 χ,ρομί,ους
647 448 831 529 Tmarsios(
852 447 996 525 ίμὸολσος,
1044 456 1108 504 ieron
1118 453 1209 502 balneis
1218 463 1313 514 quoque
1324 451 1347 500 el
1357 450 1428 500 sacris
1439 449 1531 500 edilius
1540 450 1679 500 illustriorem
1689 453 1743 514 lecit,
1751 455 1783 514 ju·

229 543 353 622 πρότιρον
373 543 456 600 αὐτῶν
477 543 524 598 οὐκ
544 537 591 606 ἔξω
612 543 657 608 τῆς
677 536 812 614 ἐπωνύμου
837 539 930 616 diff<
954 541 998 593 τοο
1045 579 1118 628 reque
1129 566 1209 614 omnia
1219 563 1251 613 acl
1263 564 1347 614 ceteris
1357 567 1440 614 Romen
1452 558 1551 614 sormam
1560 563 1708 627 delinirique
1716 567 1735 614 in
1745 569 1786 615 inre

231 627 357 706 βασιλέονς
374 625 511 702 κειμένων,
526 629 640 704 λουτροῖς
651 647 679 682 τε
694 625 738 682 καί
757 627 833 703 ἱεροῖς
848 623 925 688 οἱκοις
940 625 998 680 ἐπι-

230 713 357 782 δείξαντος
372 713 551 794 ραιδροτέραν,
563 710 649 769 δίκαιά
661 733 689 769 τε
700 711 785 768 πάντα
796 709 857 790 πρὸς
867 711 941 779 ζ’ήλον
955 713 1000 779 τ’ής

230 801 406 880 πρωρυπιρας
422 801 530 876 Ῥώμη,
546 798 743 880 δωρησαμςηυ,
764 797 831 856 χαρὰ
853 797 898 854 κα]
918 799 943 854 ρ,
964 801 1000 876 τῷ
1045 789 1177 854 ciplebant,
1202 791 1227 840 in
1242 789 1353 840 columna
1373 789 1464 852 lapidea
1481 789 1628 851 inscriptione
1646 794 1735 840 testulus
1752 797 1786 841 esi.

1044 678 1174 740 strategio,
1188 677 1228 726 ubi
1239 675 1358 738 quondam
1371 677 1461 724 militiae
1474 675 1546 726 duces
1559 677 1654 726 honores
1666 679 1750 728 merilos
1758 694 1787 726 ac·

231 889 524 967 Στρατηγίιρλεγομίνῳ
535 885 618 968 lieu·
629 885 1001 962 ἔνθαπθῖέθῖΰῖραῖηῖῡῧίτδς
1046 903 1193 966 (ίο)λ1οίιίε
1210 903 1268 952 item
1286 902 1381 952 llelcune
1397 901 1499 964 effigiem
1518 902 1543 950 in
1557 901 1663 952 cnlumur
1673 905 1790 964 constitnit,

229 979 276 1084 το]
289 976 386 1040 οοοοοοο
399 975 487 1082 οοοοοο
501 974 546 1040 τοο
559 971 638 1078 οομοξ
656 971 810 1077 οοοοοζοοοο
819 1015 836 1076 ’,
848 971 890 1077 οο]
906 969 1001 1078 οοοοοο
1046 1017 1325 1078 locumqnelugusteum
1335 1013 1477 1077 appellarit:
1489 1014 1791 1078 quinctsenaloribnslpsun

231 1065 359 1140 ἀνεγραψε
369 1064 474 1132 στήλης.
489 1059 533 1138 (ιο)
547 1061 748 1130 Ιίαλτηςέαυτου
760 1079 856 1136 μητρος
867 1057 878 1134 [
889 1053 1000 1137 Ελενης]

231 1146 274 1204 ἐπὶ
288 1147 370 1212 κίονος
382 1145 522 1216 ἀνίστησιν
534 1145 655 1221 ἄγαλμα,
667 1145 712 1203 καλ
723 1145 767 1203 τὸν
780 1144 858 1202 τόπον
867 1143 1000 1218 ὠνόμασεν
1657 1205 1662 1215 ι

230 1235 419 1312 Αὐγουσταῖαν,
440 1233 485 1291 καὶ
505 1240 558 1297 τοῖς
578 1231 781 1301 ἀκολουθήσασιν
801 1233 871 1309 αὐτῷ
886 1229 937 1288 ἀπὸ
956 1234 1002 1300 τῆς
1046 1241 1150 1292 auclino
1162 1241 1294 1302 imperante
1308 1237 1403 1290 additus
1412 1237 1466 1286 urbi
1475 1240 1510 1288 ast
1520 1238 1794 1300 aqueductus‚crcctique

232 1321 347 1398 μοίοοοο
362 1318 468 1394 Ῥοοὶοοὶο
484 1320 663 1396 οοΥοοοοοοοοος
680 1317 880 1398 οοοοοοοίοοοοοο
899 1315 1000 1392 οοοοοοι
1046 1353 1072 1402 in
1081 1353 1132 1402 loro
1142 1353 1241 1402 fornices
1254 1352 1348 1413 duo,el
1364 1351 1460 1414 insignis
1472 1350 1513 1400 illa
1529 1351 1638 1398 columns
1649 1363 1766 1412 purpuren,
1775 1351 1794 1398 iu

230 1408 273 1474 οθς
283 1407 358 1473 αι’ντδς
369 1404 559 1464 κατεσκεύασεν
574 1407 603 1462 ἐκ
618 1406 761 1483 χρημάτων
782 1403 862 1464 ίδίων.
882 1404 925 1480 (tt)
941 1404 1002 1464 Ἐπί

232 1494 259 1552 δ]
274 1494 372 1564 τούτω,
386 1492 567 1553 Κωνωπίου
583 1491 631 1562 τὴν
644 1491 727 1572 ἀρχὴν
746 1491 944 1567 διαδεξαμένου,
957 1491 1002 1550 καὶ
1047 1478 1094 1527 qua
1101 1465 1244 1514 collocutum
1256 1464 1439 1516 constantinum
1449 1463 1572 1523 ridemus,
1588 1463 1643 1512 solis
1654 1463 1721 1510 instar
1733 1462 1797 1508 radios

230 1585 243 1640 θ
258 1584 309 1638 τῶν
329 1551 428 1639 ὑδάτων
442 1579 516 1646 ὁλκὸς
529 1578 671 1660 προσετέθη
691 1584 722 1657 τῇ
746 1578 836 1650 πόλει,
858 1578 1002 1650 ἀνέστησαν
1048 1578 1141 1626 civibus
1151 1579 1309 1640 spargentem.
1323 1576 1450 1626 AEdiicaia
1464 1587 1564 1638 quoque
1575 1577 1705 1624 senatorum
1715 1573 1795 1620 ionici·

230 1667 257 1724 οο
273 1670 300 1724 οἱ
315 1666 359 1724 οοο
375 1668 462 1743 οἱῑοοί
474 1665 536 1744 epi<
549 1671 586 1746 τῷ
600 1665 752 1746 mmihi
763 1665 847 1743 pipp,
861 1663 905 1722 χο]
917 1667 1002 1742 ⁶²²⁰?-
1047 1690 1093 1751 liu,
1108 1703 1163 1753 quae
1174 1691 1260 1740 &nata
1272 1690 1399 1750 uocantur,
1414 1691 1438 1738 et
1454 1688 1535 1750 palatii
1546 1688 1608 1736 auls.
1622 1688 1668 1748 (tu)
1680 1685 1797 1736 constanti·

230 1759 323 1832 ρυροῦς
346 1751 391 1811 καὶ
420 1751 591 1829 περίβλεπτος
616 1753 688 1824 κίων,
715 1754 754 1832 ἐφ’
778 1744 856 1829 οὗπερ
885 1753 1002 1829 ἱδρῦσθαι

230 1841 428 1898 κω,,,,,,,γ,,,
441 1843 552 1917 δρῶμεν,
567 1838 725 1910 mmmm,
746 1837 934 1917 προλάμποντα
951 1840 1003 1903 τοῖς
1048 1817 1093 1852 nus
1106 1816 1175 1864 vero,
1189 1803 1300 1852 omnihus
1316 1803 1349 1850 itu
1366 1805 1466 1864 peractis
1480 1803 1504 1850 ct
1521 1813 1631 1850 enennns
1645 1799 1798 1848 licunluuruo

229 1926 357 1992 πολίταις.
367 1925 431 1986 Ἐπί
439 1925 466 1984 δὲ
476 1924 573 1994 τούτοις
582 1925 626 1984 καὶ
634 1929 692 1992 τοὶνς
700 1931 747 1997 τῆς
757 1926 901 2003 συγκλήτου
911 1927 1003 2005 βουλῆς
1048 1917 1104 1966 llaii
1121 1917 1209 1966 rncnsis
1226 1915 1364 1975 celebratis,
1376 1928 1439 1964 auno
1453 1915 1546 1978 imperii
1557 1915 1594 1964 sui
1605 1914 1711 1964 vicesimo
1722 1911 1800 1973 quinto,

232 2011 430 2091 ἀνῳκοδόμησεν
450 2010 546 2084 οἴκους,
566 2012 668 2071 Σενάτα
679 2011 781 2079 τούτους
799 2013 943 2088 ὀνομάσας,
958 2011 1003 2068 καί
1048 2029 1115 2080 «γῆς,
1126 2029 1270 2078 circensibus
1285 2029 1412 2089 ordinavit,
1424 2029 1459 2076 uti
1471 2027 1584 2091 deinceps
1593 2028 1638 2076 hoc
1650 2027 1757 2074 honores
1772 2036 1800 2070 se

229 2097 340 2168 τὴντῶν
352 2096 489 2176 βασιλείων
509 2098 602 2168 αὐλήν.
626 2099 670 2177 (lu)
688 2099 779 2158 Πάντα
793 2098 819 2156 δέ
831 2098 898 2156 κατὰ
909 2099 952 2156 τὸν
964 2101 1001 2155 εί-

232 2183 341 2262 ρημένον
360 2183 608 2262 τρόπονπληριύσας
629 2189 642 2243 ί
663 2188 869 2256 Ιίωνσταντῖνος,
890 2185 935 2243 καὶ
954 2183 1002 2254 τήν

230 2273 281 2328 τῶν
294 2269 429 2347 ἐγκαινίων
444 2269 545 2348 ἡμέραν
559 2269 626 2328 κατδι
641 2270 686 2340 τήν
699 2271 836 2343 ἑνδεκάτην
852 2277 898 2328 τοῦ
915 2266 1002 2330 Μαΐου

231 2353 311 2432 μηνὸς
322 2355 487 2427 ἐπιτελέσας,
500 2359 526 2415 ἐν
540 2356 591 2414 ἔτει
602 2361 647 2428 τῆς
661 2359 793 2436 βασιλείας
805 2361 883 2416 αὐτοῦ
895 2360 1002 2436 εἰκοστῷ
1048 2365 1235 2428 magnitudinem
1245 2367 1366 2428 pervenit,
1378 2379 1419 2428 per
1430 2367 1589 2428 imperatores
1597 2365 1727 2416 alternatim
1735 2377 1800 2412 succc-

229 2443 359 2523 πέμπτῳ,
379 2442 549 2524 ἱπποδρόμιον
572 2446 716 2524 θεωρήσας,
738 2445 851 2514 διέταξεν
873 2443 940 2504 τούτω
955 2443 1001 2515 τήν
1047 2479 1230 2530 denmdhaec
1239 2479 1578 2542 usquetemmmgubmm·
1592 2481 1672 2530 Finis·

229 2533 321 2588 ἑαυτοῦ
341 2530 439 2602 στήλην
456 2531 499 2589 ἐπὶ
512 2530 571 2597 τοὺς
585 2531 674 2610 ἐφεξῆς
693 2532 799 2612 χρόνους
813 2557 845 2611 τη
862 2536 913 2590 τῶν
928 2555 1000 2610 γενε-

229 2615 305 2674 θλίων
319 2617 407 2698 ἡμέρᾳ
424 2621 533 2696 δρᾶσθαι
551 2618 618 2694 μετά
641 2623 686 2690 τῆς
707 2619 850 2696 εἰθισμένης
869 2623 945 2696 τιμῆς
965 2623 1002 2698 τῷ

229 2702 297 2760 κατὶι
311 2704 400 2783 καιρὸν
417 2704 578 2783 βασιλεύοντι
590 2706 634 2764 καί
649 2707 785 2786 τῷδήμῳ.
804 2707 882 2766 Οὕτω
897 2705 944 2781 μὲν
959 2696 1001 2762 οθν

228 2793 245 2858 ἠ
262 2791 533 2857 ίίωνσταντινούπολις
544 2791 608 2870 πρὸς
616 2793 674 2850 τόδε
687 2791 716 2850 τδ
731 2793 835 2869 μέγεθος
847 2790 1002 2868 ἐξενήνοχεν,

230 2877 261 2934 ίκ
293 2878 414 2956 διαδοχῆς
446 2878 633 2956 βασιλευομένη
669 2878 747 2958 μέχρι
775 2883 826 2936 τῶν
854 2879 910 2938 καθ’
932 2881 1002 2954 ἡμᾶς

229 2961 338 3042 χρόνων.
351 2963 472 3031 Τέλης.

598 3069 626 3125 5.
1417 3080 1443 3130 5.

268 3173 370 3244 (Follis
384 3172 540 3250 tributum)
557 3175 619 3237 Τοῖς
631 3171 678 3249 μίν
692 3177 738 3230 τοῦ
753 3171 899 3252 πρωτίστου
914 3172 1002 3236 τέλους
1077 3186 1157 3235 Prima
1167 3184 1247 3234 classis
1254 3186 1465 3248 eorum,aquibus
1477 3185 1539 3236 loliis
1546 3188 1667 3237 tributum
1676 3186 1810 3248 erigebatur,

227 3257 296 3315 δκτὼ
305 3259 412 3336 χρυσίου
421 3259 523 3338 λίτραι,
534 3267 587 3326 τοῖς
597 3257 623 3318 δέ
633 3265 677 3318 τοῦ
688 3260 804 3338 δευτέρου
814 3260 945 3336 τέσσαρες,
958 3257 1002 3314 καί

228 3343 273 3400 δύο
293 3353 344 3410 τοῖς
363 3345 470 3423 τρίτοις,
491 3344 526 3412 όνς
546 3369 623 3425 φησιν
643 3346 768 3424 Ἱίσιίχιος
785 3350 799 3403 ὁ
818 3347 1000 3423 Ἰλλούστριος,

227 3433 241 3486 ό
253 3431 413 3510 Φιλοσοφίας
424 3437 469 3502 τῆς
480 3433 628 3505 Μιλησίας,
639 3435 664 3491 ἐν
676 3437 712 3512 τῷ
724 3434 749 3498 ς’
762 3435 881 3511 Χρονικῷ
892 3430 1001 3499 διαστή-

228 3539 292 3593 ματι
303 3523 349 3589 τῆς
357 3521 481 3596 ἱστορίας.
1047 3525 1120 3584 iulius,
1130 3523 1191 3572 libro
1203 3525 1271 3572 scuto
1282 3523 1391 3572 ilistorioe
1404 3523 1528 3572 Ghronicee
1540 3524 1622 3572 retert-

1046 1129 1136 1180 secutis
1146 1127 1209 1178 acles
1228 1141 1243 1176 a
1258 1141 1283 1176 se
1303 1129 1436 1176 exstructas
1449 1125 1554 1175 donarit.
1569 1127 1617 1187 ill)
1627 1126 1662 1176 ld
1683 1127 1729 1176 hec
1740 1131 1792 1176 con·

1048 2143 1140 2192 cuturis
1158 2141 1338 2204 imperatoribus
1356 2141 1505 2204 populoque,
1517 2139 1558 2190 die
1574 2140 1640 2189 urbis
1656 2138 1724 2187 natali
1736 2139 1801 2184 staina

1047 2265 1092 2302 sus
1108 2255 1262 2316 spectaretur.
1284 2255 1314 2301 lli
1332 2254 1377 2302 isio
1395 2253 1466 2302 modo
1482 2252 1695 2316 Constantinopolis
1709 2251 1736 2310 ad
1752 2251 1801 2297 lunc

1047 3304 1171 3354 solvebant
1190 3305 1244 3352 octo
1256 3304 1307 3352 aurl
1318 3303 1397 3365 litrss,
1416 3303 1520 3354 secunda
1531 3305 1602 3355 lilrns
1620 3307 1740 3367 quattuor,
1751 3301 1810 3350 lertio

1046 3419 1106 3467 «lunc
1122 3419 1203 3476 liuns,
1222 3419 1249 3465 ul
1270 3416 1399 3478 Hesychius
1411 3416 1524 3476 illustris,
1548 3417 1710 3478 Philosophim
1728 3413 1811 3463 blilcsicc

228 3677 282 3740 ἄχρι
301 3683 341 3736 τῆς
352 3678 470 3741 βασιλείας
480 3684 521 3726 τοῦ
532 3681 633 3741 μεγάλου
644 3680 829 3728 Κωνσταντίνου.
839 3681 878 3728 Ἐν
888 3681 912 3728 δὲ
924 3685 958 3740 τῷ
967 3682 1097 3740 τριακοστῷ
1109 3679 1148 3726 καὶ
1159 3679 1276 3740 ἑξηκοστῷ
1285 3679 1383 3740 δευτέρην
1394 3679 1439 3727 έτει
1448 3679 1495 3727 ἀπὸ
1505 3679 1645 3734 Αὐγούστου
1656 3677 1767 3738 Καίσαρος
1778 3691 1812 3734 μι-

227 3745 337 3809 ναρχίας,
353 3755 393 3807 τῆς
407 3749 561 3810 πρεσθυτέρας
578 3751 669 3810 Ῥώμης
685 3751 725 3798 καί
741 3756 786 3798 τῶν
798 3751 939 3811 πραγμάτων
955 3751 1024 3806 αὐτῆς
1035 3749 1079 3804 ήδη
1097 3749 1153 3810 πρὸς
1165 3749 1191 3796 τὸ
1202 3749 1272 3810 πέρας
1284 3749 1427 3809 ἀφιγμένων,
1442 3751 1647 3806 Κωνσταντῖνοςό
1662 3745 1814 3798 limentur-iou

226 3821 295 3872 παῖς,
305 3823 351 3865 τῶν
362 3818 485 3880 σκήπτρων
496 3819 671 3879 ἐπιλαὸόμενος,
681 3822 722 3876 τήν
736 3821 789 3867 νέαν
798 3820 882 3872 ταύτην
894 3821 934 3867 καί
945 3820 1069 3879 περικαλλῆ
1083 3817 1196 3872 ἀνέστησε
1206 3817 1286 3876 πόλιν,
1296 3819 1337 3874 τήν
1347 3819 1470 3879 λεγομένην
1481 3817 1673 3867 Κωνσταντίνου.
1685 3815 1815 3876 θαυςιιῑθῐήν

227 3889 273 3951 γὰρ
281 3887 497 3950 προσεργασάμενος
506 3892 539 3950 τῷ
548 3887 639 3946 κάλλει,
652 3889 769 3951 πόρρωθεν
779 3891 819 3936 καί
828 3890 858 3936 τά
868 3889 934 3950 τείχη
947 3889 1076 3950 μετέστειλε
1088 3887 1148 3933 κατὰ
1157 3887 1209 3942 τοὺς
1220 3888 1367 3950 Τρωαδικοίις
1377 3887 1488 3948 ἐμάὀλους
1499 3923 1506 3945 ,
1516 3889 1605 3950 λουτρά
1613 3903 1640 3934 τε
1652 3890 1691 3934 καί
1704 3885 1771 3948 ἱεροὺς
1780 3883 1814 3930 δύο

228 3961 306 4012 οἱκους
318 3958 432 4019 μεγάλους
450 3958 569 4020 ἀνήγειρε,
580 3960 621 4006 καί
635 3957 702 4020 ἐντῷ
719 3959 853 4020 Στρατηγίῳ
869 3959 984 4020 λεγομένῳ
996 3957 1071 4018 pipp,
1085 3956 1138 4003 ἔνθα
1151 3958 1206 4004 ποτέ
1218 3960 1240 4004 οἰ
1252 3963 1431 4019 στρατηγοῦντες
1440 3958 1480 4012 τὰς
1489 3957 1559 4018 τιμάς
1575 3959 1655 4006 αὐτῶν
1672 3957 1815 4016 ἀπεδέχοντο,

228 4027 309 4076 ἑαυτὸν
319 4028 356 4074 ἐπὶ
366 4027 450 4083 λιθίνης
460 4027 573 4088 ἀνέγραψε
585 4027 678 4085 στήλης.
689 4051 719 4062 -
730 4025 745 4088 §
755 4031 793 4075 lt).
808 4025 938 4089 Ἑλένης]
948 4039 961 4074 u
974 4025 1065 4074 Cociino
1078 4024 1166 4072 addidi.
1176 4051 1207 4060 —
1217 4025 1387 4089 ὠνόμασεν]
1398 4027 1506 4075 ἐκάλεσεν
1517 4027 1580 4076 cod.
1592 4055 1624 4068 -
1633 4029 1684 4076 καί
1695 4032 1753 4080 τοῖς
1763 4021 1817 4084 ἐκ]

227 4095 334 4146 codrum
347 4115 353 4145 ε
366 4099 414 4152 τοῖς
426 4112 452 4144 τε
463 4099 689 4155 συνακολουθήσααιν
699 4099 762 4158 αὐτῷ
773 4098 820 4146 ἀπὸ
833 4098 924 4158 Ῥώμης
939 4097 1099 4156 συγκλητικοῖς
1108 4096 1299 4156 ἐφιλοτιμήσατο,
1310 4095 1472 4150 οίκαυςαύτοῖς
1482 4096 1668 4158 δωρησάμενος,
1678 4096 1717 4149 οὓς
1730 4094 1752 4149 ἐξ
1760 4093 1817 4140 ἰδίων

228 4164 337 4227 ἐδείματο
351 4164 485 4228 χρημάτων.
496 4195 527 4208 -
536 4165 550 4227 §
559 4171 570 4216 ί
579 4173 598 4214 l.
609 4167 654 4215 ἐπὶ
668 4167 695 4216 δὲ
711 4167 804 4229 τούτῳ
817 4164 883 4228 κτλ]
895 4165 1002 4215 Codinns
1013 4184 1019 4213 c
1030 4165 1082 4212 Ἐπί
1097 4165 1121 4212 δὲ
1132 4165 1214 4213 τούτου
1224 4168 1262 4214 καί
1271 4169 1284 4214 ὁ
1294 4171 1340 4214 τῶν
1349 4165 1438 4214 ὑδάτων
1450 4166 1517 4221 όλκθς
1526 4167 1659 4228 προσετέθη
1670 4171 1699 4227 τῇ
1711 4165 1780 4212 πόλει.
1791 4185 1817 4196 -·

228 4235 392 4292 ἀνέστησαν
403 4234 470 4296 κτλ]
487 4236 541 4284 Loci
553 4237 613 4284 ratio
625 4237 779 4296 grammatica
789 4237 889 4286 laborat.
908 4235 1014 4284 eodinus
1030 4233 1118 4282 iterum
1132 4235 1200 4295 plura
1218 4235 1369 4295 interponens
1380 4237 1412 4282 ita
1430 4234 1504 4282 trahet
1523 4253 1529 4283 ε
1549 4235 1677 4293 Ἀνέστησε
1693 4235 1718 4281 δὲ
1728 4233 1766 4280 καὶ
1782 4231 1818 4278 δύο

228 4306 312 4366 ἀψῖδας
322 4307 378 4367 πρὸς
387 4305 426 4352 τὸν
436 4305 576 4368 καλούμενον
586 4305 670 4366 μόρον,
681 4307 720 4354 καὶ
731 4307 878 4367 θπορρυροῦς
889 4305 929 4352 καὶ
938 4305 1085 4367 περίόλεπτος
1096 4303 1153 4352 κίων
1164 4303 1197 4365 ἐρ’
1208 4304 1278 4367 οὗπερ
1289 4307 1377 4365 ίδρυται
1397 4305 1589 4364 ἱίωνσταντῑνος,
1607 4305 1634 4352 ὃν
1653 4305 1742 4366 ὁρῶμεν
1759 4301 1818 4356 δίκην

228 4375 294 4432 ήλίαυ
304 4379 351 4429 τοῖς
362 4374 466 4430 πολίταις
475 4375 631 4435 ἐκλάμποντα.
642 4377 717 4424 Τοῦτο
726 4379 782 4434 γοῦν
791 4373 818 4424 τὸ
828 4375 922 4436 ἄγαλμα
930 4375 1058 4424 κατέπεσεν
1069 4375 1115 4422 ἀπὸ
1125 4379 1167 4422 τοῦ
1177 4373 1265 4434 κίονος,
1276 4377 1315 4424 καί
1327 4376 1450 4436 μόνοντῶν
1459 4375 1534 4423 ἐκεῖσε
1543 4376 1685 4438 εὑρεθέντων
1701 4375 1784 4434 ἀνδρῶν
1799 4386 1820 4418 τε

228 4445 268 4493 καί
279 4449 394 4506 γυναικῶν
404 4445 460 4492 ὡσεὶ
470 4443 527 4492 δέκα
537 4443 674 4505 εἰργάσατο,
684 4445 745 4492 κατὰ
754 4445 797 4502 τήν
806 4445 912 4506 πέμπτην
922 4445 1008 4502 δηλαδή
1018 4449 1059 4492 τοῦ
1069 4443 1195 4505 Ἀπριλλίου
1205 4446 1288 4506 μηνὸς,
1298 4451 1338 4502 τῆς
1348 4443 1605 4506 τεσσαρεσκαιδεκάτης
1618 4445 1773 4500 ἷνδικτιῶνος,
1783 4445 1819 4488 τοῦ

228 4514 427 4576 ἑξακισχιλιοοτοῦ
436 4515 476 4562 καὶ
486 4515 649 4568 transmenso
665 4513 918 4575 τεσσαρεσκαιδεκάτου
928 4515 1006 4576 έτους,
1023 4515 1128 4562 εἱκοστδν
1144 4514 1195 4571 έτος
1207 4515 1307 4576 ἀγούσης
1325 4521 1365 4572 τῆς
1382 4515 1500 4576 βασιλείας
1515 4519 1557 4562 τοῦ
1570 4515 1657 4578 κυρίου
1674 4514 1769 4569 Ἀλεξίου
1784 4515 1820 4558 τοῦ

228 4586 360 4646 Κομνηνοῦ.
370 4583 432 4644 Ὦρα
445 4581 473 4641 ἦν
487 4584 543 4630 ὡσεὶ
557 4583 637 4644 τρίτη,
650 4583 689 4630 ὅτε
699 4585 780 4644 γνόρος
792 4585 880 4644 ἐγένετο
890 4585 929 4632 καί
940 4585 1014 4646 βίαιος
1023 4584 1087 4638 νότος
1097 4584 1192 4632 ἔπνευσε
1201 4585 1313 4646 σφοδρὸς,
1324 4589 1365 4632 τοῦ
1376 4585 1479 4646 κομήτου
1491 4584 1591 4646 ἀστέρος
1600 4590 1645 4634 τοῦ
1654 4584 1763 4632 ἀκοντίου
1773 4583 1819 4635 κλη-

228 4654 303 4710 θέντος
312 4653 352 4700 τδν
363 4656 467 4700 τοιοῦτον
475 4657 517 4700 τοῦ
527 4652 592 4714 ἀέρος
602 4652 702 4714 τάραχον
714 4653 908 4714 ἐξεργασαμένου,
918 4659 959 4702 τοῦ
969 4655 1076 4715 φανέντος
1085 4653 1145 4700 κατὰ
1155 4653 1195 4708 τήν
1205 4654 1304 4716 ἑσπέραν
1314 4659 1355 4711 τῆς
1366 4657 1513 4714 παρασκευῆς
1524 4659 1565 4710 τῆς
1582 4655 1681 4715 πρώτης
1692 4650 1819 4712 ἐὸδομάδος.

229 4721 305 4778 Οὗτος
314 4723 339 4770 δέ
349 4727 390 4779 τῆς
399 4721 529 4782 συγκλήτου
540 4722 622 4782 βουλής
635 4720 742 4776 ἐποίησεν
752 4721 844 4782 οἱκους,
854 4725 894 4770 καί
906 4723 1003 4772 Σενάτον
1011 4725 1051 4772 τὸν
1059 4721 1130 4770 τόπον
1140 4721 1274 4782 ὠνόμασεν,
1286 4724 1309 4771 ἐν
1319 4723 1352 4778 οἱς
1367 4724 1407 4770 καὶ
1420 4721 1447 4770 τό
1460 4725 1502 4770 τοῦ
1512 4721 1660 4772 Δωδωναίου
1673 4725 1727 4782 ᾼιὸς
1737 4723 1821 4768 ίσταται

228 4791 323 4854 ἄγαλμα
332 4792 371 4839 καὶ
381 4791 422 4839 δύο
433 4796 472 4849 τῆς
487 4791 605 4846 Παλλάδος
615 4791 736 4852 ἱδρύματα.
753 4791 843 4840 Βαίτιος
858 4793 904 4840 alia
912 4796 1045 4852 sequuntur
1054 4795 1090 4840 sat
1102 4792 1178 4839 mcnltn
1189 4792 1219 4840 de
1236 4792 1343 4841 aediliciis
1356 4779 1535 4842 udonstnntino
1544 4795 1682 4842 exstructis
1695 4799 1736 4853 (p.
1755 4794 1821 4839 its-li

229 4861 267 4910 ecl.
277 4861 375 4912 Βαλίον.
385 4861 408 4920 l,
423 4873 526 4921 quorum
535 4864 628 4922 partem
640 4860 787 4910 hauddubie
799 4863 871 4909 stiam
884 4862 907 4909 in
919 4861 1029 4922 llcsychii
1045 4861 1170 4911 chronicis
1179 4862 1256 4923 legere
1267 4865 1331 4922 στοις
1344 4875 1428 4912 verum
1440 4861 1545 4912 cedinus
1556 4865 1602 4912 aut
1612 4861 1764 4926 Hesychisna
1772 4873 1822 4910 curu

229 4927 281 4976 aliis
292 4927 419 4976 senioribus
428 4927 538 4984 miscuit,
548 4929 591 4976 aut
600 4927 679 4976 omnia
688 4940 731 4976 sua
740 4941 771 4976 cx
780 4927 896 4976 inferioris
904 4929 949 4976 seui
959 4931 1056 4976 auctore
1066 4930 1157 4991 hausit,
1170 4933 1211 4992 qui
1222 4933 1300 4994 ipsum
1312 4931 1457 4993 llesychium
1469 4931 1627 4982 adhibuerat.

261 5001 303 5048 ir.
315 5005 338 5048 5.
350 5001 471 5060 leguntur
481 4998 534 5046 hnec
545 4999 570 5046 in
581 4999 671 5048 Glossis
681 4999 810 5049 verborum
823 5000 884 5062 juris
895 4999 919 5046 in
933 4999 1027 5048 ottonis
1036 5001 1105 5049 Thes.
1115 5001 1162 5061 jur.
1173 5004 1233 5051 tom.
1246 5006 1294 5060 ltl,
1307 5015 1329 5064 p.
1344 5008 1417 5062 1818,
1429 5016 1451 5052 ν.
1463 5003 1588 5062 Φίλλις,
1604 5003 1647 5052 ubi
1659 5017 1740 5052 senno
1751 5003 1784 5050 est
1796 5001 1823 5047 lo

230 5067 289 5116 Folli
299 5069 404 5129 tributo,
416 5067 481 5129 quod
493 5081 507 5116 a
521 5067 671 5118 nobilissimis
682 5071 748 5130 viris,
760 5071 802 5132 qui
815 5069 844 5118 erl
863 5071 979 5132 prnluras
997 5070 1073 5120 evecti
1087 5072 1179 5131 esseni,
1192 5073 1364 5124 constantinus
1377 5072 1439 5135 exigi
1452 5071 1523 5133 iussit
1538 5073 1578 5132 (v.
1601 5073 1694 5124 zosim.
1717 5075 1753 5132 ll,
1773 5075 1821 5130 ³8).

230 5134 319 5185 Eadem
331 5137 409 5199 paullo
420 5139 473 5200 post
484 5143 701 5194 commemorantur
712 5143 807 5192 ilerum.
