3830 5720
192 354 251 436 268ι

190 472 236 530 καί
256 469 289 530 τέε
313 472 420 528 τοιαῦτα
436 463 653 546 ἀποφηναμένων,
677 461 722 521 κεί
742 461 968 538 ξυμφωνησαίιεων

190 559 310 634 ούδαμῶς
323 557 387 634 πρὸς
401 554 517 634 εἰρήνην,
531 551 673 630 διαρρήδην
691 551 800 627 Θεόγνις
819 549 971 627 ἀπειρηκὼς

190 648 245 702 τῶν
268 645 387 702 σπονδῶν
399 641 448 722 ἐφη
461 643 496 706 ὡς
509 639 552 698 τὸν
569 637 682 698 barnilo
695 640 839 715 ἀναχωρεῖν
851 659 879 694 τε
894 635 971 694 αὐτόν

189 732 234 790 καί
246 729 439 808 πρδςπολέμου
453 725 599 806 παράταξιν
618 723 813 794 ἐξοπλίζεσθαι,
824 723 869 782 άτε
883 722 971 803 αὔριον

189 818 235 876 καί
248 819 296 876 οὐκ
310 820 335 883 ἰς
352 813 484 886 ἀναδολήν
499 812 685 894 ἀναρρήξαντας
704 813 782 870 αὐτοῦ
796 809 844 881 τήν
866 811 968 889 μάχην.

191 904 256 966 Ἐπί
266 903 366 970 τούτοις
377 902 584 979 ἀπηλλάγησαν.

492 1023 660 1100 τόμοι.)

228 1170 297 1228 Exc.
310 1173 353 1225 De
367 1170 421 1242 leg.
438 1171 523 1224 Rom.
542 1188 571 1242 p.
590 1172 655 1237 apl.
672 1163 726 1234 175
740 1184 746 1220 :
761 1157 827 1222 'Orc
841 1160 883 1218 ἐπί
904 1165 973 1238 τρεῖς

189 1255 293 1331 ἡμέρας
307 1252 453 1330 (ἐνιαυτοὺς
466 1251 518 1329 Ν.)
533 1251 646 1326 πόλεμος
665 1247 810 1324 Ῥωμαίοις
831 1247 876 1306 καί
890 1184 970 1306 ’Agd-

190 1363 241 1420 ραις
256 1339 443 1418 συνεκροτήθη,
453 1340 582 1415 μηδεμιᾶς
594 1335 727 1410 δυνάμεως
741 1334 896 1410 Ῥωμαῖκῆς
904 1333 972 1393 κατὰ

189 1427 236 1496 τήν
251 1427 315 1506 πρὸς
329 1425 520 1506 Δαλματίφ’
489 1448 605 1505 γεφυραν
620 1421 805 1502 ἐπιφανείσης,
821 1421 907 1480 καίτοι
924 1444 972 1480 σα-

80 1565 82 1570 ,
189 1513 339 1594 θρότατα”
325 1535 446 1591 εχουααν,
502 1508 632 1570 iiiii·
605 1531 655 1588 γαρ
641 1507 751 1588 ρκαίδ
774 1507 852 1612 Ἀψίχ
875 1507 967 1566 καί
943 1531 972 1566 το

191 1604 251 1659 κατ’
266 1599 343 1659 atrio
359 1598 536 1704 Ἀθαρικὸν’
507 1621 586 1656 numu
570 1593 775 1677 ἐφεδρεύοντες
788 1595 913 1674 πρότερον
927 1619 973 1654 το-

190 1684 290 1755 σαύτην
318 1683 511 1766 καταφρόνησιν
538 1687 585 1742 ἐπε
587 1682 702 1750 δείξαντα
725 1682 794 1740 κατὰ
818 1680 971 1759 Ῥωμαίων,

157 1767 161 1776 ’
189 1769 257 1830 ὥστε
273 1777 462 1850 μετενεχθῆναι
476 1780 544 1852 σφᾶς
555 1768 627 1830 κατδι
641 1767 672 1839 δή
684 1767 731 1840 τὴν
743 1768 832 1849 ἐτέραν
847 1769 972 1848 γέφυραν,

190 1859 273 1930 άλλην
295 1882 325 1917 τε
347 1859 458 1936 δύναμιν
479 1859 700 1939 προστεθῆναιτῇ
721 1855 828 1931 δυνάμει
845 1859 970 1916 Βαῖανοῦ.

191 1948 361 2022 Πιεζομένων
374 1951 512 2026 τοιγαροῦν
528 1940 616 2024 [τῶν]
629 1946 655 2002 ἐν
673 1946 711 2023 τῷ
726 1943 831 2022 Σιρμίῳ
846 1944 916 2023 λιμῷ
927 1965 973 2019 με·

190 2033 285 2112 γίστῳ,
298 2034 349 2104 ήδη
364 2056 392 2090 τε
407 2031 561 2107 ἁπτομένων
577 2031 707 2106 ἀθεμίτων
718 2034 820 2108 τροφῶν
844 2033 882 2108 τῷ
900 2033 973 2089 ἐστε-

192 2123 286 2198 ρῆσθαι
301 2123 351 2176 τῶν
368 2118 518 2195 ἀναγκαίων
528 2117 574 2176 καί
586 2118 781 2194 γεγεφυρῶαθαι
795 2114 841 2186 τήν
852 2117 972 2176 διάθεσιν

190 2211 235 2264 τοῦ
247 2207 330 2278 Σαοῦ,
340 2205 384 2264 καί
393 2208 549 2281 Σολομῶνος
563 2205 642 2281 [τοῦ]
656 2209 800 2274 τηνικαῦτα
812 2207 974 2283 προεστῶτος

190 2297 236 2350 ταῦ
251 2291 363 2372 Σιρμίου
378 2289 558 2368 ἐκμελέστατά
570 2313 626 2356 πως
634 2291 825 2360 διατελοῦντας,
837 2289 882 2348 καί
893 2291 974 2366 μηδέν

190 2385 275 2438 θτιαῦν
297 2379 457 2459 στρατηγίας
478 2379 602 2457 ἐχόμενον
625 2377 848 2452 ἐπιδεικνυμένου·
869 2377 932 2456 πρός
943 2401 973 2456 γε

191 2467 236 2524 καί
250 2469 301 2524 τῶν
318 2470 364 2536 τῆς
377 2465 479 2531 πόλεως
492 2463 673 2542 ἀπειρηκότων
688 2471 741 2528 ταῖς
754 2462 896 2541 χαλεποῖς,
910 2465 972 2521 ὀλο-

190 2554 343 2632 φυραμένων
356 2576 383 2612 τε
399 2551 446 2610 καί
458 2554 484 2617 ἐς
495 2551 543 2618 τέις
561 2549 675 2630 ἐσχάτας
687 2549 792 2614 ἐλπίδας
803 2547 974 2622 ἐξωλιαθηκό-

190 2663 254 2714 των,
276 2638 523 2720 καταμεμφομένων
549 2661 580 2696 τε
603 2639 655 2703 τοῖς
682 2635 824 2712 Ῥωμαίων
847 2637 972 2713 ἡγεμόσι,

191 2725 330 2804 Θεόγνιδός
352 2751 381 2785 τε
404 2729 484 2785 αὐτοῦ
512 2724 686 2804 ὀλεγοχειρίαν
713 2727 860 2788 νοσοῦντος·
890 2730 972 2782 ταῦτα

193 2815 286 2892 [ἐπεὶ]
308 2813 430 2894 ’λἰόέριος
451 2810 604 2891 ὁβασιλείις
623 2809 781 2886 κατέμαθεν,
802 2810 1053 2891 αἰρετάιτερανΣά

191 2901 357 2979 ἡγησάμενος
372 2901 410 2976 μή
425 2902 718 2979 ευναιχμαλωτισθῆναι
731 2901 765 2976 τῇ
778 2896 854 2955 πόλει
867 2902 919 2957 τῶν
933 2902 973 2958 οἰ-

192 2989 310 3064 κητόρων
319 2987 364 3046 τὸν
377 2985 478 3064 ὅμιλον,
486 2990 512 3046 ἐν
523 2985 663 3066 γράμμασι
675 2985 774 3044 κελεύει
786 2985 908 3063 Θεόγνιδι
921 3009 972 3044 κα-

154 3097 157 3102 ·
191 3074 303 3131 ταλῦσαι
315 3074 359 3130 τὸν
370 3073 484 3148 πόλεμον
498 3074 541 3131 ἐπὶ
549 3073 682 3141 σπονδαῖς,
696 3074 731 3138 ὡς
738 3070 884 3139 ὑπεξελθεῖν
895 3094 972 3148 παμ-

191 3229 292 3290 debere,
303 3243 330 3280 se
341 3229 423 3279 faciles
432 3232 552 3278 Romanos
562 3229 593 3278 ad
605 3242 648 3288 ea,
658 3241 713 3289 qua
723 3228 794 3288 velit,
806 3229 972 3289 repertumm.

193 3311 252 3357 llaec
264 3307 327 3357 inter
338 3321 364 3358 se
371 3309 546 3358 altercantibus
556 3313 580 3356 et
589 3306 798 3367 concertantibus,
808 3309 889 3368 aperte
898 3307 976 3356 ledus

192 3384 311 3448 Theognis
326 3385 389 3434 icere
401 3386 519 3434 recusarit
536 3387 561 3434 et
573 3384 634 3433 dixit
645 3385 751 3444 Baiano,
769 3385 796 3432 nt
814 3397 840 3432 se
856 3383 887 3432 sb
898 3385 974 3433 oculis

193 3465 358 3514 Romanomm
370 3462 530 3524 subduceret,
541 3465 642 3511 etarma
651 3461 682 3510 ud
693 3473 795 3522 pugnam
806 3460 975 3522 capessendam

193 3540 304 3602 caperet,
319 3540 437 3600 tanquam
445 3538 549 3587 crastina
561 3539 599 3587 dle
606 3537 834 3587 sineulladilatione
843 3551 930 3586 manus
941 3539 975 3587 illi

192 3629 275 3666 secum
287 3614 427 3666 conserendi
439 3616 581 3677 potestatam
592 3615 706 3664 tacturus.
717 3613 761 3663 llis
770 3613 840 3664 dictis
851 3615 972 3664 ablemut.

561 3693 605 3747 θθ.

225 3777 327 3829 Romani
342 3779 368 3828 et
383 3782 472 3829 Avares
485 3791 527 3841 per
545 3780 594 3827 tras
605 3777 656 3828 dies
670 3777 797 3842 (annosi)
809 3777 976 3840 decertarunt·

192 3855 316 3917 sedquum
324 3855 397 3904 nullan
404 3858 569 3906 Romanorum
577 3856 652 3918 coplae
659 3867 760 3904 numem
766 3854 898 3904 sullicrente
905 3868 974 3917 appa

195 3934 289 3992 recent,
299 3946 354 3994 quae
361 3935 468 3995 pontem,
478 3945 525 3994 qua
534 3932 614 3980 iturin
623 3931 777 3992 Dalmatiam,
785 3932 880 3981 tametsi
890 3943 975 3993 parum

194 4010 301 4059 munitus
310 4015 384 4071 essm,
399 4012 578 4074 oppugnarent,
592 4010 708 4072 Apsicbus
717 4011 742 4059 et
751 4009 793 4071 qui
802 4022 859 4058 cum
869 4023 897 4058 eo
906 4013 976 4059 erant

194 4094 299 4147 Anares,
309 4088 351 4148 qui
367 4088 415 4136 illic
431 4089 496 4150 prius
511 4087 540 4136 ari
558 4087 638 4149 pontis
653 4087 788 4136 custodiam
799 4086 973 4146 consederant,

194 4168 245 4212 tam
258 4165 323 4226 parri
336 4166 457 4213 Romanos
470 4165 600 4223 iaciebant,
611 4165 638 4212 ut
650 4162 681 4212 ad
691 4163 764 4212 alium
775 4165 872 4224 pontem
882 4175 907 4211 se
915 4176 975 4212 con·

194 4241 296 4299 terrent,
314 4242 339 4288 et
356 4251 432 4288 noras
449 4241 529 4301 copias
544 4239 619 4300 copiis
635 4239 717 4287 Baiani
731 4237 869 4299 adjicerent.
884 4239 915 4286 at
934 4237 975 4298 qui

169 4345 171 4352 ,
195 4316 220 4364 iu
235 4315 322 4364 Sirmio
337 4317 406 4364 erunt
422 4314 510 4376 ingenti
528 4314 592 4363 same
610 4313 732 4376 oppressi,
750 4313 810 4362 cibis
826 4311 934 4361 nefandis
949 4325 976 4362 se

195 4393 441 4455 sustentabant‚quia
449 4405 529 4442 rerum
538 4393 725 4442 necessariarum
733 4391 814 4454 inopia
822 4390 977 4452 laborabant,

196 4473 222 4520 et
233 4471 312 4520 hostes
322 4473 419 4532 pontem
435 4470 460 4518 in
476 4472 524 4518 Sao
536 4470 648 4518 fecerant.
661 4472 781 4518 Praeterea
796 4468 924 4529 salomon,
935 4468 977 4530 qui

196 4549 255 4595 tunc
265 4547 380 4608 temporis
390 4545 475 4596 sirmio
485 4547 603 4607 praeerat,
618 4558 704 4606 piarum
714 4544 839 4607 diligenter
851 4559 889 4594 res
898 4544 977 4594 admi·

197 4626 330 4686 nistrabat,
339 4638 419 4688 neque
428 4637 454 4674 se
464 4625 541 4674 ullum
552 4625 587 4673 rei
597 4624 706 4673 militatis
715 4636 787 4674 risum
802 4624 890 4674 babere
899 4625 979 4674 osten·

198 4702 278 4752 debat.
290 4705 376 4765 ltaque
387 4703 452 4751 circs
463 4704 488 4751 ct
500 4701 566 4750 urbis
576 4701 663 4750 incolae
674 4701 720 4750 ltac
731 4701 868 4751 calamitate
879 4701 978 4763 alilicti,

199 4779 362 4841 ejulabantur,
383 4781 496 4840 etquum
516 4778 546 4828 ad
560 4779 680 4828 extremas
700 4791 753 4840 spes
773 4777 864 4828 redacti
884 4780 978 4840 essent,

198 4858 306 4907 omnium
316 4858 418 4907 istorum
434 4857 554 4906 malorum
565 4867 663 4906 causam
673 4857 698 4905 in
708 4855 784 4906 duces
794 4859 913 4906 Romanos
923 4857 979 4918 reji-

199 4935 303 4984 ciebant.
323 4936 447 4986 Postremo
462 4935 581 4996 Theognis
591 4936 714 4996 paucitate
725 4935 829 4984 militnm
844 4934 977 4984 laborabat.

201 5017 260 5062 llaec
270 5011 311 5060 ubi
323 5013 433 5062 Tiberius
442 5011 538 5074 didicit,
549 5011 630 5072 potius
639 5023 689 5061 esse
700 5011 784 5073 duxit,
798 5011 887 5060 mnium
900 5013 979 5061 multi·

205 5089 311 5142 tudinem
326 5103 375 5140 uon
384 5101 439 5139 cum
450 5091 499 5152 ipsa
517 5089 577 5138 urbe
590 5089 615 5137 in
628 5088 774 5139 deditionem
785 5091 868 5140 venire
880 5104 886 5138 ε
899 5090 981 5150 itaque

749 331 954 393 MENANDRI
977 331 1237 394 Pnoracronls

1014 461 1107 532 πληθεί
1123 462 1182 528 τοὺς
1195 462 1258 540 τῇδε
1270 461 1424 535 οἰκοῦντας,
1437 459 1519 538 μηδὲν
1534 461 1732 542 ἐπιφερομένους
1742 467 1794 522 τῶν

1015 547 1115 606 οἰκείων
1138 547 1248 626 ἢμόνον
1273 548 1303 606 τὸ
1318 552 1365 620 ζῆν
1380 549 1425 608 καί
1439 549 1576 628 παρασχὸν
1600 549 1667 608 αύεω
1687 551 1794 630 περιῦό·

1014 636 1087 694 λαιαν
1102 635 1140 698 έν.
1169 635 1223 695 Kal
1237 635 1270 706 δή
1283 635 1432 707 συνέύησαν
1444 637 1488 695 ἐπὶ
1504 637 1560 704 ταῖς
1572 639 1685 697 τοιαῖσδε
1700 637 1795 710 ξυνθή-

1015 747 1086 798 καις,
1100 726 1146 786 καί
1159 725 1192 784 τέε
1204 731 1249 785 τοῦ
1261 725 1377 800 πολέμου
1387 724 1531 806 ἐλώφησεν,
1545 727 1586 806 ἐφ’
1600 717 1798 808 ᾧπαραχωρῆ-

1017 833 1062 870 σαι
1080 813 1128 888 μὲν
1143 811 1294 888 Ῥωμαίους
1304 811 1423 891 'Abripere
1435 817 1481 882 τῆς
1495 811 1610 885 πόλεως,
1627 813 1753 893 Ἀόάρους
1769 815 1795 873 δὲ

1017 893 1172 977 Ρωμαέοις
1175 923 1220 960 του
1203 903 1261 959 “tv
1276 924 1309 978 τη
1292 899 1397 959 ”πόλει
1411 898 1534 972 πλήθους,
1542 900 1603 958 ανευ
1614 905 1664 960 τῶν
1677 904 1727 960 ὅσα
1735 905 1796 960 ἐκα

1016 1010 1070 1068 carp
1084 989 1111 1045 ἐν
1125 987 1294 1068 περιουσία(
1284 991 1354 1066 υπῆρ
1341 1010 1413 1066 ρχεν.
1433 986 1572 1058 Ἐπεζήτει
1597 987 1624 1046 bl
1646 990 1797 1067 ὁΧαγάιος

1016 1045 1062 1134 καί
1074 1078 1153 1156 τριῶν
1164 1077 1228 1134 ἐτῶν
1244 1073 1445 1180 παρῳχημένων
1458 1074 1575 1154 χρυσέαν,
1586 1067 1662 1134 εἶν’
1637 1099 1684 1136 ουκ
1696 1076 1797 1154 εἰληφει

1017 1187 1042 1222 τι
1054 1161 1122 1222 κατέε
1134 1162 1164 1222 τδ
1176 1162 1298 1235 σύνηθες,
1312 1167 1364 1220 τῶν
1379 1161 1615 1242 παρεχομένων’
1585 1167 1656 1244 αυτῷ
1675 1163 1741 1244 ὑπέρ
1753 1171 1797 1222 τοῦ

1018 1249 1184 1328 μήχρησθαι
1199 1247 1298 1316 ὅπλοις.
1315 1241 1405 1308 Ἦσαν
1428 1249 1455 1308 δέ
1478 1250 1511 1308 τά
1528 1221 1647 1329 εἰρηναῖοί
1668 1253 1799 1330 χρήματα

1017 1337 1122 1416 ἐκάστῳ
1143 1336 1195 1395 ἐτει
1209 1335 1278 1416 δμφί
1290 1336 1412 1414 χιλιάδας
1426 1337 1505 1414 δγδοή
1506 1361 1586 1396 κοντα
1588 1339 1719 1454 χρυσίου
1725 1363 1799 1416 νομι-

1016 1423 1136 1500 σμάτων.
1149 1420 1213 1482 Ετι
1226 1446 1255 1500 γε
1271 1423 1324 1500 μὴν
1338 1423 1439 1482 καίένα
1451 1424 1556 1482 cred*
1521 1448 1573 1484 των
1587 1429 1632 1484 ὑπ’
1651 1429 1722 1505 αὐτῷ
1733 1450 1798 1484 τατ-

1016 1511 1142 1586 τομένων,
1154 1509 1182 1576 δε
1188 1510 1376 1590 προσεχώρησε
1389 1515 1420 1586 τῇ
1434 1511 1577 1587 Ῥωμαίων
1586 1513 1714 1593 πολιτεία,
1727 1513 1796 1572 καθδι

1017 1594 1132 1673 λέγεται,
1154 1601 1186 1675 τῇ
1199 1597 1304 1676 γυναικί
1329 1601 1374 1655 τοῦ
1392 1599 1509 1657 Βαῖαναῦ
1520 1603 1545 1666 ἐς
1557 1601 1695 1680 ἀφροδίσια
1707 1607 1800 1658 συνελ-

1018 1681 1077 1742 θών.
1092 1683 1184 1763 Ταύτῃ
1198 1707 1238 1742 τοι
1250 1684 1398 1756 κατάδηλον
1409 1685 1516 1757 ἐποίησε
1528 1687 1651 1763 Θεόγνιδι
1659 1687 1801 1757 ἐκδαθῆναί

1018 1769 1085 1826 οῖ
1061 1792 1105 1827 τον
1120 1771 1278 1847 αθτόμαλαν·
1298 1763 1381 1850 ήγδιρ
1391 1771 1423 1830 ἀν
1438 1773 1524 1838 άλλως
1538 1772 1575 1850 μή
1592 1773 1726 1840 ἀνέξεσθαι
1739 1775 1802 1832 ἰδεῖν

1018 1857 1043 1922 ἐς
1056 1859 1178 1924 σπονδάς.
1195 1859 1229 1917 Ὁ
1243 1860 1271 1918 δέ
1297 1882 1327 1937 γε
1342 1858 1530 1938 ἀντεαήμηνεν,
1545 1864 1607 1931 ὡςή
1622 1885 1655 1938 γη
1671 1866 1716 1920 τοῦ
1731 1861 1802 1921 Ῥω-

1019 1943 1103 2018 μαίων
1120 1945 1248 2022 βασιλέως
1263 1945 1375 2024 μεγίστη
1387 1945 1417 2005 τέ
1434 1949 1490 2005 ἐστι
1504 1947 1550 2006 καί
1564 1947 1689 2020 ἄπλετος,
1708 1949 1755 2007 καί
1766 1953 1804 2014 ὡς

1018 2029 1171 2110 δυσεύρετόν
1183 2055 1208 2091 τι
1218 2033 1300 2112 φυγάς
1316 2030 1382 2113 ἀνὴρ
1397 2035 1424 2092 ἐν
1437 2035 1503 2113 αὐτῇ
1519 2033 1668 2111 ἀλώμενος,
1684 2035 1766 2114 τυχὸν
1775 2035 1803 2093 δὲ

1018 2115 1057 2175 ὅτε
1079 2120 1125 2176 καί
1137 2119 1234 2199 ὀλέθρῳ
1248 2119 1315 2192 ἥλω.
1334 2118 1403 2199 Πρὸς
1421 2125 1506 2179 ταῦτα
1521 2121 1652 2189 ἀπέλεξεν
1664 2127 1678 2180 ὃ
1690 2124 1805 2188 Βαῑανῦς

1018 2202 1127 2280 ὀμνύναι
1139 2203 1198 2272 τοῦς
1210 2205 1351 2282 Ῥωμαίων
1367 2206 1510 2284 ἡγεμόνας,
1527 2212 1561 2274 ὡς
1573 2210 1804 2284 ἀναμαστεύσωσι,

1018 2291 1064 2348 καί
1077 2291 1102 2349 εί
1114 2314 1140 2350 τι
1153 2291 1250 2372 εύροιεν
1263 2293 1307 2352 τδυ
1319 2293 1438 2373 φυγάδα,
1455 2293 1649 2374 ἀποκρύψαντα
1663 2298 1804 2372 αύδαμῶτ,

1019 2379 1078 2435 ἀλλ’
1094 2381 1124 2436 ἐκ
1136 2378 1233 2446 παντὸς
1246 2377 1343 2458 τρόπου
1355 2383 1491 2458 ἐγχειριεῖν
1513 2381 1590 2438 αύτδν
1604 2385 1642 2462 τῷ
1656 2386 1707 2440 τῶν
1721 2382 1803 2442 Ἀθά-

1019 2487 1069 2543 ρων
1087 2466 1222 2547 μονάρχῳ·
1237 2469 1260 2524 εἰ
1277 2465 1304 2524 δέ
1324 2489 1353 2544 γε
1371 2465 1562 2540 τετελευτηκὼς
1585 2469 1643 2541 εἰη,
1664 2470 1710 2528 καί
1733 2469 1804 2528 οὕτω

1019 2575 1148 2628 αημηναι.

1057 2647 1127 2704 Erre.
1142 2649 1267 2704 Deserat.
1276 2663 1307 2720 p.
1322 2645 1376 2710 364
1390 2665 1396 2700 :
1409 2643 1474 2703 'Oct
1485 2641 1594 2720 Θεόγνις
1607 2644 1678 2704 ω’.

1058 2732 1101 2791 cf.
1117 2735 1276 2808 Theophyl.
1293 2735 1448 2788 Simocatta
1460 2733 1532 2790 llist.
1545 2735 1575 2801 Ι,
1586 2733 1627 2788 3:
1641 2690 1719 2792 Τδδ’
1735 2735 1807 2798 ὅπως

1018 2839 1128 2894 ιρμιον
1143 2816 1200 2887 ήλω
1210 2817 1434 2932 ,Μενάνδρῳ”
1399 2841 1437 2876 τω
1455 2823 1593 2897 περιφανεῖ
1606 2822 1696 2899 σαφῶς
1711 2821 1805 2895 διηγό·

1019 2923 1117 2983 ρειιται·
1140 2897 1241 3014 περλῒ
1221 2929 1257 2963 ων
1271 2905 1301 2964 οὗ
1317 2929 1361 2982 μοι
1376 2877 1460 2984 σχολή
1483 2906 1680 3016 ἐπεργαατικώτ
1671 2930 1742 2986 ,ερον
1753 2909 1808 2974 ταῖς

1021 2992 1133 3070 μακραῖς
1151 2992 1258 3060 ἐκείναις
1270 2994 1355 3070 λόγοις
1369 2992 1523 3062 ἐπεξελθεῖν,
1538 2982 1611 3060 αῦθις
1632 2993 1655 3052 δ’
1669 2994 1807 3072 ἀριζήλως

1022 3078 1150 3156 εἰρημένα
1164 3079 1356 3157 μυθολογεύειν.

1023 3247 1066 3295 per
1086 3235 1168 3285 literas
1187 3237 1260 3299 jussit
1280 3237 1442 3298 Theognidem
1460 3237 1551 3288 bellurn
1570 3239 1607 3288 bis
1626 3237 1810 3288 conditionibus

1020 3311 1127 3373 solvere,
1139 3315 1167 3362 ut
1176 3313 1259 3364 liceret
1272 3315 1384 3364 omnibus
1396 3315 1438 3378 qui
1452 3314 1477 3363 in
1486 3315 1547 3364 urbe
1559 3314 1718 3377 babitabant,
1727 3317 1807 3366 salvis

1019 3390 1044 3437 et
1064 3389 1225 3440 incolumibus
1245 3391 1325 3454 exire,
1351 3404 1430 3452 neque
1450 3393 1582 3454 quicquam
1602 3405 1702 3440 suarum
1725 3407 1809 3442 rerum

1019 3464 1076 3514 inde
1088 3469 1214 3529 asportare
1230 3471 1318 3530 preter
1336 3470 1452 3519 vitamet
1472 3481 1545 3517 unam
1560 3471 1661 3517 sasteor.
1677 3471 1765 3530 liaqrre
1784 3472 1810 3518 in

1020 3541 1065 3592 bas
1082 3545 1254 3594 conventiones
1274 3549 1460 3607 consenserunt,
1477 3548 1503 3595 et
1520 3545 1612 3594 bellum
1630 3539 1674 3594 his'
1685 3546 1810 3596 conditio·

1020 3621 1091 3670 nibus
1108 3623 1193 3684 desiit,
1211 3627 1240 3674 ut
1260 3624 1363 3674 Romani
1384 3624 1504 3673 Areribus
1524 3624 1609 3672 urbem
1627 3623 1761 3684 dederent,
1785 3628 1812 3674 cl

1021 3703 1110 3750 arares
1121 3703 1235 3752 Romanis
1246 3715 1358 3763 omnem,
1375 3716 1431 3765 quae
1447 3703 1472 3750 in
1490 3715 1518 3751 ea
1536 3703 1601 3762 erat,
1612 3700 1810 3762 multitudinem,

1020 3774 1111 3837 absque
1131 3777 1168 3826 bis
1186 3791 1242 3840 φατε
1259 3779 1425 3840 unusquisque
1444 3790 1528 3826 eorum
1548 3777 1573 3824 in
1595 3777 1663 3826 bonis
1680 3777 1810 3837 babebat,

1021 3853 1186 3904 concederent.
1207 3857 1293 3918 Exegit
1310 3855 1383 3904 etiam
1398 3856 1527 3917 chaganus
1538 3855 1613 3903 trium
1626 3855 1814 3914 preteritorum

1020 3941 1139 3980 annorum
1152 3943 1254 3993 sunm,
1267 3932 1332 3994 quod
1344 3945 1392 3981 non
1404 3934 1543 3993 acceperat,
1555 3932 1581 3980 et
1591 3931 1626 3980 illi
1636 3932 1743 3980 Romani
1758 3932 1813 3980 sol-

1022 4021 1078 4058 τετε
1092 4011 1216 4070 εοΙεθααί.
1234 4013 1263 4060 ut
1275 4011 1350 4060 armis
1367 4011 1507 4061 abstineret.
1522 4012 1597 4059 lirant
1610 4022 1669 4058 rere
1679 4011 1815 4071 mcuniae,

1021 4099 1077 4147 quae
1089 4099 1133 4147 pro
1144 4101 1203 4149 pace
1212 4100 1359 4150 unoquoque
1372 4101 1436 4138 anno
1452 4087 1628 4150 pendebantur,
1641 4087 1672 4135 ad
1684 4089 1817 4149 octoginta

1022 4162 1097 4212 millia
1113 4177 1269 4214 nummorum
1286 4177 1425 4214 aureorum.
1439 4169 1560 4214 Praeterea
1576 4175 1639 4212 unus
1651 4175 1684 4212 ex
1695 4163 1752 4224 bis,
1768 4165 1817 4226 qui

1021 4239 1067 4290 sub
1082 4255 1112 4290 eo
1129 4242 1281 4302 militabant,
1293 4243 1318 4291 in
1330 4244 1495 4291 Romanorum
1509 4241 1616 4302 regiones
1630 4241 1740 4302 lugeret,
1753 4243 1818 4303 quia

1022 4317 1146 4368 dicebatur
1164 4318 1309 4368 adulterium
1326 4332 1382 4369 cum
1393 4318 1475 4368 Boiam
1492 4331 1568 4366 uxore
1585 4317 1744 4367 commisisse.
1761 4322 1819 4372 lloc

1022 4394 1165 4456 significavit
1176 4396 1321 4458 Theognidi‚
1332 4397 1413 4460 etsibi
1422 4395 1571 4457 transsugam
1581 4393 1649 4443 reddi
1660 4394 1818 4456 posticias-is,

1022 4483 1096 4532 seque
1114 4485 1162 4522 non
1180 4473 1251 4522 alitor
1268 4473 1387 4522 lmderum
1400 4471 1549 4521 conditiones
1571 4470 1634 4519 lerre
1651 4483 1723 4531 posse
1742 4473 1819 4520 altir-

1023 4551 1108 4600 mavit.
1125 4552 1245 4612 Theognis
1260 4550 1396 4614 respondit,
1408 4549 1509 4599 llonrani
1527 4548 1681 4610 imperatoris
1691 4547 1820 4598 ditionem

1023 4626 1096 4689 longe
1105 4628 1203 4690 lateque
1216 4631 1312 4690 patere,
1324 4627 1349 4676 in
1362 4641 1426 4688 qua,
1442 4627 1568 4688 propterea
1580 4625 1647 4687 quod
1660 4626 1821 4687 amplissima

1024 4705 1049 4752 ct
1058 4704 1192 4755 vastissima
1200 4707 1277 4764 esset,
1290 4717 1328 4754 rea
1336 4703 1440 4752 difficilis
1450 4704 1549 4752 inventu
1559 4702 1621 4750 torel
1633 4702 1672 4750 vir
1681 4703 1741 4752 exul
1750 4703 1780 4751 in
1789 4717 1821 4752 ea

1024 4780 1403 4842 errans,quiiortasseetiamiarn
1413 4777 1610 4842 periissetldaa
1620 4777 1821 4839 Baianusdiuit:

1026 4877 1038 4900 ι
1049 4861 1137 4908 Jurant
1146 4859 1218 4920 igitur
1227 4857 1328 4908 Romani
1338 4856 1425 4916 duces,
1437 4869 1462 4904 ae
1472 4855 1723 4917 perquisituros,etsi
1733 4859 1823 4906 trans-

1026 4937 1107 4998 lugam
1119 4935 1263 4998 repererint,
1279 4947 1328 4984 non
1344 4934 1522 4993 occultaturos,
1534 4931 1576 4980 sed
1594 4933 1696 4981 omnino
1711 4945 1777 4982 εαιιι
1796 4935 1823 4983 in

1026 5025 1110 5062 manns
1132 5017 1237 5062 Avarum
1258 5011 1306 5073 regi
1326 5011 1472 5070 traditurum
1492 5009 1530 5058 sin
1546 5009 1631 5057 autem
1646 5009 1696 5058 tatu
1711 5009 1825 5060 iunctus

1025 5091 1070 5151 sit,
1082 5089 1133 5151 eius
1144 5090 1177 5138 rei
1189 5089 1266 5151 ipsum
1278 5087 1404 5138 certiorem
1417 5087 1524 5136 lecturos
1532 5097 1592 5135 esse.
1612 5103 1625 5130 ι
