3916 5728
189 383 244 436 tto

247 552 493 642 GORGIAS
521 553 896 643 ATHENIENSIS.

432 729 525 790 narr
546 729 727 792 nrsrrun.

563 881 588 922 Ι.

226 977 375 1032 Athenaeus
390 978 464 1034 xlll
474 1016 483 1045 ‚
494 995 525 1050 p.
537 975 605 1045 583,
620 979 647 1033 D
666 996 672 1035 :
690 977 724 1034 Λί
736 973 786 1055 γάρ
797 974 878 1033 καλαλ
891 975 966 1050 ἡμῶν

188 1060 294 1131 ’Λθῆναι
316 1067 436 1120 τοσοῦτον
461 1065 558 1132 πλῆθος
581 1061 693 1140 ηνεγκαν
716 1065 836 1142 ἑταιρῶν,
849 1061 910 1142 πιρλ
928 1051 965 1120 ὧν

187 1148 388 1227 ίπιξιλιύσομαι
398 1147 458 1208 ὅσον
470 1172 499 1226 γι
512 1147 642 1227 δύναμαι,
651 1149 711 1208 ὅσον
718 1147 796 1228 ὄχλον
807 1150 966 1226 εὐανδροῦσα

185 1237 259 1304 πόλις
275 1238 322 1295 οὐκ
347 1236 432 1316 loges.
475 1235 615 1317 ’Λνίγραψε
636 1241 697 1314 γοῦν
720 1235 966 1316 Ἀριστοφάνης

185 1324 234 1400 μίν
259 1327 274 1382 δ
298 1325 478 1392 Βυζάντιος
507 1324 600 1383 ίκατθν
634 1324 679 1382 καλ
705 1325 844 1403 τριάκοντα
872 1323 964 1394 πίνει,

185 1409 436 1492 ’Λπολλύδωρος
455 1410 482 1470 δδ
496 1411 593 1470 τούτων
615 1410 729 1482 πλιίους,
745 1415 760 1470 δ
774 1411 919 1488 Γοργίας
939 1411 966 1468 δί

187 1498 311 1571 πλίονας,
325 1501 533 1578 παραλειφθῆναι
546 1497 687 1580 φάσκοντες
702 1498 752 1556 ύπδ
763 1503 808 1557 τοῦ
824 1497 966 1576 ’Apsoro-

186 1585 310 1666 φάνυυς
323 1585 389 1662 μετὰ
405 1588 515 1662 ἑταιρῶν
530 1585 656 1644 πλειόνων
670 1586 715 1644 καλ
729 1584 825 1644 τάσδε·
838 1583 886 1656 τὴν
904 1584 966 1644 lhi-

187 1695 269 1754 ροινον
280 1675 477 1745 ἐπικληθεῖσαν,
490 1673 534 1733 καί
545 1674 720 1752 Λαμπυρίδα,
728 1673 773 1732 καίΙ
783 1673 966 1753 Εὐφροσύνην·

186 1759 254 1833 αὕτη
270 1761 297 1819 δδ
307 1753 339 1833 ἦν
349 1761 467 1842 γναφέως
478 1762 605 1841 θυγάτηρ.
648 1761 775 1841 ’Λγραφοι
785 1763 808 1819 δ’
819 1761 884 1819 εἰσίν
895 1763 967 1840 αὐτῷ

187 1848 325 1927 ΛΙιγίσιη,
353 1849 489 1927 Ἀγαλλίς,
525 1851 695 1928 Θαυμάριον,
719 1849 865 1910 Θεόκλεια·
900 1846 965 1921 αύεη

187 1937 210 1994 δ’
221 1937 373 1996 ἐπεκαλεῖτο
389 1937 516 2017 Κορώνη·
530 1937 756 2010 Ληναιτόκυστος,
772 1935 885 2016 Ἄστρα,
897 1934 966 1996 Γνά·

185 2028 276 2093 θαινα,
293 2024 338 2083 καλ
352 2023 449 2096 ταύτης
470 2027 612 2104 θυγατριδῆ
635 2025 802 2086 Γναθαίνιον·
819 2024 864 2082 καί
879 2022 965 2100 Σιγὴ,

186 2112 231 2170 καί
249 2112 363 2192 Συνωρὶς
384 2119 401 2186 ἡ
420 2111 521 2192 Λύχνος
535 2111 746 2188 ἐπικαλουμένη,
765 2111 811 2171 καλ
834 2114 966 2186 Εὔκλεια,

185 2198 230 2256 καί
245 2199 434 2276 Γρυμαία,καὶ
441 2201 587 2278 Θρυαλλίς,
601 2198 640 2258 irs
651 2199 772 2278 Χίμαιρα
779 2199 824 2256 καὶ
838 2198 964 2274 Λαμπάς.

226 2289 357 2361 Ejusdem
389 2290 500 2363 Gorgia
535 2291 685 2345 Athenaeus
716 2289 845 2344 meminit
875 2289 966 2358 xlll,

186 2395 217 2449 p.
233 2374 331 2446 567‚t
345 2396 352 2430 ε
369 2372 408 2433 Σύ
420 2364 488 2445 ath
502 2375 622 2454 σοφιστά,
636 2377 662 2432 ἐν
672 2374 724 2440 τοῖς
738 2370 889 2446 καπηλείοις
904 2397 965 2432 συν·

186 2459 322 2539 αναφύρη,
342 2463 370 2518 ού
386 2465 442 2538 μεθ’
459 2461 580 2539 ἑταίρων,
596 2459 664 2520 till
686 2459 754 2539 μοτδι
771 2464 890 2540 ἑταιρῶν,
911 2483 966 2536 μα-

186 2547 377 2623 στροπευούσας
392 2547 452 2626 περί
466 2547 560 2606 σαυτδν
576 2550 623 2607 ούιι
633 2546 723 2626 ὀλίγας
738 2547 817 2628 ίχων,
832 2548 877 2606 καὶ
892 2570 968 2629 περι-

185 2635 270 2715 φέρων
299 2635 340 2693 cisi
370 2634 470 2694 τοιαυτί
499 2634 587 2715 prilla
621 2635 881 2717 ’Λριστοφάνους
920 2633 966 2694 καλ

185 2721 632 2802 ἈπολλοδώρουκοιὶἌμμωνίου
655 2722 710 2782 καλ
734 2721 967 2803 ’Λντιφάνους,

185 2808 224 2868 ἔτι
238 2808 265 2868 ii
277 2813 321 2872 Γο
330 2813 419 2890 ργίου
433 2816 478 2870 τοῦ
492 2811 643 2884 Ἀθηναίου,
658 2811 763 2870 πάντων
781 2808 880 2870 τούτων
899 2832 963 2888 συγ·

185 2898 351 2978 γεγραφότων
361 2899 420 2980 περὶ
434 2901 485 2957 τῶν
497 2898 633 2972 ’Λθήνηαεν
646 2898 789 2980 ἑταιρίδων.

558 3036 587 3074 a.

224 3122 304 3178 Idem
320 3123 410 3198 xm,
429 3141 460 3197 p.
477 3121 546 3196 596,
565 3123 587 3178 F
602 3139 610 3180 :
626 3122 794 3199 Στρατοκλῆς
810 3119 832 3177 δ’
846 3123 860 3178 θ
879 3117 967 3200 ῥήτωρ

184 3205 316 3286 ἐρωμένην
334 3197 388 3286 εἶχι
405 3205 452 3278 τὴν
471 3208 655 3278 ἐπικληθεῖσαν
671 3205 768 3284 Λήμην
785 3205 902 3285 ἑταίραν,
919 3203 966 3277 τὴν

183 3293 346 3368 καλουμένην
366 3291 517 3371 Παρόραμα
532 3291 700 3373 (παράραμον
716 3295 761 3352 ed.
777 3296 858 3365 tid.;
876 3293 966 3370 δίδρα-

183 3403 252 3459 χμον
265 3382 342 3455 conj.
353 3383 521 3438 Valckenar.
531 3403 539 3452 ς
551 3381 686 3460 πάνορμον
696 3382 813 3458 Jacobs)
827 3379 870 3440 ua
879 3379 909 3439 τδ
920 3379 966 3439 καί

184 3469 229 3527 δύο
250 3469 376 3548 δραχμῶν
396 3477 487 3548 φοιτᾶν
509 3468 573 3547 πρὸς
595 3469 639 3528 τὸν
661 3468 827 3548 βουλόμενον,
848 3466 883 3534 ὥς
902 3491 965 3548 φησι

185 3555 324 3633 Γοργίας
335 3557 362 3612 ίν
376 3557 413 3635 τῷ
427 3553 493 3634 Περί
508 3559 626 3633 ἑταιρῶν.

224 3644 380 3702 ιῈοεεατεο
402 3645 522 3719 Gorgias
544 3645 620 3701 idem
643 3655 685 3700 est
700 3645 781 3716 cujus
796 3645 902 3700 librum
917 3647 961 3701 De
985 3709 988 3716 ,

390 3851 438 3909 llll
454 3849 753 3910 Munatnlclstls.

563 3977 588 4028 1.

215 4075 341 4137 Elegantes
355 4076 446 4124 nostrae
464 4075 564 4124 Athenae
585 4075 678 4124 tautam
697 4075 878 4126 multitudinem
900 4075 964 4124 tule-

184 4157 241 4204 mnt
252 4155 418 4217 meretricum,
430 4154 460 4204 de
471 4154 559 4217 quihus
574 4154 653 4216 quoad
669 4153 719 4204 herl
733 4154 821 4218 poterit
836 4153 965 4213 disseram,

183 4233 298 4295 queniam
309 4231 411 4280 sortibus
424 4231 480 4280 viris
489 4231 553 4282 clara
564 4232 649 4281 civitas
660 4231 725 4281 nulla
735 4231 827 4281 habuit.
840 4233 966 4281 liecensnit

182 4310 455 4374 quidemsristophanes
462 4311 591 4372 Byzantius
600 4313 697 4360 centurn
706 4313 731 4359 et
739 4309 964 4372 trigintaquinque:

183 4389 341 4452 Apollodorus
355 4402 414 4438 rero
430 4389 544 4451 majorem
564 4403 706 4451 numemm,
725 4391 837 4438 etadhuc
851 4388 964 4451 majorem

183 4470 294 4530 Gorgiam
305 4469 346 4531 qui
356 4467 440 4532 dicunt
452 4468 483 4517 ab
491 4469 647 4532 Aristophane
655 4469 755 4519 ornissas
764 4482 816 4518 esse
825 4481 899 4532 quunr
907 4469 966 4518 alies

183 4546 280 4606 multas,
288 4547 339 4594 turn
350 4545 436 4596 lrasco:
448 4547 573 4595 Paroenam
584 4545 670 4608 (idest
683 4547 813 4608 Vinosnm)
822 4557 966 4609 quaecogno·

183 4623 273 4676 minata
292 4625 343 4683 est,
367 4625 392 4672 et
410 4623 594 4685 Lampyrldem,
614 4627 638 4673 et
659 4623 847 4686 Euphrosynen,
871 4623 966 4673 lullonis

183 4697 262 4751 hilam.
273 4699 371 4749 silentio
381 4712 439 4749 vero
450 4700 522 4750 etiarn
535 4699 567 4749 ah
575 4699 617 4749 illo
629 4701 756 4762 proeteritae
767 4703 839 4749 sunt:
852 4701 965 4762 llegista,

182 4777 452 4839 Agallis,Thaumarion
462 4815 469 4840 ,
479 4777 606 4839 Thronion,
617 4791 673 4840 que
688 4780 783 4828 Cornix
799 4779 965 4840 cognominata

182 4857 232 4914 est,
244 4857 434 4918 Lenniocyslus,
446 4855 529 4918 tetra,
541 4857 675 4906 Guatlraena
682 4857 722 4916 ,et
731 4855 803 4916 huius
813 4855 890 4917 neptis
902 4859 963 4905 Gna·

181 4932 299 4982 thunium
314 4936 387 4984 :tuna
404 4937 471 4996 siga,
487 4937 513 4983 et
531 4933 629 4994 synoris
643 4934 786 4996 cognomine
804 4935 928 4995 tychicus,
941 4936 965 4983 et

182 5011 284 5070 Euclea,
303 5014 327 5060 et
347 5014 472 5074 Grymno,
490 5012 516 5061 et
532 5011 662 5074 Tlrryallia;
673 5011 777 5073 denique
790 5011 927 5072 chimaera,
940 5012 965 5060 et

643 371 804 434 GORGIAE
828 372 1098 456 Amaniensis,
1131 372 1340 456 cononum,

1012 507 1110 584 liguris
1122 512 1244 566 Rutilius
1259 513 1356 586 Lupus
1371 511 1399 564 in
1409 510 1533 584 linguam
1545 511 1658 566 latinam
1672 505 1793 568 tramin-

1012 599 1061 666 lit,
1077 598 1112 654 de
1127 617 1184 672 qno
1202 599 1303 657 Cicero
1325 601 1398 673 Epp.
1419 597 1455 653 ad
1465 599 1534 656 Div.
1546 597 1618 658 XVI
1628 639 1637 669 ‚
1659 619 1711 671 εις
1727 601 1793 657 Plu·

1013 685 1102 740 tarch.
1117 687 1176 742 Cic.
1203 693 1251 753 οη.
1277 686 1319 744 cf.
1334 686 1487 744 Ruhnken.
1503 686 1613 761 praefat.
1638 687 1676 747 ad
1699 690 1791 745 Rutil.
1858 673 1871 696 ⁸

1012 773 1125 848 Lup.p.
1144 791 1178 829 ro
1191 791 1233 847 sq.
1248 795 1261 824 ι
1277 775 1474 830 Weslermann
1489 773 1526 829 ad
1539 776 1615 831 Voss
1626 792 1658 849 p.
1675 781 1743 842 iii.

1304 959 1486 988 u*

1283 1111 1524 1200 GORGON.

1117 1301 1209 1362 narr
1229 1302 1308 1362 ron
1334 1303 1384 1363 an
1412 1302 1513 1386 roan
1535 1303 1685 1366 orans.

1391 1465 1417 1500 1.

1052 1567 1305 1640 hibernentium
1318 1563 1436 1639 696‚1·¹:
1451 1563 1524 1624 ίίαλθ
1534 1565 1570 1633 είς
1581 1566 1744 1641 Πτολεμαῖον
1757 1565 1794 1636 δὲ,

1013 1652 1056 1710 τὸν
1078 1655 1180 1731 πρῶτον
1195 1651 1331 1729 Λίγύπτου
1347 1650 1557 1730 βασιλεύσαντα,
1573 1653 1654 1710 παιάν
1675 1657 1752 1726 ἐστιν,
1765 1653 1793 1712 θν

1013 1739 1104 1822 ᾄδουσι
1118 1737 1228 1799 Ῥόδιοι·
1244 1737 1298 1818 ίχει
1308 1737 1359 1818 γδρ
1372 1737 1402 1796 τδ
1420 1738 1458 1808 ’ίή
1479 1736 1560 1797 παιάν
1584 1738 1747 1818 δπίφθεγμα,
1759 1739 1794 1807 ci<

1013 1851 1076 1909 φησι
1088 1826 1194 1906 Γόργων
1207 1829 1233 1885 δν
1250 1830 1287 1906 τῷ
1300 1825 1367 1904 Περὶ
1381 1829 1432 1884 τῶν
1446 1827 1473 1883 ἰν
1487 1825 1573 1906 Ῥόδῳ
1587 1831 1692 1890 θυσιῶν.

1052 1917 1134 1974 Libri
1147 1914 1280 1994 Γεωργός,
1291 1915 1371 1989 quod
1385 1917 1510 1971 correxit
1520 1916 1712 1975 Casanbonus.
1730 1914 1792 1993 Γόρ·

1012 2027 1065 2081 γιον
1078 2023 1184 2060 nornen
1203 2005 1330 2060 occurrit
1345 2005 1429 2060 etiarn
1444 2005 1474 2059 in
1483 2005 1612 2079 inscript.
1632 2007 1724 2061 Attica
1744 2023 1790 2078 ap.

1013 2091 1137 2148 Boecth.
1153 2091 1218 2151 c.1
1244 2095 1316 2167 1‚p.
1333 2110 1410 2166 αρε,
1426 2090 1474 2147 32.

1053 2329 1196 2402 Hesych.:
1212 2327 1487 2407 Καταρραπτίτητ
1499 2328 1608 2404 (codex
1621 2327 1793 2406 Καταραπτί-

1012 2439 1060 2487 της
1069 2419 1090 2492 λ.
1105 2415 1212 2494 Γόργων
1226 2417 1254 2472 ἐν
1265 2419 1303 2494 τῷ
1320 2415 1386 2494 ssepi
1400 2419 1503 2474 θυσιῶν.
1702 2415 1704 2420 ’

1053 2503 1301 2574 Ἐπιπολιαῑος,
1331 2503 1434 2583 Ἑρμῆς
1452 2505 1478 2561 ίν
1500 2501 1599 2582 Ῥόδῳ,
1626 2505 1661 2568 ὥς
1688 2501 1794 2580 Γόργων

1011 2594 1068 2650 icco
1085 2591 1115 2648 εῖ.

1052 2613 1183 2737 (ἑροῑεειιιιι
1198 2699 1258 2735 non
1272 2680 1307 2736 de
1321 2678 1464 2736 sacrificiis
1483 2691 1608 2747 tantum,
1623 2679 1673 2734 sed
1688 2679 1723 2734 de
1733 2681 1795 2734 aliis

1013 2787 1128 2844 qnoque
1143 2768 1227 2824 rebus
1237 2786 1299 2841 quae
1312 2768 1350 2823 ad
1363 2768 1492 2823 Rhodios
1502 2770 1657 2843 pertinent,
1673 2767 1790 2841 Gorgo-

1012 2875 1077 2913 nem
1091 2857 1232 2930 scripsisse
1244 2857 1360 2930 colligas
1373 2857 1489 2914 eschol.
1506 2855 1630 2912 Pindari.

1390 2975 1419 3033 3.

1052 3088 1147 3144 Schol.
1163 3086 1278 3145 Pindar.
1301 3085 1339 3142 ad
1359 3087 1474 3161 Olymp.
1492 3087 1559 3153 VII,
1582 3105 1593 3140 1
1617 3085 1714 3160 (quod
1732 3103 1794 3140 car-

1013 3193 1079 3230 men
1086 3177 1216 3250 Diagorae
1227 3174 1345 3230 Rhodio
1356 3170 1508 3250 scriptum)
1525 3194 1533 3230 ι
1543 3170 1651 3243 Ταύτην
1662 3171 1710 3240 τὴν
1724 3171 1794 3250 ᾠδὴν

1014 3259 1168 3316 ἀνακεῖσθαί
1183 3281 1247 3340 φησι
1269 3259 1374 3338 Γόργων
1398 3263 1424 3319 ἰν
1447 3264 1485 3338 τῷ
1498 3263 1544 3330 τῆς
1564 3260 1671 3325 Λινδίας
1687 3258 1794 3328 Ἀθηνᾶς

1010 3348 1071 3427 ἱερῷ
1085 3354 1190 3427 χρυσοῖς
1203 3347 1367 3425 γράμμασιν.
1382 3352 1415 3404 Γ.
1437 3349 1554 3406 Boeckh.
1574 3349 1611 3404 ad
1625 3350 1655 3404 h.
1669 3367 1791 3406 carmen.

1011 3440 1053 3494 De
1068 3440 1190 3513 Diagora
1206 3437 1243 3495 cf.
1259 3455 1345 3512 supra
1360 3435 1461 3514 fragm.
1473 3439 1590 3511 Apollae.

1321 3569 1483 3628 4..-

1042 3884 1172 3936 Strutocles
1188 3885 1270 3934 orator
1279 3889 1394 3934 amasiam
1407 3883 1506 3945 habuit,
1521 3884 1612 3933 Lernen
1622 3882 1728 3942 (idest,
1740 3895 1792 3944 gra·

1010 3964 1082 4013 miarn
1093 3965 1101 4026 )
1113 3964 1319 4025 cognominatam,
1330 3975 1386 4025 quae
1397 3966 1543 4012 Pnrornmc
1556 3960 1620 4025 [stne
1635 3961 1791 4020 Didrachma,

1009 4047 1061 4092 sice
1067 4047 1197 4092 Panormus
1202 4043 1222 4107 i]
1228 4041 1397 4092 nominabatur
1405 4056 1434 4092 eo
1444 4041 1509 4104 quod
1515 4041 1792 4090 duornmdrachnrarurn

1009 4121 1086 4182 pretio
1101 4133 1280 4182 quemcumque
1293 4121 1412 4170 volentem
1425 4119 1600 4181 conveniebat,
1610 4119 1637 4168 ut
1648 4119 1681 4168 ait
1695 4119 1793 4180 Gorgias

1011 4197 1034 4244 ln
1046 4197 1106 4246 libro
1119 4201 1154 4246 De
1163 4197 1335 4246 meretricibus.

1197 4299 1246 4358 DE
1260 4299 1390 4360 stcnls
1404 4299 1443 4359 ΙΝ
1459 4298 1602 4360 linono.

1388 4415 1412 4465 l.

1040 4505 1102 4556 illud
1121 4507 1195 4569 ihm,
1209 4507 1274 4570 quod
1284 4505 1309 4557 lo
1319 4467 1477 4558 Ptolemaeum
1493 4505 1598 4569 primum
1610 4507 1704 4570 Egypti
1714 4519 1791 4570 regent

1009 4586 1099 4634 canunt
1109 4583 1210 4646 ltlrodii,
1221 4597 1276 4634 rere
1283 4597 1352 4647 pean
1364 4586 1400 4634 est
1412 4603 1417 4634 :
1430 4584 1502 4633 habet
1511 4583 1575 4634 enim
1587 4585 1791 4644 acclamationem.

1010 4665 1035 4711 le
1047 4663 1142 4720 Ρσοιιε
1155 4663 1183 4710 ut
1192 4661 1225 4711 ait
1236 4661 1434 4723 Gorgoninlihro
1444 4660 1637 4711 Delihodiorum
1644 4661 1725 4712 moris.

1041 4823 1238 4886 Καταρραπτίτης.
1255 4826 1351 4886 Gorgon
1366 4743 1466 4875 in²librc
1477 4827 1513 4874 Do
1523 4824 1607 4874 moris.

1039 4901 1210 4964 Ἐπιπολιαῑος,
1219 4902 1351 4953 Maturius
1359 4902 1385 4952 in
1395 4901 1493 4964 Rhodo,
1503 4905 1532 4954 ut
1540 4905 1637 4964 (ὃοεκοιι
1645 4901 1735 4953 floribit.

1386 4986 1402 5036 θ

1040 5069 1090 5116 lloc
1101 5067 1196 5117 Pindari
1211 5080 1308 5118 carmen
1319 5069 1398 5120 eureis
1406 5021 1481 5119 literis
1489 5070 1614 5120 excretum
1624 5068 1728 5132 pesitum
1738 5079 1792 5117 esse

1009 5142 1032 5191 in
1045 5143 1098 5193 lano
1111 5143 1225 5194 Minervae
1237 5145 1333 5196 Lindie.
