3830 5720
785 330 1031 394 FRAGMENTA.
1653 351 1703 402 εει

105 459 251 540 ἀμφοτέρας
271 460 360 540 χώρας
374 458 516 540 οἰκητόρων
538 461 590 518 τοῖιν
610 458 666 518 ὅσοι
686 463 719 538 τῇ
737 458 881 536 Ῥωμαίων
928 463 1116 538 ὑπομειδιάσαι
1128 461 1173 520 καὶ
1184 454 1235 522 ὦδε
1253 465 1347 522 εἰπεῖν·
1361 491 1371 516 s
1387 455 1425 525 lii
1440 487 1480 524 σοι
1492 466 1606 542 γένοιτο,
1619 458 1641 526 όν
1653 469 1708 529 ’Au-

103 547 308 628 προσεχώρησαν
320 546 449 626 πολιτείᾳ,
459 581 497 592 -
505 547 633 606 πλείστων
644 537 699 622 σύν,
710 545 798 625 ὥσπερ
807 547 881 618 είκδς,
928 549 1013 626 δίγαν,
1028 549 1073 608 καῖ
1087 549 1178 629 Πέρσῃ
1188 551 1314 631 πεφυκότι
1324 549 1367 610 καί
1384 559 1555 632 μαρτυροῦντι
1566 556 1709 631 Ῥωμαίοις

103 633 141 690 ἐπὶ
169 634 272 715 τηλίκῳ
299 635 438 716 πράγματι
468 632 695 712 προενηνεγμένων
724 633 809 711 λόγοιν
837 635 881 692 καὶ
926 640 972 708 τῆς
984 638 1104 717 ἀνδρείας
1114 638 1159 697 καὶ
1172 637 1376 718 παρατρύισαντι
1385 638 1432 711 τὴν
1444 641 1567 711 ἀλήθειαν
1578 646 1706 716 οὐδαμῶς.

101 723 195 792 ἥκιστα
218 725 256 790 είς
276 725 351 802 ἔργον
373 720 516 800 ἀχθέντων,
533 719 600 796 μήτε
620 718 673 794 μὴν
694 743 726 799 τη
742 721 881 802 συμφωνίᾳ
927 725 960 782 Εἰ
972 723 1023 804 γὰρ
1038 722 1090 800 μὴ,
1108 727 1143 792 ire
1160 724 1272 804 έφης,ἡ
1292 725 1434 803 Ῥωμαίων
1449 738 1609 806 περιεσπᾶτο
1630 729 1709 788 δύνα-

101 812 195 890 άμφοῖν
207 814 263 868 τοῖν
278 819 367 890 μεροῖν
381 809 574 884 ξυμύαινόντων
589 807 729 878 ἀλλήλοις,
743 806 787 865 τὸν
799 807 883 867 Ἀνδί-
928 834 984 887 μις,
996 811 1041 870 καί
1052 811 1099 881 τὴν
1113 813 1281 890 πολυχειρίαν
1293 818 1339 871 τοῦ
1350 817 1409 872 κατ’
1423 813 1505 884 αὐτὴν
1520 822 1630 895 στρατοῦ
1641 819 1709 876 κατά

100 921 144 972 γαν
174 897 412 978 παρακρούσασθαι
441 895 579 976 Ζαχαρίαν
605 893 809 965 ύποτοπήσαντα
842 895 881 974 ἀφ’
928 897 1014 956 πολλά
1023 902 1069 970 τῆς
1083 898 1234 976 οἰκουμένης
1246 899 1366 967 ἐξέτεινεν
1376 899 1446 972 έθνη,
1458 902 1503 960 καλ
1514 905 1548 969 ὡς
1560 902 1707 984 ἐγεφύρωσε

100 975 118 1064 ᾧ
131 983 224 1044 θέσθαι
234 985 365 1056 συνθήκας
376 987 454 1050 ούκές
466 984 497 1042 τὸ
506 982 644 1064 εὐπρεπὲς,
656 981 725 1040 ἀλλά
734 981 784 1063 γὰρ
795 981 881 1062 πάντῃ
927 989 959 1062 τῇ
977 987 1085 1058 δυνάμει
1098 986 1146 1060 ris
1166 987 1297 1046 θάλατταν
1310 987 1356 1046 καὶ
1374 989 1420 1055 τδις
1434 989 1557 1068 ἠπείρους
1571 991 1655 1058 ἔζευξε
1672 995 1709 1070 τῷ

101 1072 309 1153 ἀσομφόροιιςιῇ
322 1071 463 1149 Ῥωμαίων
477 1075 564 1152 ἀρχῇ,
579 1069 658 1151 φάναι
669 1071 773 1147 λέγεται
784 1070 880 1128 τοιαίδε·
927 1079 1063 1152 πανταχοῦ
1075 1075 1199 1153 παρεῖναί
1212 1075 1297 1134 τεκαὶ
1309 1080 1450 1156 περαῖνον,
1466 1076 1491 1136 τί
1504 1075 1535 1134 ἀν
1548 1078 1599 1136 οἴει
1610 1100 1707 1136 πεπον-

102 1187 112 1210 ·
127 1161 217 1239 Τείχη
233 1159 281 1220 καί
292 1161 384 1232 πύλαι,
397 1160 443 1218 καί
455 1158 503 1218 είτι
514 1164 637 1230 τοιοῦτον,
649 1147 671 1216 ὦ
682 1157 785 1236 ἀνδρες,
799 1160 881 1237 φυλα-
927 1158 998 1217 θέναι
1014 1159 1118 1240 Πέρσας
1132 1160 1149 1231 ἦ
1165 1161 1208 1219 ἐπὶ
1220 1161 1300 1220 πόσον
1315 1165 1446 1242 ἀντισχεῖν
1458 1164 1525 1242 τῷδε
1534 1167 1571 1243 τῷ
1586 1163 1707 1243 πολέμῳς

99 1249 212 1327 κτήριον,
227 1248 368 1329 φυλάττειν
384 1247 441 1320 μέν,
455 1251 490 1314 ὡς
502 1245 587 1322 εἰκὸς,
598 1245 737 1317 δυνήσεται
749 1245 795 1304 καλ
805 1246 882 1304 πόλιν
927 1237 1013 1322 Οἶμαι
1028 1246 1075 1322 μέν
1088 1239 1132 1306 σύν
1144 1247 1225 1326 έγωγε
1236 1250 1318 1308 καύτό
1329 1273 1358 1326 γε
1369 1251 1453 1322 δήπου
1462 1250 1576 1326 τοῦνομα
1588 1257 1710 1331 συμφθα·

99 1337 138 1394 καὶ
152 1336 293 1394 πολιτείαν
312 1336 387 1408 ὅλην.
404 1335 451 1396 Ἐν
463 1325 500 1401 οἶς
515 1334 542 1392 δέ
559 1327 733 1412 τυγχάνουοιύ
746 1336 769 1392 οί
784 1333 882 1398 τούτοις
928 1337 1004 1411 ρῆναι
1021 1334 1151 1414 Πέρσαις,
1167 1335 1212 1394 καί
1225 1335 1297 1416 μόνῳ
1310 1341 1414 1408 νικῆσαι
1428 1339 1466 1417 τῷ
1486 1336 1617 1414 μηδέποτε
1630 1337 1710 1417 φέρε-

99 1424 354 1504 πιριπεφραγμένοι,
366 1421 490 1500 κρύπτειν
507 1422 559 1500 [οὐ]
571 1424 666 1502 ῥᾴδιον.
679 1419 766 1497 Φήμη
778 1420 829 1498 γάρ
841 1420 882 1478 ἀεὶ
928 1425 987 1478 σθαι
998 1425 1031 1501 τῇ
1042 1421 1145 1500 μνήμῃ.
1160 1448 1173 1475 s
1184 1423 1291 1490 Τούτων
1306 1425 1429 1504 Ζαχαρία
1443 1423 1585 1501 εἰρημένων
1599 1428 1612 1483 ὁ
1627 1425 1709 1484 ’λιδί-

98 1516 231 1590 χειροῦται
249 1512 284 1570 τά
298 1511 461 1590 πράγματα,
474 1509 520 1568 καί
536 1509 570 1567 τά
588 1507 712 1567 δοκοῦντά
725 1531 781 1574 πως
795 1505 881 1578 ἄδηλα
927 1531 976 1586 γαν
991 1513 1023 1579 τῆ
1039 1513 1099 1588 σιγῇ
1112 1509 1227 1581 ἐδήλωσε
1239 1511 1268 1570 τὸ
1280 1517 1428 1583 νενικῆσθαι
1443 1511 1574 1593 τῷλόγῳ.
1590 1513 1709 1574 Τοιαῦτα

97 1599 257 1657 καθεστάναι
274 1599 413 1676 προτίθησι
430 1601 488 1662 ταῖς
504 1595 607 1668 ἀκοαῖς,
623 1594 713 1673 ὥσπερ
727 1596 769 1652 ἐπ’
786 1596 882 1674 ἀγορᾶς
928 1595 976 1670 μέν
985 1617 1028 1653 ουν
1036 1597 1117 1676 ἄμφω
1125 1597 1300 1676 διελεγέσθην.
1314 1600 1360 1658 Ἐν
1368 1599 1482 1679 τοσούτῳ
1491 1601 1517 1657 δὲ
1527 1603 1540 1658 t
1550 1601 1706 1680 Ταχοσδράι,

98 1689 292 1766 ἐνφανερῷτῷ
301 1685 454 1764 βουλομένῳ
463 1681 672 1764 πρίασθσιύινια.
682 1685 827 1760 ’Τοιγαροῦν
837 1681 882 1738 καὶ
930 1685 1040 1758 Περσῶν
1055 1685 1216 1762 στρατηγὸς,
1240 1686 1296 1758 άμα
1316 1691 1349 1765 τῇ
1364 1690 1483 1766 Περσικῇ
1499 1696 1609 1767 στρατιᾷ
1631 1691 1656 1755 ἐς
1677 1689 1709 1746 τὰ

97 1775 167 1848 ἀμοῖς
182 1773 381 1849 ἐξιπιστάμεθα
394 1773 442 1843 riv
451 1769 593 1847 Ῥωμαίων
606 1766 690 1848 ἀρχὴν
700 1767 825 1844 πολέμοις
836 1770 882 1825 ἀν·
928 1771 1063 1847 ἱππάσιμα
1078 1771 1111 1830 τὰ
1129 1773 1189 1852 περὶ
1206 1771 1254 1843 τὴν
1272 1773 1376 1834 Νίσιύιν
1391 1772 1625 1852 ἐστρατοπεδεύετο
1640 1775 1710 1834 κατδι

97 1861 267 1938 τερείδουσαν
282 1859 430 1938 πλείστοις,
445 1858 489 1917 καῖ
506 1856 656 1936 πολλαχόσε
669 1859 714 1926 τῆς
732 1857 883 1931 οἰκουμένης
929 1856 973 1915 τὸν
998 1858 1141 1934 Μυγδόνιον
1168 1860 1295 1936 ποταμόν.
1326 1862 1471 1940 Μαυρίκιος
1495 1861 1522 1920 δέ
1549 1861 1709 1940 χαρακώσας

97 1949 161 2005 ὅπλα
175 1954 307 2008 κινοῦσαν
318 1947 364 2006 καλ
375 1946 523 2025 τῇδιινάμει
533 1943 727 2024 μεμερισμένην
738 1943 831 2022 σχεδὸν
842 1945 883 2024 ἀφ’
929 1947 1032 2024 ὑπῆρχε
1047 1943 1094 2012 τὰς
1113 1946 1179 2026 ἀμφ’
1197 1946 1273 2006 αὑτὸν
1295 1949 1416 2024 δυνάμεις
1432 1951 1458 2007 ἐν
1477 1953 1515 2028 τῷ
1530 1948 1562 2019 δὴ
1577 1950 1709 2031 λεγομένῳ

97 2035 200 2115 ίκάστιρ
224 2035 355 2116 βαρόάρῳ
366 2034 454 2113 γένει,
473 2033 519 2092 καῖ
532 2031 580 2104 τλν
593 2035 652 2091 καθ’
666 2035 737 2106 ἡμᾶς
750 2029 882 2090 πολιτείαν
931 2033 1110 2111 Μυνόκαρτον,
1128 2035 1154 2091 έν
1170 2033 1304 2116 ἀγχιθύριρ
1324 2037 1524 2108 Κωνσταντίνης
1538 2039 1584 2107 τῆς
1598 2037 1708 2106 πόλεως.

97 2124 138 2180 οὐκ
152 2123 212 2180 ἀπὸ
223 2123 325 2196 τρόπου
336 2120 469 2197 Ῥωμαῖοι
478 2118 632 2197 γινώσκουσι
643 2117 735 2193 μηδενί
748 2120 800 2176 τῶν
814 2117 883 2176 πάν·
928 2116 1007 2179 Ἔστι
1018 2119 1161 2199 γάρδήπου
1170 2120 1202 2178 τὰ
1213 2122 1273 2201 περὶ
1282 2125 1312 2182 τὸ
1323 2125 1493 2204 Μυνόκαρτον
1502 2125 1607 2184 ἅπαντα
1618 2123 1711 2209 ἔνοδρά

97 2233 142 2266 τινι
163 2211 314 2288 ἀνθρώπων
332 2215 378 2267 νῦν
398 2210 564 2284 πολεμοῦσαν
585 2205 602 2276 ἢ
621 2204 766 2281 Ῥωμαίοις
785 2204 881 2280 μόνοις.
929 2229 957 2264 τε
971 2208 1016 2265 καί
1036 2205 1170 2266 ίππόὸοτα
1191 2208 1236 2268 καὶ
1253 2214 1358 2290 στρατῷ
1378 2211 1589 2284 ἐνσκηνήσασθαι
1611 2217 1708 2294 ἀγαθά.

96 2296 143 2362 Ὦς
157 2289 204 2356 ὧν
218 2301 295 2374 ὑμῶν
307 2295 355 2374 μέν
367 2296 472 2361 πολλοῖς
484 2294 566 2352 ἔθνεσι
582 2293 752 2371 μαχομένων,
768 2292 882 2369 ἡμῶνδά
930 2293 1011 2353 Οὕτω
1025 2293 1072 2370 μὲν
1088 2288 1159 2354 οῦτοι
1179 2297 1399 2377 ἀπεταφρεύοντο.
1418 2297 1495 2378 Ἀτδιρ
1510 2304 1524 2357 ὁ
1538 2300 1656 2380 Ἀνδίγαν
1671 2302 1711 2360 ἔτι

96 2387 184 2460 μόνοις
198 2389 272 2460 ὑμῖν,
287 2383 357 2442 οὕτω
373 2383 418 2441 καὶ
435 2382 483 2448 τδς
505 2380 630 2452 ζυνθιίκας
644 2380 746 2457 ἀνάγκη
767 2380 882 2438 διατιθέ-
931 2379 1091 2454 ξυνεστύισης
1103 2388 1149 2454 τῆς
1163 2384 1303 2456 ἐκκλησίας
1317 2387 1414 2464 ἐχρᾶτο
1423 2387 1469 2446 καὶ
1481 2387 1584 2456 πτοίαις
1595 2391 1647 2448 reri
1665 2389 1710 2448 καὶ

94 2497 148 2534 ναι.
163 2471 280 2532 Βάὸσιον
293 2472 346 2551 γὰρ
359 2470 391 2530 ἀν
402 2470 503 2548 γένοιτο
515 2467 659 2544 Ῥωμαίοις
670 2490 698 2526 τι
713 2465 743 2525 τό
757 2476 883 2546 περιεῖναι
929 2475 1111 2548 φενακισμοῖς,
1132 2472 1255 2551 Ζαχαρία
1268 2474 1413 2544 ῦποδηλιῦν,
1430 2477 1465 2541 ὡς
1482 2475 1558 2542 αὐτὸς
1574 2477 1614 2548 εἴη
1635 2477 1712 2552 μόνος

95 2563 135 2618 καί
160 2559 229 2639 πρὸς
248 2559 338 2618 πολλὰ
353 2557 576 2637 διαγωνιζομένοις
592 2557 651 2628 ίθνη
670 2554 715 2614 καί
733 2555 797 2633 πρὸς
820 2556 883 2632 μίαν
930 2557 1165 2618 δδιακωλύοιντδν
1180 2559 1328 2640 Ταχοσδρὼ
1338 2560 1385 2632 τὴν
1399 2561 1555 2636 Ῥωμαϊκὴν
1570 2567 1616 2641 γῆν
1629 2586 1713 2622 κατα-

96 2652 142 2705 τῦν
157 2650 276 2726 Περσῶν
291 2645 436 2717 πολιτείαν,
450 2649 568 2724 καθάπερ
583 2643 628 2704 καί
649 2644 714 2720 ἡμῖν
734 2645 761 2702 ίν
783 2643 882 2724 βεόαίῳ
931 2652 1016 2702 σεῖσαι
1038 2645 1153 2706 ἅπασαν.
1177 2647 1265 2724 Τυχόν
1286 2647 1352 2727 γάρ,
1375 2651 1401 2706 ἐν
1422 2640 1444 2729 ᾧ
1465 2650 1646 2727 διαλεγόμενος
1664 2643 1712 2722 ἦν,

97 2735 236 2808 γενήσεται
251 2733 402 2814 τδκραττῖν
420 2732 485 2814 πρὸς
505 2731 596 2790 οὐδένα
614 2735 664 2790 τῶν
687 2730 802 2801 σίλλωνῆ
819 2730 883 2812 πρὸς
930 2732 1081 2812 ἀνεφαίνετό
1095 2756 1132 2801 τις
1153 2733 1251 2792 τούτων
1266 2734 1297 2805 δὴ
1316 2738 1368 2793 τῶν
1386 2737 1411 2801 ές
1427 2735 1507 2814 τάχος
1527 2737 1711 2814 ἱππαζομένων

97 2821 246 2898 Ῥαμαίους
260 2820 355 2896 μόνως
369 2821 460 2899 έχουσι
479 2817 526 2888 τλν
548 2816 685 2899 διαφορὰν,
702 2819 748 2876 καί
768 2820 806 2898 τῷ
820 2817 884 2896 πρὸς
929 2819 1015 2878 τεκαὶ
1029 2819 1075 2886 τὰς
1086 2820 1209 2898 ἀγγελίας
1222 2825 1259 2901 τῷ
1279 2821 1356 2901 τάχει
1373 2827 1425 2882 τῶν
1442 2822 1531 2882 ίππων
1545 2825 1712 2900 διακομιζόν-

96 2913 136 2966 [ss
149 2909 199 2967 καὶ
214 2908 261 2966 τὸν
277 2909 356 2966 αὐτὸν
376 2905 590 2987 παρατάττεσθαι
611 2906 736 2982 πόλεμον.
751 2932 763 2960 ι
788 2909 883 2965 Ταῦτα
929 2929 992 2982 των,
1006 2908 1184 2984 πλαττόμενος
1196 2911 1226 2968 έκ
1237 2915 1282 2968 τοῦ
1296 2911 1444 2989 Ταχοσδρὼ
1456 2913 1590 2971 ἐστάλθαι.
1608 2914 1662 2973 Καὶ
1677 2914 1710 2982 δὴ

95 2997 147 3055 ἐπεὶ
161 2994 254 3064 ἔλεξεν
277 2999 292 3053 θ
310 2996 438 3073 Ἂνδίγαν,
459 2995 591 3066 ἀκηκοότα
615 2993 754 3072 Ζαχαρίαν
777 2992 881 3070 λέγεται
930 2993 972 3051 τδν
984 2993 1102 3073 ’λνδίγαν
1113 2997 1166 3071 ἰδίᾳ
1177 2996 1322 3072 λαμύάνων
1335 2998 1472 3078 ένεχείριζέ
1483 3002 1506 3057 σί
1519 3001 1668 3072 ἐπιστολὴν,
1684 3001 1712 3056 ἐν

95 3155 240 3218 apionem,
254 3157 282 3206 et
298 3167 352 3204 enm
368 3153 532 3203 Persermenis
547 3154 573 3202 et
592 3158 716 3201 Arzanene
732 3153 883 3200 commentare
929 3153 1030 3213 reteque
1051 3153 1097 3201 erit
1115 3153 1230 3211 victoris,
1251 3155 1447 3216 quandoquidem
1468 3171 1525 3205 cum
1547 3157 1619 3206 unitis
1647 3158 1713 3217 otiis,

94 3233 225 3294 intonent,
237 3231 314 3282 niodo
324 3241 409 3280 esrum
420 3229 598 3292 provinciarum
611 3228 711 3289 inooiae,
723 3229 765 3290 qui
774 3241 800 3278 se
810 3227 841 3278 ed
849 3227 891 3276 rei·
929 3241 1001 3291 quem
1016 3243 1073 3280 cnm
1085 3231 1141 3280 sotis
1152 3233 1279 3292 Romanis,
1300 3233 1370 3282 nobis
1381 3233 1426 3282 erit
1444 3237 1580 3296 certamem
1591 3237 1616 3284 et
1630 3237 1715 3284 contre

95 3310 197 3372 punimus
210 3312 333 3360 nomano
352 3308 520 3357 anctoritatem
531 3307 696 3365 contulissent,
717 3317 746 3355 ετ
762 3305 884 3354 deditione
929 3318 1005 3356 unum
1017 3307 1170 3370 eundemque
1178 3308 1270 3356 trustem
1286 3322 1361 3358 unum
1377 3308 1491 3371 idemque
1502 3310 1594 3359 betium
1609 3310 1714 3360 instrue·

95 3403 141 3438 non
161 3389 362 3438 continerentur.
374 3390 455 3445 Quum
464 3386 535 3435 multi
554 3385 586 3434 de
597 3397 626 3434 ee
637 3397 664 3434 re
674 3396 797 3434 sermones
808 3383 883 3432 inniti
929 3395 990 3432 mus.
1003 3402 1015 3426 ν
1030 3383 1094 3442 Qum
1104 3397 1180 3446 quum
1193 3385 1301 3446 indigen
1311 3385 1431 3436 dicentem
1447 3386 1712 3447 zectmrieseudiisset,

95 3469 183 3526 nent,
194 3477 280 3527 nenne
290 3464 385 3512 nitores
393 3463 424 3512 ed
433 3463 505 3512 tinem
513 3461 667 3524 pervenisset,
677 3462 734 3522 quie
743 3462 882 3522 reunquem
927 3458 1017 3508 dicitur
1026 3459 1151 3510 subrisisse
1163 3463 1187 3510 et
1198 3459 1232 3510 its
1241 3461 1353 3510 locutus:
1367 3481 1378 3504 ι
1390 3465 1453 3511 Bene
1463 3464 1507 3513 tibi
1517 3464 1557 3524 sit,
1570 3463 1713 3526 otndigem

96 3547 173 3604 portes
183 3544 251 3592 inter
260 3553 290 3590 se
301 3539 476 3589 σοσναιθεῖισοῖ
489 3553 496 3586 :
512 3538 620 3600 indigen
636 3539 660 3586 io
676 3537 815 3586 zachariam
823 3571 830 3597 ,
839 3538 882 3599 qni
928 3536 1018 3586 nomint
1032 3537 1057 3586 in
1076 3537 1154 3587 Persio
1173 3541 1243 3600 neto,
1261 3540 1302 3601 qrri
1324 3537 1470 3589 tortitudinis
1486 3543 1511 3590 et
1533 3540 1629 3589 virtutis
1646 3542 1714 3590 testi-

94 3621 160 3670 ῖΙΙιιιι
167 3621 239 3684 pods
249 3619 403 3669 conditiones
412 3619 512 3668 minium
524 3617 644 3676 honestes,
656 3619 707 3666 imo
718 3617 883 3666 dominorum
928 3616 1036 3666 monium
1054 3617 1168 3666 nomenis
1182 3618 1292 3680 prebes,
1307 3630 1384 3680 neone
1402 3631 1417 3668 ο
1430 3618 1532 3668 veritate
1549 3619 1653 3668 aberres.
1665 3620 1714 3668 ttisi

95 3699 165 3748 πῦσε
179 3713 214 3748 ex
225 3695 297 3746 omni
308 3699 378 3758 purte
391 3695 518 3744 &morosas
530 3697 554 3744 et
566 3693 662 3744 inutiles
676 3694 737 3744 terre
749 3694 883 3756 suspicetur
928 3691 1002 3752 enim,
1021 3693 1049 3741 ut
1058 3693 1131 3752 diris,
1152 3695 1254 3744 Romani
1275 3695 1395 3755 ingentem
1414 3694 1596 3744 multitudinem
1611 3709 1712 3745 suornm

94 3778 156 3837 ατί,
169 3774 305 3824 hirenis
321 3773 489 3822 inrectnsesse
504 3771 580 3820 sertin
592 3789 599 3820 z
612 3791 624 3814 ι
635 3771 723 3820 Μωιιὶο
734 3773 758 3820 et
773 3772 849 3833 portae
859 3773 884 3820 et
928 3770 1079 3818 exercituum
1093 3769 1124 3819 ed
1135 3774 1184 3820 tem
1199 3772 1288 3821 muitns
1304 3773 1389 3834 gentes
1401 3773 1474 3820 terrm
1491 3771 1669 3834 extendissent,
1690 3775 1715 3822 et

93 3855 169 3914 diod,
178 3867 196 3902 o
204 3851 267 3912 riri,
277 3851 456 3899 munimentum
469 3849 556 3910 poterit
564 3847 662 3910 quidem
672 3849 697 3896 et
705 3847 789 3896 urbem
799 3849 885 3898 etuni-
929 3849 1018 3912 copiis,
1034 3851 1150 3910 tunquam
1161 3849 1250 3910 ponte,
1270 3861 1337 3898 urere
1344 3848 1496 3910 iunxissem,
1509 3853 1533 3898 et
1544 3862 1627 3899 omnes
1638 3852 1714 3900 terres

93 3943 186 3980 τετεααι
203 3927 394 3990 rempublicam
411 3925 475 3974 tueri
491 3924 548 3975 :sed
561 3937 610 3987 que
622 3923 759 3974 conditione
770 3925 787 3974 ii
798 3937 825 3974 se
838 3927 882 3974 tre·
929 3926 1039 3988 prorem
1049 3926 1150 3988 imperio
1160 3925 1349 3985 continuisseut;
1360 3925 1420 3987 quid
1430 3925 1553 3975 existimes
1566 3929 1650 3976 Perses
1660 3940 1713 3988 pes·

93 4006 179 4068 uror,
190 4006 237 4068 qur
246 4004 335 4054 inclusi
349 4002 512 4061 continentur,
527 4013 576 4050 non
588 4000 656 4050 irciie
665 4000 780 4050 occultari
795 4004 882 4065 potest.
929 4015 1015 4064 suros,
1033 4005 1076 4052 eut
1097 4003 1214 4064 quamdiu
1236 4003 1283 4051 hoc
1303 4002 1367 4052 belle
1390 4002 1514 4052 tolerando
1532 4015 1600 4064 peres
1619 4005 1713 4054 tuturos

95 4085 167 4132 inne
181 4082 251 4133 enirn
265 4080 295 4129 in
312 4079 426 4130 omnibus
441 4079 513 4128 rebus
524 4078 671 4136 dominetur,
684 4080 709 4127 et
720 4079 758 4127 ret
768 4092 809 4139 ee,
828 4091 884 4143 qum
929 4083 1017 4132 misse?
1034 4083 1089 4130 Jam
1105 4093 1170 4129 nunc
1188 4080 1266 4140 ipsum
1278 4091 1367 4128 nomen
1386 4079 1506 4129 Persicum
1521 4091 1577 4130 cnm
1591 4081 1667 4129 Persis
1677 4081 1714 4130 in·

94 4161 236 4212 νεαεσσιθὶῖα
246 4158 453 4210 essrridebentur
464 4158 711 4219 hominumnuribns,
721 4159 884 4209 sicutmerees
929 4160 1058 4210 teriturum
1075 4171 1163 4221 εοεηυο
1179 4158 1244 4206 uultu
1255 4158 1302 4206 etis
1318 4171 1358 4216 re,
1379 4170 1452 4219 quem
1469 4161 1561 4208 erema
1580 4158 1714 4218 oblivione,

94 4243 119 4290 in
128 4237 360 4304 hmunptoribns,
373 4238 479 4301 exponit.
490 4237 653 4296 Quamobrem
663 4240 688 4287 et
699 4250 742 4288 nos
757 4241 823 4288 certe
835 4240 883 4288 sci·
931 4238 1038 4286 victuros
1048 4237 1128 4284 tuisse.
1144 4234 1278 4284 »necubi
1290 4234 1453 4285 dictasunte
1467 4235 1715 4296 hunnimundum

96 4331 163 4380 mn,
184 4322 328 4368 Bornennm
338 4316 466 4376 imperium
479 4327 537 4364 cum
547 4314 630 4364 multis
644 4315 738 4377 poputis
753 4315 816 4365 beiic
825 4329 884 4365 een·
929 4315 987 4365 setis
994 4314 1091 4365 sitentio
1108 4313 1237 4372 indicenti,
1247 4325 1273 4362 se
1288 4312 1391 4360 dicendo
1407 4309 1547 4361 ezecherie
1562 4315 1712 4374 superatum.

94 4399 207 4460 tumre,
226 4400 253 4447 et
272 4408 318 4458 per
334 4396 458 4458 pteresoue
474 4397 546 4444 terrre
565 4407 621 4444 ores
639 4407 707 4444 arms
722 4395 883 4446 circumferre
930 4392 1152 4442 Dumeutominter
1163 4388 1576 4452 secottoquerentur,'rachosdrus,
1587 4391 1713 4439 Persarum

95 4479 130 4526 ts
142 4491 191 4539 qne
201 4475 231 4524 nt
240 4472 332 4534 utejns
341 4473 418 4534 copie
433 4471 482 4522 inte
497 4471 610 4534 disperso
619 4471 667 4520 sint
676 4471 790 4520 adsersus
800 4484 885 4521 unum·
929 4471 990 4534 dux,
1005 4485 1061 4521 cnm
1078 4471 1186 4520 exercitu
1199 4471 1294 4518 Persico
1313 4469 1391 4518 cestre
1403 4468 1505 4516 trehebet
1514 4469 1545 4516 sd
1556 4469 1712 4531 Mygdonium

96 4554 210 4616 qnodque
223 4553 275 4602 tere
292 4549 452 4599 hortemrum
467 4562 552 4610 genus.
570 4551 602 4598 At
613 4560 671 4597 vero
687 4549 789 4597 Romen}
806 4549 886 4598 sciunt
928 4561 1033 4610 emnem,
1048 4547 1220 4597 circadisibim
1232 4546 1257 4594 in
1269 4545 1363 4606 campis
1376 4545 1480 4606 equestri
1495 4557 1582 4606 pugnes
1593 4547 1714 4596 eiciendo

96 4635 206 4680 ιοιετσιο
219 4629 366 4692 imperium,
383 4641 432 4676 non
443 4627 494 4692 sine
509 4628 616 4688 ratione,
627 4639 683 4676 cnm
695 4627 763 4676 nutio
775 4627 823 4675 nito
841 4627 884 4674 Ιιο-
929 4627 1045 4686 equitatui
1059 4637 1174 4688 perquam
1186 4622 1337 4686 opportunis.
1350 4622 1478 4671 Mauricius
1491 4635 1550 4669 rem
1562 4623 1626 4670 sotio
1637 4623 1713 4671 conti·

96 4711 191 4758 ιῖτιιιτι
201 4721 307 4771 gnere,
320 4719 395 4769 quum
405 4719 462 4754 rum
470 4705 593 4764 ltonrenis,
607 4705 697 4754 betium
703 4717 793 4764 gerere.
801 4706 886 4766 leque
929 4704 1000 4756 nebat
1007 4717 1065 4754 suos
1078 4705 1166 4753 milites
1172 4705 1198 4752 in
1205 4702 1259 4750 ioco
1271 4713 1343 4762 ouem
1353 4701 1442 4749 vocent
1450 4701 1628 4760 iionceertum,
1639 4713 1713 4762 prope

96 4787 212 4848 ςιοιιῖειιι
229 4798 274 4834 sos
285 4797 343 4833 cnm
359 4784 443 4832 moitis
462 4782 573 4843 gentibus
589 4781 652 4830 betto
663 4781 804 4842 decertetis,
817 4781 886 4830 nohis
929 4784 1010 4843 portes
1018 4780 1084 4829 urbis
1096 4779 1268 4830 contuens.
1281 4781 1343 4827 sunt
1352 4776 1417 4826 enim
1426 4775 1508 4824 omnis
1520 4777 1573 4824 tuce
1585 4777 1649 4824 circe
1660 4779 1711 4826 tto-

96 4867 181 4914 suun
189 4877 248 4913 enrn
269 4863 341 4912 vebis
352 4862 411 4911 sctis
422 4861 512 4910 betium
520 4864 569 4920 est,
578 4859 609 4909 nd
628 4861 693 4909 hunc
703 4859 802 4910 modum
812 4862 884 4910 etiem
929 4863 1055 4909 nocerium
1064 4871 1154 4920 seriose
1166 4862 1190 4907 et
1202 4869 1320 4918 equorum
1332 4854 1434 4918 psstioni
1446 4853 1589 4912 commoda,
1606 4857 1631 4903 et
1641 4867 1712 4904 erer-

97 4943 201 4994 'ndnr'n
212 4942 331 4994 werdae
341 4941 408 4991 sunt.
422 4941 484 4990 itero
500 4939 601 4990 numeni
611 4951 637 4988 se
646 4940 753 4988 uicturos
768 4951 819 4988 esse
828 4951 885 4988 eon·
929 4938 986 4989 citui
996 4938 1042 4988 sub
1050 4934 1339 5000 peitibusinbendonpte.
1348 4933 1385 4983 sd
1394 4935 1458 4982 imno
1467 4931 1642 4982 modumiltme
1651 4933 1713 4983 ioue

98 5023 185 5080 mi,
194 5021 268 5072 etiam
285 5035 344 5070 cum
354 5021 437 5070 miultis
453 5018 604 5078 ustionibus,
615 5019 640 5067 et
650 5020 733 5067 contre
743 5031 818 5066 uuum
831 5023 885 5068 Per·
929 5018 954 5066 et
966 5016 1030 5065 valio
1039 5015 1183 5064 munierant.
1199 5015 1312 5063 ceterum
1323 5010 1443 5073 indigen,
1456 5010 1515 5059 dum
1524 5009 1604 5058 edimc
1615 5009 1640 5059 in
1654 5023 1711 5060 con-

99 5109 182 5147 εντιιο
192 5099 323 5162 inperium
339 5095 632 5159 bellumgerentes‚sieut
643 5095 711 5145 nobis
724 5096 789 5144 certe
803 5095 883 5158 expio·
929 5095 984 5145 cilio
995 5097 1081 5156 essem,
1090 5096 1211 5145 exterrere
1221 5089 1360 5144 zscnerirm
1372 5091 1396 5140 et
1405 5089 1519 5140 detrudere
1526 5092 1562 5140 est
1571 5103 1710 5152 egeremus:
