3830 5720
824 377 1079 451 entellum?
1675 400 1730 452 tlt

131 515 161 592 ἰ’,
175 513 245 578 dm
257 516 294 594 μή
308 515 492 590 πολυπληθίαν
504 520 614 595 στρατοῦ
633 518 658 582 ἐς
673 515 703 574 τδ
718 513 806 595 Δάρας
821 515 909 584 ἰνιζιί-
954 517 981 577 δί
995 520 1124 599 ἀπατηλῷ
1137 520 1188 578 τῶν
1204 541 1231 578 τε
1252 519 1451 596 έμπεδωθέντων
1465 521 1616 601 νεοχμῶσοί
1630 545 1655 581 τι
1671 527 1733 601 βου-

130 628 192 683 ντιν,
210 606 280 676 πλὴν
298 602 347 678 όση
366 629 396 684 γε
414 606 519 685 ιὶρκέστι
532 605 597 684 πρὸς
609 601 726 686 φυλακὴν
745 609 792 662 τοῦ
804 603 908 672 ἄστεος·
953 605 1055 686 λομένιρ
1072 605 1116 664 τὸν
1137 605 1192 666 θτδν
1209 605 1314 666 ἔσεσθαι
1330 605 1473 668 ἀντίπαλόν
1491 631 1520 667 τε
1540 611 1584 668 καὶ
1596 609 1732 686 πολέμιον.

131 691 195 768 μήτε
207 690 342 762 δίτδντῆς
355 693 391 750 tu
401 691 547 772 στρατηγὸν
557 690 626 751 κατά
640 689 737 762 ταύτην
747 689 909 769 ένιδρῦσθαι,
953 693 1038 774 Τρίτη
1050 693 1114 772 πρδς
1128 697 1161 765 τῆ
1174 695 1270 774 δεκάτη
1285 699 1336 753 τῶν
1348 694 1520 773 νομισθέντων
1535 695 1626 775 ἰσχῦς,
1637 720 1735 770 πεντη-

130 783 172 837 τοῦ
181 777 220 856 μὶ,
232 779 314 837 ἰκτοῦ
324 779 425 837 τοιοῦδε
432 777 572 858 ἐπιδρομάς
581 777 599 848 ή
609 777 709 856 βλάόας
717 776 910 854 γίνεσθαικατίι
954 779 1118 848 κοντούτιδας
1127 761 1193 840 ε’ίναι
1202 780 1248 847 τδις
1257 781 1379 854 σπονδάς,
1388 782 1518 862 ε’ρρῶοθαί
1527 806 1554 842 τε
1564 784 1597 842 τιὶ
1609 790 1654 856 τῆς
1662 785 1734 865 εἰρή-

131 867 252 944 Περσῶν.
264 863 369 942 Εἰδίγε
381 865 465 945 άραττ
474 871 588 924 τοιοῦτον
597 863 909 943 ξυνενεχθείη,ἰπαγιώθη
953 866 1360 947 νηςίπίπιντήκονταάνιαυτοθς,
1368 868 1734 948 άριθμουμένουτοῦένιαυτοῦ

129 953 172 1010 τδν
194 952 312 1033 άρχοντα
329 959 377 1012 τοῦ
392 952 483 1032 Δάριις
501 951 642 1012 διατιθέναι
658 953 689 1010 τὶ
706 951 907 1029 πλημμεληθέν.
954 953 1024 1012 κατὰ
1030 953 1061 1014 τὶ
1069 956 1178 1035 ἀρχαῖον
1186 955 1250 1028 ἔθος,
1259 955 1370 1016 ἑκάστου
1381 955 1684 1038 ίτουςτῇτριακοσιοστῇ
1690 958 1738 1034 καὶ

130 1039 186 1100 lite
195 1042 305 1122 πρδςτῇ
316 1039 412 1118 δεκάτη
422 1043 476 1100 τῶν
486 1042 604 1100 σπονδῶν
616 1039 773 1118 βεδαίωοις,
786 1039 871 1111 ὥστε,
884 1041 907 1098 εἰ
955 1039 1081 1121 ἑξηκοστῇ
1092 1041 1137 1100 καὶ
1147 1041 1256 1122 πέμπτη
1267 1042 1353 1124 ἡμέρη
1362 1043 1568 1123 περατουμίνου.
1579 1044 1735 1124 ’leporarii

82 1143 88 1154 ·
128 1125 203 1193 πόλις
214 1125 308 1206 ίτίραν
321 1125 450 1204 ζημιῶσαι
464 1124 569 1198 πόλινή
587 1129 707 1184 ὁπωσοῦν
727 1125 867 1206 διαφθείρει
885 1147 910 1182 τι
955 1127 1106 1206 καὶτοῦτο,
1120 1129 1275 1210 καθίιέρην,
1290 1129 1359 1188 ὥστε
1373 1129 1508 1211 ἐξάμροῑν
1527 1134 1735 1209 άποκομισθῆναι

129 1218 179 1272 τῶν
192 1217 289 1288 αὐτῆς,
299 1215 338 1292 μή
352 1215 469 1296 τῷνόμηι
477 1219 523 1272 τοῦ
533 1213 649 1290 πολέμου
659 1212 726 1289 μήτε
737 1212 790 1288 μὴν
802 1211 911 1288 δυνάμει
955 1213 1088 1281 συλλαύίις
1096 1218 1195 1288 ἐκεῖσε,
1205 1214 1335 1286 δηλούσας
1344 1219 1379 1283 ῶς
1387 1216 1433 1276 καὶ
1445 1217 1525 1297 άμρω
1535 1218 1639 1299 στέρξαι
1651 1225 1735 1279 ταῦτα

130 1307 322 1382 στρατιωτικῇ,
340 1301 426 1368 άλλως
444 1301 472 1360 δί
490 1301 557 1381 δόλιρ
573 1300 624 1360 τινὶ
642 1300 687 1359 καὶ
700 1302 786 1379 κλοπῇ
802 1333 843 1346 -
860 1299 912 1358 εἰσί
955 1301 995 1380 ἰρ’
1007 1293 1215 1370 οίςίύτῦαίωσαν
1226 1302 1735 1384 οὶπρέσὸιις.Πίραςτεδεξαμίνωντῶν

128 1387 179 1467 γάρ
192 1389 290 1448 τοιοίδε
306 1388 372 1455 τινίς
383 1388 545 1469 άνοοιουργοί
559 1391 583 1446 oi
596 1393 680 1446 ταῦτα
692 1387 865 1467 πράσσοντες,
877 1391 912 1454 ῶς
956 1392 1099 1462 συνθηκῶν,
1106 1387 1280 1462 άντεδόθησσιν
1289 1391 1317 1448 αὶ
1325 1389 1465 1468 λεγόμεναι
1475 1389 1581 1472 σάκραι.
1590 1391 1698 1452 ’Τούτων
1708 1391 1736 1450 δί

128 1473 161 1532 ἂν
175 1476 296 1552 πολέμου
306 1475 391 1534 ἔσοιτο
404 1475 546 1557 πρόφασις·
563 1471 711 1545 ἕύσύαιώθη
725 1476 863 1552 τοιγαροῦν
878 1471 911 1530 τίι
956 1475 1085 1544 δοξάντων
1095 1475 1140 1534 καὶ
1150 1475 1401 1555 ἰσχυροποιηθέντων
1410 1476 1483 1545 ἰκτὶς
1495 1478 1618 1555 ἐνομίσθη
1631 1477 1664 1537 τδι
1675 1479 1735 1558 πτρὶ

126 1563 316 1644 τοιαετότροττα
331 1566 467 1634 ἀναζητεῖν
481 1565 506 1630 ίς
519 1561 550 1621 τὶ
561 1559 682 1642 άκριόές,
698 1561 743 1620 καὶ
754 1563 912 1641 έπανορθοῦ-
956 1563 1007 1622 Ιτῶν
1022 1565 1050 1622 έν
1064 1562 1174 1641 Περσίδι
1186 1565 1365 1643 Χριστιανῶν,
1381 1564 1503 1624 ὥστεκαὶ
1514 1565 1577 1632 νειὶις
1591 1567 1735 1642 οἰκοδομεῖν

127 1650 261 1719 σθαιτσὶς
274 1649 398 1718 δικαστάς
409 1649 467 1716 τοὶς
476 1653 504 1710 έν
515 1650 569 1716 τοῖς
580 1649 690 1728 πέρασιν
704 1647 828 1727 ἑκατέρας
838 1649 913 1707 πολι·
957 1651 1003 1709 καὶ
1023 1651 1177 1720 ἐπιθειάζειν
1197 1659 1263 1730 σφᾶς
1281 1651 1381 1728 ἀδεῶς,
1405 1652 1452 1711 καὶ
1474 1651 1533 1720 τοὺς
1552 1651 1737 1732 χαριστηρίους

126 1735 199 1804 τείας
214 1737 380 1817 ίδρυμένους.
399 1739 434 1798 Εἰ
452 1735 480 1798 δέ
496 1758 527 1814 γι
545 1735 619 1796 αὐτοὶ
635 1736 683 1794 οῦκ
704 1733 808 1794 έσονται
828 1733 913 1794 ίκανοί
957 1735 1071 1814 ύμνους,
1091 1736 1158 1797 καθίι
1177 1736 1326 1814 νενόμισται
1345 1743 1419 1814 ἡμῖν,
1440 1737 1580 1806 ἀκωλύτως
1597 1741 1735 1816 ἐπιτελεῖν,

128 1825 299 1884 ἀναπάλλειν
309 1824 355 1892 ri<
365 1825 430 1905 πρὸς
444 1824 573 1895 ἀλλήλους
586 1825 638 1882 τῶν
652 1821 838 1899 ἀστυγειτόνων
851 1827 912 1902 pdo-
958 1822 1027 1882 άλλδ
1049 1823 1101 1904 γάρ
1129 1823 1196 1898 μήτε
1219 1825 1462 1902 καταναγκάζεσθαι
1484 1825 1600 1904 μαγικήν
1621 1825 1737 1902 μετιέναι

127 1912 191 1991 ρίις,
203 1912 351 1992 ίστέρχθη,
365 1910 434 1971 ῶστε
454 1911 503 1982 τὴν
524 1911 689 1970 διαδικασίαν
710 1906 913 1984 ἀναπέμπεσθαι
958 1911 1107 1990 θρησκείαν,
1128 1910 1195 1988 μήτε
1209 1910 1263 1988 μὴν
1280 1914 1426 1971 θεοκλυτεῖν
1440 1912 1566 1980 όκουσίως
1585 1912 1645 1978 τοὺς
1664 1913 1738 1990 παρά

127 2003 162 2064 ὣς
175 1997 221 2058 τδν
230 2003 278 2071 τῆς
291 1998 328 2057 έω
342 1998 501 2076 στρατηγὸν,
514 2002 565 2073 ὡς,
580 1997 643 2075 εἴγε
656 1995 719 2054 τίσω
731 1999 821 2071 μηνῶν
836 1995 862 2064 ἓξ
874 1995 913 2074 μή
958 1998 1060 2069 Μήδοις
1082 1998 1281 2076 ντνομισμένους
1301 1997 1383 2065 θεούς.
1402 1998 1457 2057 Καὶ
1479 2002 1503 2058 οὶ
1523 1999 1679 2080 Χριστιανοὶ
1692 2001 1736 2074 δί,

126 2083 240 2160 τμηθιίη
258 2084 293 2144 τά
307 2089 353 2155 τῆς
366 2085 480 2162 ἁμίλλης
497 2085 570 2144 κσὶδ
590 2081 729 2159 ζημιωθεὶς
749 2081 787 2159 μή
800 2082 914 2164 λήψεται
958 2085 1028 2145 ῶσττ
1046 2085 1142 2158 ἥκιστα
1158 2087 1204 2144 καὶ
1218 2085 1270 2144 οίδε
1285 2087 1403 2166 τολμῷεν
1420 2087 1584 2163 μκτατιθέναι
1600 2087 1698 2167 μάγους
1712 2090 1738 2155 ἐς

126 2173 157 2230 τδ
170 2173 327 2249 ἀπολωλὸς,
340 2172 384 2231 τδν
405 2173 569 2245 ἀδικήσαντα
588 2170 679 2231 λοιπὸν
694 2169 738 2230 ἐπὶ
753 2175 831 2250 ποτνῇ
845 2173 871 2238 ές
884 2172 914 2232 τὶ
957 2172 1006 2246 τήν
1016 2177 1074 2233 καθ’
1085 2177 1157 2249 ἡμᾶς
1166 2171 1252 2242 δόξαν.
1264 2172 1411 2253 Ἐκράτησε
1425 2172 1452 2232 δέ
1464 2172 1532 2232 ὥστε
1543 2175 1589 2233 καὶ
1601 2174 1662 2242 τοὶς
1673 2175 1738 2246 θνή-

128 2261 268 2320 διπλάσιον
282 2263 322 2340 τῷ
334 2259 486 2340 ἠδικημένῳ
507 2249 573 2318 εἰναι
594 2257 743 2318 ὑπεύθυνον·
762 2257 826 2332 Ὧι,
848 2258 873 2318 εἰ
884 2283 913 2336 γε
958 2269 1131 2328 monocerote
1144 2262 1308 2342 Χριστιανοὶς
1321 2263 1363 2319 έπ*
1376 2259 1493 2329 ἐξουσίας
1505 2253 1571 2319 εἰναι
1585 2263 1693 2322 θάπτειν
1707 2265 1735 2320 ἰν

128 2346 196 2422 μηδέ
213 2347 285 2407 οὕτω
307 2347 391 2427 πέρας
408 2346 474 2420 iios,
495 2344 641 2418 διετυπιύθη
666 2345 697 2404 τδ
719 2350 815 2404 πονοῦν
837 2345 914 2425 μέρος
957 2349 1063 2429 τάροις,
1076 2342 1095 2428 ᾗ
1110 2349 1261 2425 νενόμισται
1275 2351 1339 2429 παρ’
1355 2353 1428 2425 ἡμῖν.
1444 2348 1550 2410 Τούτων
1564 2349 1632 2409 οῦτοι
1644 2352 1739 2431 aposl-

128 2433 272 2544 τρισύείαν
297 2434 415 2494 στέλλειν
429 2437 464 2499 its
480 2433 524 2491 τὶν
548 2433 659 2511 βασιλέα
681 2437 727 2492 τοῦ
751 2432 912 2504 ἠδικηκότος.
958 2435 1052 2496 υόντων
1065 2436 1110 2494 καί
1123 2438 1150 2494 io
1167 2435 1261 2518 κόσμῳ
1273 2437 1319 2494 καὶ
1327 2435 1399 2504 τάξει
1410 2435 1567 2514 γενομένων,
1582 2436 1640 2496 trel
1652 2436 1739 2495 dosii·
1760 2431 1769 2450 '

129 2523 196 2582 Ειτα
210 2524 234 2580 εἰ
251 2519 323 2597 μηδὶ
341 2521 394 2580 ilerd
406 2525 453 2580 τοῦ
467 2521 595 2596 βασιλέως
610 2518 748 2596 γενήσεταί
764 2522 788 2578 oi
802 2518 832 2578 τὸ
845 2521 912 2579 άπο·
958 2520 1035 2590 ξαντα
1044 2521 1107 2598 οίγι
1120 2525 1146 2590 ές
1155 2527 1231 2582 τοῦτο
1241 2521 1394 2600 τεταγμένοι
1405 2523 1451 2589 τδς
1461 2520 1594 2589 συλλαόδις
1603 2532 1657 2582 τοῖν
1670 2525 1738 2583 δυοῖν

129 2611 198 2686 γρῶν
211 2609 260 2666 καὶ
272 2609 382 2667 διπλοῦν
390 2607 421 2666 τὶν
431 2607 542 2686 δρληθὶν
554 2607 718 2688 άναλήψεται
727 2604 796 2666 κατδι
808 2605 838 2665 τὶ
850 2610 913 2686 irpr-
961 2607 1082 2688 βιύλίοιν,
1094 2608 1139 2668 καὶ
1154 2610 1344 2690 άτιηκρίύωσαν
1357 2612 1395 2690 τῷ
1410 2608 1540 2690 ἰσορρόπῳ
1553 2633 1581 2668 τε
1596 2611 1640 2669 καὶ
1654 2613 1740 2670 ὶσοδυ-

129 2693 222 2772 σμένον
244 2693 319 2762 έντδς
337 2697 473 2772 ἐνιαυτοῦ,
492 2693 553 2754 ὅσον
573 2693 614 2754 ἰπ’
634 2693 724 2774 ἰκτίνῳ
742 2697 781 2770 τῷ
802 2692 915 2772 δόγματι
959 2693 1035 2772 νόμῳ
1046 2698 1099 2753 τῶν
1115 2697 1241 2775 ῥημάτων
1253 2695 1286 2753 τδι
1300 2694 1488 2773 ἐνθυμήματα,
1499 2695 1592 2754 αὐτίκα
1614 2696 1668 2775 οίγε
1684 2697 1740 2756 iri·

129 2781 290 2842 διαλαλύαθω
303 2781 339 2840 τὶ
347 2785 399 2840 τῶν
412 2781 540 2842 σπονδῶν.
559 2779 761 2861 Δευτέρανπρδς
772 2784 805 2860 τῇ
815 2779 912 2860 δεκάτη
957 2803 1045 2862 γραρα
1055 2781 1131 2863 ίτερα
1145 2781 1290 2845 ἰπετέλουν.
1298 2781 1352 2842 Καὶ
1362 2781 1397 2840 τίι
1408 2783 1455 2859 μὶν
1467 2781 1610 2864 κυριώτερα
1623 2783 1738 2856 ξυνειλη-

128 2872 221 2950 μοῖραν
231 2867 589 2940 ὧνσπονδῶνκατανοήσεις
598 2867 644 2936 τὶις
653 2866 717 2947 πρὶς
727 2866 782 2927 θεὸν
794 2867 913 2940 ίκετείας,
957 2869 1034 2929 θέντα
1046 2892 1076 2928 τε
1089 2871 1135 2929 καὶ
1147 2868 1393 2952 κατασραλισθίντα
1407 2872 1553 2948 έκμαγείοις
1565 2893 1594 2929 τε
1606 2872 1734 2954 κηρίνοις,

127 2955 166 3014 έττ
178 2979 206 3016 τι
218 2956 268 3016 καὶ
279 2957 327 3024 td<
339 2956 419 3035 άρὶις,
432 2948 485 3016 οἷον
495 2960 534 3036 τῷ
544 2957 591 3033 μέν
604 2953 737 3034 στέργοντι
749 2952 795 3024 τήν
808 2954 912 3034 εἰρήνην
957 2955 1052 3036 ίτέροις
1063 2979 1093 3015 τι
1104 2948 1142 3024 οἷς
1161 2956 1267 3017 εἰώθασι
1285 2955 1389 3038 Πέρσαι
1406 2961 1537 3037 χρῆσθαι,
1559 2958 1604 3018 καὶ
1619 2958 1738 3018 ἰκτυπῶ-

128 3035 193 3102 εἰναι
203 3044 250 3104 τὶν
263 3045 323 3102 θεὸν
340 3041 420 3102 ίλεόιν
432 3065 462 3102 τε
485 3043 532 3102 καὶ
546 3041 685 3122 ξύμμαχον
698 3040 742 3100 διδι
754 3041 862 3115 παντὸς,
875 3043 913 3122 τῷ
958 3065 1024 3119 μασι
1038 3043 1184 3104 δακτυλίων
1195 3043 1245 3102 ύπδ
1256 3047 1308 3102 τῶν
1322 3043 1469 3124 πρέσύεων,
1481 3043 1518 3103 έτι
1532 3045 1644 3122 μήνκαὶ
1658 3051 1739 3126 έρμη·

127 3209 250 3262 heesitun
258 3208 346 3260 οοδεω
357 3211 421 3260 mutu
433 3221 545 3270 munere,
554 3210 583 3259 ut
595 3208 642 3258 illie
650 3221 748 3272 ηυοηιιο
756 3219 815 3270 pace
824 3207 871 3258 irul
885 3207 916 3258 il·
960 3210 986 3260 et
997 3211 1128 3272 perpetuus
1138 3209 1235 3273 adjutor
1247 3213 1346 3260 :contre
1356 3209 1483 3272 decipienti
1495 3210 1619 3275 eteirquid
1629 3212 1653 3260 in
1662 3213 1743 3262 condi·

127 3291 195 3350 οττίς
212 3287 312 3339 decim
331 3287 386 3338 loro
397 3289 496 3338 cnutum
507 3289 545 3338 est
563 3300 596 3337 nc
611 3299 698 3348 mogun
712 3286 815 3335 rnilitum
828 3297 917 3335 manue
960 3285 1068 3336 tionibus
1079 3298 1170 3336 uorure
1181 3286 1286 3349 cupienti
1304 3287 1379 3336 inustis
1390 3289 1415 3337 et
1430 3287 1550 3337 inimicus.
1570 3289 1652 3337 'l’ertlo
1661 3291 1686 3338 et
1702 3287 1742 3338 de·

129 3365 282 3416 multra
297 3377 373 3426 quam
382 3363 539 3415 custodiendo
551 3363 641 3426 oppido
655 3364 712 3414 setis
723 3361 769 3424 sit,
777 3363 916 3424 conveniri,
960 3361 1025 3412 cimo
1034 3363 1112 3425 cupito
1122 3362 1227 3424 eddim,
1245 3363 1460 3426 quinquagenarius
1471 3375 1526 3414 esse
1537 3363 1671 3426 pactiones,
1681 3368 1706 3415 et
1717 3365 1743 3414 in

128 3443 268 3506 αεηοεδαι
278 3442 385 3494 orientis
393 3443 457 3494 circs
466 3455 494 3493 ee
505 3442 560 3492 loce
568 3444 741 3503 commoretur,
753 3440 850 3492 netiunt
860 3441 916 3492 iude
960 3439 1134 3503 quinquaginta
1145 3451 1220 3490 cnnoe
1232 3438 1320 3489 durare
1338 3449 1421 3502 pacem
1433 3457 1440 3489 r
1457 3451 1548 3489 cunum
1567 3441 1743 3491 numerandum

127 3523 432 3573 examinemus
451 3523 477 3572 et
494 3519 583 3572 demus
602 3519 650 3571 iilis
669 3519 810 3570 inferentur.
826 3520 917 3580 Quodsi
960 3519 1164 3581 &saecundum
1175 3518 1744 3581 muremantiquum,quitennlunturtreeente·

128 3600 248 3663 quilinio
258 3598 528 3662 megenensium
546 3599 583 3650 est
598 3601 627 3650 nt
640 3597 768 3661 prefectus
780 3601 856 3648 lieres
872 3611 916 3661 op·
960 3596 1024 3646 simo
1040 3597 1189 3659 sexagesimo
1207 3597 1294 3659 quinto
1311 3593 1358 3646 die
1380 3594 1443 3647 illud
1462 3607 1560 3658 quoqne
1577 3595 1702 3658 obtinere,
1715 3599 1744 3648 ut

129 3677 178 3738 pidi
185 3676 307 3726 mmmm
316 3677 438 3739 τερσιθαί.
445 3675 578 3728 Undecimo
589 3675 686 3726 loederts
692 3673 798 3726 conditio
805 3675 916 3725 lecestr
963 3675 1102 3740 utrimque,
1112 3675 1183 3724 sicuti
1193 3673 1285 3725 dicium
1295 3675 1360 3735 εττί,
1370 3673 1515 3724 εποττεοτυτ
1525 3674 1627 3737 litteren,
1638 3688 1694 3738 ques
1705 3676 1744 3727 de·

131 3753 540 3805 &recensirihsnlleridetrlmto
549 3752 917 3815 ineritetquocumquemodo,
960 3752 1093 3814 clernreut,
1111 3751 1244 3815 uirumque
1257 3764 1337 3814 regem
1352 3751 1485 3814 approbare
1503 3764 1532 3802 ee
1549 3765 1605 3814 qum
1625 3764 1639 3802 ε
1661 3752 1745 3816 legetis

130 3843 179 3880 ααα
189 3831 300 3894 mlier»
318 3829 397 3889 bellu.
408 3841 486 3893 neque
494 3829 646 3880 exercitusri
653 3865 661 3891 ,
671 3829 714 3880 σεδ
722 3827 780 3880 δοΙο
788 3829 813 3879 et
821 3828 918 3880 otende-
960 3830 1203 3892 gestctreusucteque
1213 3832 1299 3880 essent.
1316 3828 1459 3880 constitutis
1469 3829 1541 3892 igitm
1550 3831 1616 3893 pecie
1628 3831 1744 3882 conditio

130 3907 329 3958 rt'neinnsione
338 3905 453 3956 θεαιοοοτ
463 3905 724 3967 ἰοῑυΙοτίι(ευοτειιὶω
732 3906 919 3958 multinomines
960 3905 1046 3967 mous,
1064 3906 1151 3956 mutuo
1166 3907 1224 3955 sunt
1238 3905 1335 3956 traditor
1345 3917 1402 3968 unce
1418 3907 1536 3955 vocentur
1547 3918 1631 3958 secrre.
1652 3908 1695 3958 llis
1710 3909 1744 3959 ite

131 3985 309 4046 ndnujnsmodl
317 3985 421 4035 iocinore
427 3983 723 4048 perpetrendeedmndum
733 3985 860 4049 proclives,
868 3999 918 4048 quo
961 3983 1061 4034 decretis
1069 3984 1093 4033 et
1101 3983 1263 4045 confirmetis,
1274 3983 1404 4046 seperatim
1420 3983 1490 4046 pecte
1501 3985 1704 4048 suntinterposiin
1714 3987 1745 4038 dc

132 4061 458 4115 iriirmdeuceesioorietur
467 4065 491 4126 l,
500 4063 618 4114 statutum
627 4065 664 4114 est
678 4065 706 4114 ut
718 4063 743 4113 iu
755 4063 871 4126 eiusmodi
886 4063 919 4114 in·
961 4059 1102 4112 christianis
1124 4059 1167 4122 qui
1183 4060 1209 4109 in
1225 4059 1322 4110 Perside
1333 4059 1428 4122 uiuunt,
1447 4060 1476 4109 ut
1492 4058 1540 4110 iliis
1552 4061 1636 4112 liceret
1650 4065 1743 4127 temple

131 4141 207 4202 ierim
225 4141 358 4205 diligenter
370 4141 513 4205 inquiretur,
526 4143 552 4192 et
566 4141 674 4204 jndices,
695 4142 737 4204 qui
757 4141 782 4191 in
794 4141 919 4205 utriusque
961 4137 1113 4198 construere,
1124 4137 1149 4186 ct
1155 4136 1207 4185 eine
1215 4136 1266 4185 ullo
1274 4135 1362 4186 timore
1368 4147 1435 4186 suere
1443 4148 1568 4199 peregere,
1578 4141 1602 4188 et
1613 4141 1746 4202 gratiarum

133 4219 198 4280 regni
208 4218 321 4268 mntiniis
329 4219 378 4279 juri
393 4217 499 4268 dicundo
509 4221 566 4268 som
576 4217 706 4281 prepositi,
721 4217 746 4268 in
757 4229 798 4268 eos
812 4217 919 4269 euimud·
961 4219 1066 4268 notiones
1077 4229 1120 4280 per
1131 4217 1233 4280 hymnos
1241 4217 1300 4281 deo,
1314 4218 1376 4269 sicud
1382 4215 1446 4280 apud
1455 4228 1500 4267 uos
1510 4217 1561 4267 fieri
1568 4217 1638 4279 solet,
1648 4231 1744 4284 enuere,

132 4297 236 4346 ruriam
242 4295 621 4354 Quislcoeroeudtetlnitimorum
629 4295 919 4358 dissidiisuoosuilicinut,
961 4309 1023 4347 nere
1033 4297 1177 4359 cogerentur
1189 4295 1288 4359 magicis
1302 4295 1443 4347 ceremoniis
1454 4296 1581 4358 iuteresse,
1600 4299 1642 4345 eut
1657 4297 1747 4348 invitos

133 4373 239 4423 aarum
250 4373 283 4423 ut
292 4373 434 4436 δίεοιρθτῦο
448 4371 480 4423 εδ
498 4373 639 4436 prefectum
654 4372 760 4423 orientis
770 4373 919 4424 transmitte-
962 4373 1041 4424 coiere
1049 4375 1074 4424 et
1083 4375 1200 4436 venerari,
1213 4375 1256 4437 qui
1267 4373 1330 4437 apud
1342 4373 1426 4425 lledos
1434 4373 1536 4424 deorum
1547 4386 1649 4426 numero
1657 4376 1746 4428 liuben-

131 4449 273 4512 tur3quisi
290 4450 354 4499 intre
364 4461 408 4500 sen
419 4461 515 4500 menses
530 4449 719 4500 concertationes
729 4449 783 4498 illes
793 4461 841 4499 uon
858 4461 919 4500 rese·
962 4453 1011 4502 tur.
1022 4455 1105 4515 licque
1115 4453 1198 4503 temen
1214 4452 1268 4504 ideo
1276 4451 1404 4503 Christiani
1420 4451 1538 4503 cuderent
1555 4455 1638 4503 coucri
1654 4457 1747 4520 megicu

134 4527 227 4586 neit,
245 4527 274 4576 et
292 4525 382 4576 δεοιοο
394 4525 497 4576 eiiectus
511 4529 571 4582 non?
585 4526 703 4588 receperit
716 4525 782 4589 quod
801 4525 919 4588 perdidit,
962 4531 1080 4580 sectnotee
1092 4529 1116 4578 in
1132 4532 1239 4580 nostrum
1249 4529 1387 4592 religionem
1398 4529 1545 4592 pertrahere.
1555 4529 1668 4582 obtinuit
1684 4545 1745 4595 qoo-

135 4611 190 4650 τοτα
202 4601 245 4664 qui
257 4601 474 4664 iniuriemiutulit,
483 4601 618 4653 obnoxium
626 4602 678 4651 iore
686 4599 757 4652 oiterl
767 4601 791 4650 ln
803 4601 918 4664 duplum.
961 4617 1011 4668 que
1021 4607 1048 4656 ut
1055 4603 1196 4656 christianis
1206 4607 1311 4669 potestus
1318 4606 1380 4656 esset
1391 4607 1500 4656 mortuos
1510 4607 1625 4669 sepulcris
1631 4609 1746 4671 condere,

136 4675 162 4724 fii
174 4689 206 4727 ne
216 4677 253 4726 ric
262 4678 362 4740 quidem
371 4691 410 4730 res
422 4679 496 4729 inem
513 4678 645 4741 acceperit,
668 4689 724 4740 pars
740 4689 796 4740 que
806 4689 920 4740 oppresso
961 4681 1033 4732 sicuti
1048 4693 1101 4732 mos
1111 4681 1176 4745 apud
1187 4694 1233 4732 nos
1242 4682 1344 4733 obtinet.
1363 4683 1422 4733 llec
1432 4695 1509 4745 quum
1520 4682 1555 4733 ite
1565 4684 1611 4735 rite
1624 4687 1650 4735 et
1663 4685 1747 4736 ordine

136 4751 209 4804 ¹²4⁸
220 4753 367 4816 wilm
382 4755 465 4805 mittat
480 4754 512 4805 nd
524 4767 605 4818 regern
614 4754 667 4816 clue
678 4755 720 4817 qul
735 4753 786 4803 vim
800 4753 918 4817 iecerit,o
961 4761 1027 4822 geste
1038 4759 1251 4824 administretuque
1261 4759 1375 4823 miscenti,
1387 4759 1479 4812 litterae
1490 4759 1532 4823 inl,
1543 4762 1632 4824 quibus
1644 4763 1697 4826 ejus
1712 4766 1747 4816 rel

137 4841 187 4890 ατο
200 4841 257 4893 rege
266 4829 383 4880 διοιοοιο
395 4832 416 4882 si
430 4844 481 4882 nou
493 4830 646 4895 rependetur,
659 4841 738 4892 noque
748 4829 869 4893 duplicem
882 4830 918 4882 in·
963 4848 1021 4886 curu
1031 4835 1175 4887 dernondetu
1185 4837 1251 4898 erni,
1263 4835 1358 4888 duobus
1369 4827 1747 4902 libeliie'excretrssuecepernnt,

136 4905 205 4966 inin
220 4909 398 4959 restitutionem
409 4909 482 4962 iaesus
493 4909 558 4960 intre
573 4908 739 4972 prescriptum
752 4907 810 4958 enni
822 4909 920 4970 tempus
962 4913 1084 4963 eteorum
1100 4915 1151 4965 τίοι
1169 4916 1195 4966 et
1213 4925 1310 4966 sensum
1328 4915 1441 4964 cocurute
1456 4914 1519 4965 inter
1531 4927 1558 4966 se
1578 4916 1747 4980 contulerunt,

139 4985 255 5047 rrr'th,
266 4983 347 5034 ledus
361 4984 409 5036 iroe
420 4985 734 5049 quidemceplteviolutum
749 4983 804 5035 erit.
820 4982 918 5036 ludeo
962 5000 1066 5051 quornm
1081 4991 1162 5040 rtatim
1173 4989 1250 5042 nitere
1267 4989 1377 5052 exemplu
1388 4991 1552 5041 coniecerunt.
1564 4991 1747 5056 thpidemeu

140 5057 232 5114 de?-
241 5061 362 5114 ludum
370 5069 441 5127 perte
451 5063 543 5116 ridebis
551 5063 662 5118 eddeum
670 5077 752 5132 preces
757 5102 766 5129 ,
779 5067 804 5118 et
812 5078 919 5118 exsecre-
962 5067 1158 5131 tubulee‚qnilrus
1166 5067 1259 5131 plenior
1271 5065 1329 5117 tides
1341 5065 1611 5130 lraberetor‚dlllgenter
1622 5069 1746 5131 involuto,

141 5137 337 5208 tuumne,
348 5141 443 5194 scilicet
454 5141 643 5208 olimpicum
660 5143 791 5198 coieutlsit
803 5143 920 5209 propitios
963 5145 1131 5199 eteecuritulis
1142 5157 1214 5198 οτυια
1234 5155 1290 5197 τοτε
1308 5145 1333 5196 et
1346 5143 1398 5196 eliis
1413 5141 1485 5196 ιεθυι
1508 5155 1564 5209 quun
1579 5143 1643 5212 apud
1663 5149 1749 5200 Perses
