3908 5732
175 333 232 386 obi
765 331 926 394 JOANNIS
945 333 1179 398 Aristotelem

174 450 264 526 μονίας
273 453 440 532 utimini
453 458 599 516 τιλευταῖον
610 457 808 524 ἀτόπουςνοσῶν
817 459 955 537 ἐπιθυμίας
1000 463 1089 542 πολλῷ
1112 485 1141 542 γε
1165 461 1218 540 μὴν
1241 461 1347 542 ὕστερον
1371 461 1532 540 Μαγνίντιος
1552 466 1661 546 Μοραῆς
1681 465 1782 534 πόλεως

173 537 220 596 καί
241 539 321 620 φίλων
344 542 457 618 ὁμιλίαις
476 545 525 623 οὐχ
546 543 720 620 ὑγιαινούσαις
738 545 872 625 χρώμενος
891 547 955 626 πρδς
1000 550 1110 621 πλησίον
1129 548 1260 618 ἐξεωσθεὶς
1276 553 1321 619 τῆς
1335 551 1506 628 παρατάξεως
1518 553 1581 632 πρὸς
1595 557 1647 612 τῶν
1661 554 1722 634 περὶ
1737 555 1782 612 τὸν

174 623 308 704 βαρύτατα
318 629 464 707 κατηνέχθη
477 629 696 706 μιιονεκτόματα.
709 631 823 704 Alibi,
835 633 954 714 φορτικὸς
1000 637 1202 710 Ιίωνστιίντιον,
1216 635 1261 695 καὶ
1281 638 1310 696 ού
1330 637 1397 695 πολὺ
1420 637 1546 717 ἀποσχὼν
1567 639 1612 698 καὶ
1632 639 1709 706 αὐτὸς
1730 639 1783 698 ὑπὸ

171 719 226 778 τοῖς
237 715 288 770 τῶν
301 717 379 774 ἐθνῶν
397 717 511 786 ἐποίκοις
530 717 576 775 καί
590 719 619 776 ού
632 716 695 800 πρὸς
710 724 792 796 θυμοῦ
806 727 859 786 τοῖς
872 741 953 800 στρα-
999 731 1077 802 χτῖρα
1092 725 1144 790 τοῖς
1159 723 1292 801 πολιμίοις
1305 733 1411 800 πεσεῖν,
1426 725 1530 806 φεύγει,
1540 729 1638 798 πολλῆς
1651 727 1781 807 ἑκατέρω-

171 797 276 867 τιόιταιε
290 793 333 874 ἦν.
999 814 1040 869 θεν
1063 811 1216 888 Ῥωμαῖκῆς
1230 815 1256 871 ἐν
1269 811 1352 892 τούτῳ
1372 815 1410 892 τῷ
1434 815 1514 889 ἀγῶνι
1534 814 1735 894 διεφθαρμένης,
1760 815 1779 886 ἥ

212 883 278 947 Ὀτι
292 889 339 948 καί
358 893 456 958 ἐντοῖς
478 890 544 950 οἶκοι
565 891 733 969 διαιτήμασιν
754 893 802 952 ούιι
821 892 954 960 ἰπαινιτδς
998 896 1062 974 πρθς
1074 897 1183 964 ὀθνείους
1199 921 1227 956 τε
1244 897 1290 965 καλ
1313 897 1487 978 βαράαρικοδς
1502 901 1611 978 ἀχθεῖσα
1625 902 1774 976 πολέμους,

170 977 286 1051 γέγονεν.
303 975 350 1036 Ἐν
363 977 389 1036 δὲ
405 978 437 1050 δὴ
456 987 507 1044 τοῖς
520 979 627 1038 ἐπὶτῶν
648 980 830 1059 στρατοπέδων
848 977 953 1061 ἀριστος
999 981 1138 1063 ἀξιόχρεως
1149 983 1180 1042 δν
1195 983 1312 1061 ἐγίνετο,
1327 986 1373 1042 καί
1389 986 1492 1044 πολλῶν
1514 985 1644 1044 ἐπινικίων
1661 991 1776 1064 πομπῶν

169 1061 244 1128 ὡςτδ
257 1063 324 1122 πολὺ
340 1065 385 1124 καί
404 1065 598 1144 εὐτυχέστατος.
614 1070 676 1134 ’ίόῖς
687 1089 716 1126 τι
730 1067 780 1146 γάρ
798 1091 953 1147 στρατιωτι-
999 1070 1142 1150 ἀσφαλείας
1159 1093 1189 1130 τε
1207 1079 1261 1138 τοῖς
1274 1069 1412 1152 ὁμοφύλοις
1425 1073 1538 1144 κατέστη
1553 1072 1680 1150 προἙενος.
1702 1078 1778 1134 ίίων·

170 1149 224 1216 κοῖς
237 1149 337 1209 τέλεσιν
352 1154 378 1212 ἰν
391 1153 470 1211 παντί
486 1153 595 1234 φοδερδς
606 1157 643 1234 τῷ
657 1154 721 1234 βίῳ,
733 1155 828 1235 καίπερ
843 1157 868 1222 ἐς
879 1157 952 1214 ούδε-
997 1155 1114 1224 στάντιος
1124 1157 1226 1237 δάπρδς
1239 1157 1283 1216 τὸν
1297 1158 1420 1238 ἐμφύλιον
1434 1157 1557 1238 τρέπεται
1567 1160 1694 1236 πόλεμον.
1709 1163 1778 1221 Μεθ’

172 1235 235 1310 μίαν
256 1238 363 1298 πώποτε
387 1241 526 1320 προαχθείς
547 1245 634 1312 ἀπηνῆ
648 1265 677 1300 τε
697 1241 742 1301 καὶ
765 1241 881 1319 σκληράν
900 1246 951 1302 τῶν
984 1241 1011 1328 ,δ
1024 1243 1056 1314 δὴ
1082 1243 1243 1321 δίαγνέντιος
1262 1252 1368 1322 συχναῖς
1381 1245 1532 1312 ἐλαττωθεὶς
1545 1247 1660 1324 μάχαις,
1684 1248 1777 1307 ἑαυτὸν

171 1322 394 1402 ἁμαρτανομένων
411 1328 530 1387 κόλασιν.
555 1327 735 1394 ίίωνστάντιός
756 1351 785 1406 γε
805 1328 858 1406 μὴν
876 1331 952 1386 ἐναν-
997 1329 1129 1408 αὖτοχειρλ
1151 1330 1254 1408 θανάτῳ
1274 1330 1335 1410 περὶ
1356 1328 1516 1408 Λούγδουνον
1532 1332 1607 1390 πόλιν
1622 1332 1708 1410 ἐξάγει
1730 1342 1778 1394 τοῦ

170 1407 227 1466 τίαν
239 1413 296 1478 ταῖς
309 1412 456 1491 εἰρημέναις
466 1413 567 1492 εἰλήχει
578 1414 675 1494 τύχην,
691 1415 794 1495 ἀριστος
809 1416 855 1492 μίν
870 1415 906 1474 ῶν
918 1415 952 1476 τά
997 1417 1072 1496 βίου,
1090 1416 1138 1487 τὴν
1151 1417 1252 1498 μητέρα
1267 1416 1432 1493 προανελὼν,
1447 1419 1563 1501 τετάρτῳ
1578 1424 1625 1491 τῆς
1641 1423 1778 1498 βασιλείας

169 1498 292 1556 πολιτικά
301 1543 310 1572 ,
321 1503 349 1558 ού
369 1499 443 1580 δεξιῷ
464 1499 491 1560 δέ
509 1499 583 1582 παρά
596 1502 642 1569 τάς
657 1503 745 1582 μάχας
759 1504 862 1582 δαίμονι
878 1503 951 1584 χρώ-
995 1506 1105 1584 ἐνιαυτιβ
1122 1505 1167 1562 καί
1184 1505 1247 1582 μηνί
1258 1503 1374 1584 ἐδδιίμιρ.
1392 1503 1426 1565 ‘0
1447 1507 1554 1586 ἀδελφὸς
1572 1509 1643 1586 αὐτῷ
1658 1520 1778 1568 κοινωνεῖ

169 1605 254 1658 μενος.
994 1595 1041 1649 τοῦ
1055 1589 1184 1663 θανάτου,
1206 1593 1311 1668 Καῖσαρ
1329 1591 1372 1649 ἐπὶ
1387 1593 1489 1672 φυλακῇ
1503 1596 1554 1652 τῶν
1569 1595 1689 1654 Γαλλιῶν
1704 1598 1777 1653 ἀπο-

995 1675 1162 1751 δεδειγμένος.

1035 1764 1102 1842 Περὶ
1113 1764 1218 1831 τούτους
1230 1785 1260 1832 γι
1275 1762 1327 1840 μὴν
1339 1763 1398 1831 τοὺς
1407 1765 1513 1843 χρόνους
1525 1765 1575 1824 ύπδ
1589 1769 1777 1830 Ιίωνσταντίον

207 1835 286 1893 Ῑίλίίί.
299 1855 329 1911 p.
343 1836 397 1902 841
415 1833 501 1897 ἱὌτι
516 1837 725 1917 Βέτρανίωνύδν
740 1838 874 1920 Ἰλλυριοῖς
885 1842 948 1900 ἀνα·
994 1855 1038 1908 τοῦ
1054 1849 1181 1928 βασιλέως
1201 1851 1302 1916 Γάλλος
1318 1855 1332 1907 ὁ
1347 1853 1451 1931 Καῖσαρ
1470 1850 1512 1910 ἐπί,
1526 1854 1635 1918 πολλοῖς
1649 1839 1694 1911 καί
1717 1856 1776 1913 α’τό.

166 1919 295 1999 nepesini<
310 1921 432 1999 βασιλιὺι
451 1925 516 2003 πρὸτ
527 1924 627 2006 μικρὸν
637 1925 689 1997 ἤδη
703 1930 784 2005 γῆρας
795 1927 946 1999 ἐληλακὼς,
994 1957 1051 2002 ποις
1067 1939 1211 2014 ἀναιρεῖται
1229 1935 1366 2014 πράξεσιν,
1385 1935 1450 2015 ἀνὴρ
1464 1937 1551 2016 ἄγριος
1568 1938 1617 2009 την
1629 1939 1705 2018 φύσιν
1718 1939 1776 2015 ῶν,

166 2008 303 2086 litulphi
313 2009 397 2068 τίκαί
411 2011 492 2090 τύχης
502 2011 578 2070 filim
592 2016 639 2084 τῆς
654 2015 680 2071 ἕν
690 2019 743 2079 τοῖς
764 2019 946 2092 στρατηγῑκῦῗς
994 2022 1040 2080 καί
1057 2022 1196 2101 τυραννίδα
1216 2022 1264 2092 τὴν
1286 2021 1369 2101 ἀρχὴν
1391 2023 1619 2100 καταστησόμενος
1639 2025 1684 2098 δν,
1700 2027 1777 2105 εἴπερ

167 2094 232 2171 ἀνὴρ
252 2096 470 2172 δεδοκιμασμένος
482 2098 527 2154 καὶ
545 2100 654 2176 ἀρχαῖος
667 2099 696 2158 τὸ
710 2091 769 2170 ἦθος
780 2105 817 2179 τῷ
828 2124 856 2157 τε
868 2105 946 2182 κοινῷ
993 2111 1164 2188 αὐτοκράτορι
1175 2107 1267 2186 γνώμῃ
1281 2109 1426 2189 προοτῆναί
1439 2113 1463 2169 oi
1477 2114 1523 2182 τῆς
1537 2111 1676 2189 ἡγεμονίας
1688 2113 1777 2190 3227&-

166 2181 211 2239 καὶ
224 2183 357 2262 δημοτικῷ
375 2184 543 2264 τῶντρόπων
564 2186 757 2264 προσαγόμενοι
771 2185 800 2244 τὸ
815 2187 944 2256 ὑπόκενον·
991 2220 1057 2256 vers.
1068 2197 1196 2264 Σιλὸονός
1205 2197 1234 2255 τί
1241 2219 1278 2262 τις
1287 2195 1356 2254 κατὰ
1367 2197 1413 2268 τὴν
1425 2199 1540 2258 Γαλλίαν
1552 2199 1683 2277 νεωτέρων
1689 2200 1775 2258 αττά-

164 2267 234 2338 πλὴν
252 2268 312 2327 ὅσον
335 2269 455 2338 παιδείας
477 2294 507 2348 γε
532 2273 699 2330 παντάπασιν
719 2277 825 2349 ἀμαθῶς
849 2298 878 2332 τε
901 2275 945 2333 καί
992 2306 1082 2362 μενος,
1096 2284 1147 2364 πρὸ
1162 2288 1316 2363 τριακοστῆς
1328 2282 1428 2364 ἡμέρας
1441 2284 1557 2344 ἐκποδὼν
1571 2285 1697 2357 κατέστη.

165 2354 289 2430 ἀμυήτως
303 2355 385 2434 ἐχων,
397 2360 432 2422 ὡς
443 2356 509 2432 μηδέ
519 2356 552 2414 τά
565 2361 657 2436 πρῶτα
672 2357 745 2436 παρά
758 2366 810 2425 τοῖς
823 2381 946 2436 γραμμα·
1667 2391 1673 2404 ·

164 2441 263 2506 τισταῖς
284 2443 473 2518 ἐκμεμαθηκὼς
496 2453 632 2522 στοιχεῖα,
656 2444 724 2503 ἀλλά
738 2445 783 2502 καί
800 2446 897 2504 τούτων
918 2450 944 2506 ἐν
1347 2431 1412 2504 ¹75·

163 2527 232 2630 Ῥίβθ
250 2528 295 2584 καί
317 2529 390 2606 βολίς
409 2529 482 2636 βαθδ
501 2528 544 2587 τὸν
568 2532 658 2611 καιρὸν
681 2525 875 2610 τῆίίβῑῦῑλῑίῑῖ
897 2535 945 2606 τίιν
1029 2555 1097 2612 Εκσ.
1116 2557 1159 2610 De
1173 2555 1239 2614 virt.
1257 2574 1288 2630 p.
1305 2553 1359 2621 841
1374 2571 1381 2611 :
1395 2547 1460 2611 Ὅτι
1481 2551 1661 2620 Ιίωνστάντιος
1680 2557 1773 2622 δπαῖς

163 2635 258 2690 timii
271 2618 450 2696 παρῖῑληφωέ·
988 2644 1033 2696 τοῦ
1048 2637 1161 2714 μεγάλου
1173 2637 1370 2699 Ιίωνσταντίνου
1386 2637 1461 2714 μόνος
1472 2641 1518 2710 τῆς
1532 2637 1674 2713 Ῥωμαίων
1687 2641 1773 2719 ἀρχῆς

990 2726 1096 2796 ἀπάσης
1109 2723 1259 2800 καταστὰς,
1277 2723 1356 2804 βαρὺς
1377 2715 1407 2796 ἦν
1428 2727 1481 2790 τοῖς
1500 2725 1537 2800 μὴ
1552 2725 1718 2803 βουλομένοις
1737 2727 1772 2785 τά

990 2811 1088 2891 Ἀρείου
1099 2819 1218 2891 φρονεῖν,
1230 2811 1360 2878 ποικίλαις
1371 2834 1399 2870 τε
1411 2812 1548 2890 τιμωρίαις
1557 2811 1661 2880 αἰκίζων
1675 2814 1771 2890 ἄνδρας

201 2897 273 2955 Εεισ.
288 2897 330 2952 De
344 2897 397 2952 ins.
414 2916 446 2972 p.
461 2897 498 2952 62
516 2917 523 2951 ι
538 2894 635 2974 Ὀγδόῃ
653 2895 704 2975 γάρ
715 2917 765 2954 που
779 2895 824 2954 καὶ
838 2896 942 2976 εἰκοστῇ
989 2921 1016 2955 τε
1030 2899 1076 2958 καὶ
1087 2899 1221 2974 γυναῖκας.
1238 2899 1292 2958 itai
1307 2897 1374 2965 ξέναι
1388 2899 1461 2978 παρὰ
1479 2897 1525 2964 τάς
1539 2899 1672 2970 Ἑλλήνων
1687 2901 1770 2960 κολά-

163 2981 231 3058 μετά
247 2981 295 3052 τὴν
316 2982 492 3040 ἐπανάστασιν
516 2981 601 3060 ἡμέρᾳ
625 2981 687 3060 πρὸς
705 2985 757 3040 τῶν
781 2981 942 3060 δίαγνεντίου
989 2985 1102 3050 οειςύπύ
1119 2988 1169 3042 τῶν
1180 2985 1364 3063 χριστιανίζτιν
1376 2984 1503 3059 λεγόντων
1519 2984 1640 3064 ἐγίνοντο.

162 3072 317 3148 στρατηγῶν
338 3069 416 3135 ἁλοὺς
436 3069 577 3148 διεφθάρη,
596 3073 641 3139 τῆς
655 3072 770 3148 κεφαλῆς
790 3070 942 3149 ἀφαιρεθείς·
1028 3090 1050 3130 2.
1066 3069 1131 3130 'Ost
1149 3071 1327 3137 Ιίωνστοίντιος
1346 3070 1410 3148 ἀνὴρ
1430 3063 1461 3142 ἧν
1485 3070 1561 3142 ἤπιος
1584 3071 1629 3129 καί
1651 3074 1768 3150 γαληνὸς

161 3157 193 3228 ἣν
206 3155 249 3214 ἐπὶ
263 3161 353 3214 κοντοῦ
367 3156 435 3223 τινδς
449 3157 641 3234 αἰωρήσαντες,
658 3158 718 3235 περί
730 3164 817 3214 πᾶσαν
832 3157 879 3227 τὴν
890 3157 941 3214 πό·
987 3155 1030 3214 τδν
1044 3158 1151 3236 τρόπον,
1164 3158 1209 3216 καί
1222 3162 1275 3224 τοῖς
1290 3157 1373 3238 φίλοις
1389 3181 1417 3216 τε
1440 3157 1485 3215 καί
1500 3157 1602 3224 οἰκείοις
1617 3162 1643 3224 ἐς
1663 3161 1696 3218 τά
1711 3163 1769 3237 μά-

160 3245 201 3302 λιν
214 3247 237 3302 οί
249 3243 354 3310 ἁλόντες
362 3244 469 3322 ἤγαγον·
481 3235 597 3326 ἐφ’ᾧδὴ
609 3245 753 3323 χρημάτιον
764 3267 792 3302 τε
802 3245 942 3320 ἀπαγωγαὶ
986 3247 1064 3304 λιστα
1084 3245 1182 3312 πιστός·
1204 3245 1256 3304 ἀπό
1274 3267 1302 3304 τι
1322 3249 1369 3315 τῆς
1388 3249 1433 3302 τοῦ
1453 3244 1529 3315 ἤθους
1550 3245 1698 3323 πραότητος
1721 3245 1769 3305 καί

161 3336 265 3411 βαρεῖαι
279 3331 323 3389 καλ
336 3332 405 3412 φόνοι
425 3336 476 3390 τῶν
495 3333 706 3412 ἐπιφανεστάτων
721 3331 861 3406 Ῥωμαίων
876 3335 936 3390 ὑπο·
986 3342 1041 3400 ταῖς
1056 3332 1160 3400 οἰκείαις
1173 3336 1225 3392 τῶν
1244 3335 1373 3412 γυναικῶν
1390 3330 1455 3411 πέρα
1470 3336 1514 3391 τοῦ
1530 3333 1636 3413 μετρίου
1650 3356 1768 3413 κεχαρι-

160 3418 217 3500 νοίορ
239 3423 285 3490 τῆς
309 3417 371 3497 πρδς
394 3418 563 3478 Νεπωτιανθν
585 3418 718 3486 κοινωνίας
745 3418 869 3495 ἐγένοντο.
895 3422 936 3478 ob
986 3419 1088 3496 σμένος.

529 1703 593 1773 ¹73·

521 2765 586 2828 174.

159 3589 322 3648 improspera
333 3589 359 3636 ei
371 3589 464 3636 amicis
473 3588 642 3650 pravioribus
656 3591 787 3648 uteretur,
801 3586 838 3635 ad
849 3589 941 3652 propia
954 3590 1020 3636 viiia
1033 3600 1184 3647 conversus,
1198 3599 1278 3650 quum
1289 3587 1462 3636 intolerabilis
1475 3586 1699 3648 provincialibus,
1713 3591 1763 3636 mi·

160 3656 251 3706 lilibus
270 3657 432 3718 injicerendus
450 3661 530 3714 essct,
540 3658 660 3718 factione
679 3661 823 3718 Maoneniii
843 3655 997 3716 interfectus
1015 3659 1054 3705 esi
1070 3657 1149 3718 (obiit
1167 3656 1242 3705 baud
1260 3657 1334 3718 lonpc
1352 3657 1385 3706 ab
1400 3659 1536 3717 Hispaniis
1555 3658 1585 3703 in
1603 3660 1706 3716 castro,
1719 3660 1763 3706 cui

157 3727 262 3776 Helene
276 3739 366 3776 nomen
379 3731 432 3787 asi,
443 3741 514 3776 anno
525 3731 630 3788 imperii
643 3726 871 3789 decimoseptimo,
884 3728 972 3775 aetaiis
986 3728 1116 3784 tripesimo
1125 3727 1153 3786 i,-
1169 3726 1246 3775 rebus
1259 3729 1345 3775 tamen
1360 3727 1485 3787 plurimis
1498 3727 1604 3774 sirenue
1616 3729 1644 3774 in
1656 3727 1762 3774 militia

157 3797 250 3857 pestis,
265 3800 443 3860 caerdiuique
454 3809 501 3859 per
512 3809 587 3846 omne
598 3800 658 3846 viic
673 3800 774 3859 tempus
787 3801 844 3848 sine
855 3800 932 3859 provi
945 3796 1099 3846 erudelitate
1115 3796 1253 3846 terribilis.
1268 3799 1379 3845 Diuersa
1397 3797 1543 3844 Constantii
1550 3794 1743 3856 fortunasuii.

186 3868 227 3914 Fr.
244 3871 295 3916 173.
315 3870 414 3928 Eutrop.
428 3872 464 3929 x,
479 3875 493 3916 ii
507 3882 513 3917 :
529 3872 590 3918 Posi
604 3870 755 3918 constantis
767 3879 878 3917 necem...
895 3870 977 3916 eliam
994 3866 1129 3927 illurimim
1141 3878 1182 3914 res
1192 3877 1271 3915 nonas
1283 3863 1388 3923 babuit,
1405 3866 1558 3914 Vetranione
1575 3863 1612 3912 od
1623 3867 1764 3925 imperium

156 3947 280 3985 consensu
292 3939 409 3986 rnilitum
420 3939 498 3987 eiecto
515 3950 613 4000 :quem
625 3937 796 4000 orandorum
805 3938 865 3998 jam
877 3939 903 3985 ei
914 3938 1014 3985 cunctis
1026 3934 1180 3994 amabilem,
1200 3933 1381 3984 diuturnitate
1397 3937 1423 3982 ei
1433 3932 1571 3995 solicitata
1588 3932 1707 3990 miiitiae,
1726 3932 1765 3981 ad

158 4005 282 4055 tuendum
293 4007 431 4069 illyricum
442 4011 586 4070 principem
596 4011 770 4058 creauerunt:
780 4010 865 4056 virum
872 4005 984 4069 probum
993 4009 1019 4055 et
1028 4017 1129 4054 morum
1139 4005 1255 4052 acierum
1264 4003 1426 4064 acjucundae
1435 4001 1637 4062 civilitatis,sed
1645 4005 1764 4050 oninium

157 4075 307 4126 liberalium
316 4081 416 4142 ortium
426 4082 556 4140 expertem
568 4078 645 4134 adeo,
660 4081 691 4127 ui
708 4090 739 4127 ne
750 4077 876 4127 elemento
886 4075 992 4140 quidem
1004 4077 1097 4138 prima
1111 4074 1250 4124 lilcromm
1271 4076 1323 4123 nisi
1338 4072 1496 4134 prandemus
1511 4072 1602 4132 etjam
1618 4073 1763 4134 imperator

156 4150 292 4208 acceperit.
304 4178 334 4189 -
346 4149 493 4212 ἀλλὰκαὶ]
505 4150 555 4211 ἅμα
565 4151 604 4198 καὶ
615 4149 668 4198 cod.

186 4219 226 4264 Fr.
242 4220 294 4267 iii.
307 4220 476 4278 Fragmentum
488 4220 637 4281 soepimium.
657 4221 688 4268 v,
700 4219 751 4266 noi,
765 4217 795 4266 nd
807 4219 837 4267 ir.
856 4223 909 4268 169.
926 4217 1027 4276 Eutrop.
1040 4217 1105 4277 Χ,ο
1123 4233 1129 4264 ι
1150 4217 1234 4264 Romu
1251 4225 1353 4278 qnoque
1368 4213 1497 4263 tumuitus
1509 4212 1585 4274 suit,
1604 4213 1760 4274 Nepotiano,

158 4289 321 4337 Constantini
337 4292 436 4338 sororis
448 4287 523 4352 filio,
533 4303 580 4351 per
593 4289 780 4352 plodiaioriam
795 4301 904 4338 manum
921 4291 1061 4349 imperium
1078 4285 1235 4345 invadente,
1247 4287 1292 4347 qni
1308 4287 1383 4334 scenis
1402 4283 1520 4332 exordiis
1532 4283 1639 4344 dunum
1658 4285 1761 4332 aelium

154 4359 248 4404 noctus
264 4359 310 4405 est.
333 4359 457 4418 Vipesimo
473 4362 544 4406 enim
560 4363 586 4408 ei
601 4362 690 4407 octavo
707 4357 749 4406 die
766 4371 783 4407 a
802 4359 998 4420 biapneniianis
1010 4355 1117 4404 dudbus
1128 4367 1264 4416 oppressus
1276 4369 1365 4417 panas
1385 4353 1466 4404 dedit.
1482 4356 1567 4415 capul
1580 4353 1635 4412 ejus
1646 4354 1700 4414 pilo
1711 4367 1761 4414 per

153 4425 245 4474 urbem
262 4427 445 4477 circumlatum
457 4433 503 4478 esi.
520 4432 735 4491 Gravissimsequc
751 4433 949 4492 proscriptiones
964 4431 989 4477 ei
1004 4425 1126 4476 nobilium
1138 4425 1217 4474 cades
1225 4426 1349 4486 fuerunt.
1364 4427 1417 4474 ii'on
1430 4423 1513 4473 ostilio
1522 4426 1582 4485 pasl
1592 4425 1761 4482 Mapncniius

154 4495 227 4558 apud
232 4497 351 4544 Murram
357 4497 576 4559 proiliooiusncie
585 4502 635 4553 esi,
647 4513 678 4548 ao
686 4512 757 4561 μεσπι
767 4501 867 4560 capitis.
878 4502 993 4560 inpariter
1004 4499 1111 4546 Romani
1122 4499 1222 4557 imperii
1232 4499 1297 4544 eires
1307 4508 1337 4544 ea
1346 4495 1511 4544 donicaiione
1520 4494 1758 4554 consumptorem

153 4565 191 4615 ad
206 4565 326 4628 qualibet
337 4565 644 4628 belloeniernaidoneoe‚
655 4573 748 4631 clause
758 4570 872 4618 mullum
883 4568 1075 4629 triumpborum
1091 4567 1194 4628 possent
1212 4567 1411 4629 securitatisque
1429 4563 1557 4625 conferre.
1578 4564 1680 4611 orienti
1698 4575 1761 4612 mon

154 4648 171 4683 a
182 4637 331 4684 constemiio
346 4640 431 4685 cesar
440 4641 478 4686 esi
493 4638 572 4688 dolus
584 4642 676 4699 patrui
683 4639 761 4703 filius
778 4639 870 4689 Gallus
883 4655 891 4688 :
902 4639 1132 4698 Maonentiusque,
1143 4633 1250 4684 diuersis
1258 4635 1359 4697 praiiis
1370 4639 1467 4689 victus,
1479 4637 1532 4683 vim
1543 4635 1603 4682 uile
1616 4645 1671 4680 sua
1686 4633 1761 4694 apud

153 4703 310 4766 lundunam
325 4707 433 4768 ailuiii,
447 4710 550 4770 imperii
568 4719 638 4756 anno
653 4711 742 4769 tertio,
759 4720 844 4757 mense
859 4709 982 4770 septimo,¹
995 4705 1087 4764 froier
1104 4717 1203 4768 quoque
1219 4707 1273 4766 ejus
1289 4708 1408 4759 senonis,
1426 4715 1501 4768 quem
1519 4701 1555 4751 ad
1570 4699 1681 4751 tuendos
1700 4701 1759 4749 tioi-

154 4773 208 4823 lias
224 4777 350 4824 Caesorem
363 4779 480 4826 miserat.
494 4781 546 4826 Per
564 4777 617 4826 isac
630 4780 745 4839 tempora
758 4781 840 4827 eiiam
857 4792 874 4826 a
893 4778 1056 4836 Constantio,
1073 4777 1165 4824 multis
1179 4776 1326 4826 inciuilibus
1341 4778 1431 4838 pestis,
1456 4774 1546 4823 Gallus
1560 4774 1648 4822 εἴπειεν
1659 4774 1760 4820 nocuus

152 4849 206 4905 esi,
216 4849 257 4895 vir
268 4845 451 4906 noinroserus
460 4851 486 4896 ei
495 4845 532 4896 od
543 4847 710 4908 tyrannidem
724 4851 841 4909 pronior,
857 4851 881 4896 si
895 4859 942 4896 suo
952 4848 1014 4909 jure
1028 4849 1157 4907 imperare
1169 4845 1293 4895 licuisset.
1308 4847 1433 4895 Silvanus
1449 4855 1550 4908 petoque
1563 4844 1591 4890 in
1611 4839 1700 4890 Gallia
1717 4853 1759 4889 res

153 4927 233 4965 novas
243 4917 363 4971 molitus,
375 4915 513 4966 antediem
524 4919 683 4980 tripesimnm
693 4921 836 4968 exstinctus
846 4921 891 4967 esi.
902 4945 933 4958 -
942 4915 1083 4979 ὑπονοίᾳ]
1096 4917 1202 4964 cremer.
1210 4930 1218 4973 i
1227 4915 1338 4963 θπονοίαν
1347 4913 1402 4962 ood.

184 4989 223 5034 Fr.
244 4989 295 5034 ils.
313 4986 327 5048 §
341 4993 363 5034 i.
380 4989 479 5046 Esnirop.
494 4991 529 5046 λ,
542 4991 555 5036 7
569 5001 576 5036 :
595 4991 639 5038 Vir
648 4989 754 5049 carente·
765 4987 983 5050 tranquillitatis,
992 4985 1125 5048 placidus,
1139 4986 1216 5034 nimis
1228 4987 1320 5036 osnioir
1331 4979 1548 5045 etfamiliaribus
1561 4977 1684 5041 medens,
1695 4991 1757 5029 moa

152 5059 232 5105 etiam
248 5057 373 5107 uxoribus
391 5055 511 5106 deditior.
