3842 5726
224 323 261 374 σθ
842 305 999 366 cuneati
1021 301 1203 364 SARDIANI

223 445 273 500 τῶν
290 439 393 521 δώρων,
410 437 443 498 τοί
458 461 486 496 τε
502 438 587 495 λινθίι
579 435 722 516 οφάσματα
737 435 820 494 καί
798 458 827 494 το
842 437 893 492 τῶν
910 457 996 513 στρω-
1046 432 1149 514 φόνων,
1165 429 1322 490 ἀνελθόντων
1339 428 1424 486 αὐτῶν
1446 427 1481 492 εἰς
1502 425 1606 498 ἡλικίαν
1623 425 1738 504 μάχιμον
1753 425 1829 505 παρὰ

223 530 315 605 μάτων
330 528 401 586 ἐπ”
387 525 522 604 αμφότερα
542 523 714 588 θύσανοειδ’·
736 523 844 588 ἕκαστος
863 521 890 581 δί
911 521 1000 586 ἅπλῶς
1048 520 1093 580 τὸν
1108 518 1210 600 χρόνον.
1225 517 1264 578 Τδ
1284 517 1312 575 δὲ
1334 516 1503 591 dspoliat*
1471 538 1517 584 της
1539 517 1670 624 Σκφθικῆς
1685 516 1768 582 ἀλκῆς
1782 513 1828 569 καί

224 619 309 674 αὐτῶν
324 611 492 690 ύπελάμύανε
507 612 552 671 καί
573 611 620 682 τήν
634 609 717 669 οἰκίαν
731 609 910 681 καταπλήσειν
931 611 1001 668 οἰκε·
1048 609 1240 686 γενναιότητος,
1254 614 1307 672 τοῖς
1321 609 1372 663 ὑπο
1373 602 1549 681 δεξαμένοις
1535 602 1593 661 αντὶ
1603 605 1655 661 τῶν
1667 601 1830 671 ercamma-

223 708 274 762 τῶν
286 701 332 760 καί
346 700 379 759 τὰ
392 723 448 806 χωρ
435 699 477 779 ρία
493 701 628 778 βοηλατῶν
644 721 689 756 και
679 696 750 768 τήν
764 697 889 776 ἐρωτικήν
901 695 1000 755 λύσσαν
1049 719 1100 754 των
1123 699 1149 763 ἐς
1169 696 1343 754 ἐπανάστασιν
1367 695 1410 752 εύθ
1412 691 1438 760 le
1462 693 1564 773 ἰγερθδν
1587 692 1633 752 καί
1657 693 1828 804 μαχόμενον,

224 795 270 862 τῆς
288 783 349 868 περὶ
368 793 451 846 ταῦτα
471 785 595 854 ἐξουσίας.
613 783 768 856 Νικηθέντος
782 785 839 842 δὲι
830 783 881 841 υπδ
901 783 1000 842 τούτων
1049 783 1115 842 πολυ
1127 783 1255 861 δεινοτερα
1266 781 1311 840 καὶ
1320 803 1500 861 τραγικωτερα
1513 770 1734 856 συνετόλμνσεν
1715 803 1750 836 ων
1763 778 1832 836 ἔ-πα

224 876 297 948 νίκην
321 875 459 953 αἰσχίστην
483 873 528 932 καί
548 873 793 952 παρανομωτάτην,
817 869 907 950 ῶσπερ
931 869 1003 936 τινδις
1050 877 1103 932 θεν.
1118 871 1152 930 Π
1165 869 1211 946 μὲν
1221 869 1271 948 qt
1282 869 1376 950 Θρακη
1387 877 1461 926 πᾶσα
1474 865 1792 946 καίήσυνερίςαυιη
1753 889 1831 944 χωρα

226 962 362 1042 εὐεργέτας
373 961 418 1020 καί
433 963 555 1038 σωτῆρας
564 959 690 1024 παλαιους
704 959 834 1034 μετὰτῶν
848 957 1002 1016 ύπλωνίδί-
1051 958 1200 1018 Μακεδονία
1215 959 1260 1016 καί
1280 955 1418 1016 Θεσσαλία
1437 955 1545 1026 τοιαύτη
1568 957 1606 1022 τίς
1621 958 1677 1013 ἐστι
1696 955 1741 1013 καί
1762 954 1833 1012 ούτω

227 1051 312 1119 ξαντο.
324 1044 1004 1156 Οίδὲτοσοῦτονοίκονιτίπρᾶγμαδιαπεπραγμένοι
1052 1045 1249 1122 πολυύμνητος,
1273 1045 1340 1102 ῶστε
1355 1044 1445 1102 οὗδὲε
1443 1035 1557 1109 ἷςκατδ
1574 1043 1715 1118 (καιΡΠί.
1724 1045 1834 1146 leuben

225 1139 270 1196 καὶ
289 1134 384 1208 τήν
359 1159 424 1195 οικοι
440 1133 618 1242 συμφορδν’
594 1133 803 1211 ευτυχήσαντες,
819 1131 872 1210 οίγε
887 1133 991 1190 αντί
958 1156 1005 1202 της
1053 1137 1136 1210 θναγρ
1139 1123 1357 1212 αφεινδλογος
1340 1157 1382 1203 ην
1399 1130 1540 1201 Γοσαύτην
1557 1125 1676 1190 leodem
1692 1127 1772 1197 αὐτήν
1787 1131 1832 1186 καὶ

226 1227 317 1284 xmo
299 1247 333 1282 ων
360 1222 469 1302 ἐρημίας
490 1245 535 1278 και
558 1225 603 1280 τοῦ
625 1220 755 1300 βαράθρου
779 1219 825 1290 τήν
849 1216 1004 1295 Ρωμαῖκὴν
1052 1219 1120 1280 οὕτω
1132 1221 1348 1328 πολυάνθρωπον,
1364 1216 1544 1295 εὐδαίμονότε
1559 1216 1615 1294 ἅμα
1630 1218 1674 1276 καί
1690 1217 1832 1301 εὔανδρον,

227 1313 312 1390 ἀρχὴν
327 1307 566 1384 δπελάμόανον,’
542 1313 584 1366 ευθ
586 1309 613 1375 *ue
572 1309 698 1366 θπολύ
719 1331 744 1366 τι
767 1307 932 1387 βάρόαρον’
920 1331 947 1366 εν
968 1309 1005 1386 τῷ
1053 1312 1141 1379 ἡτῶν
1166 1306 1312 1368 Σκυθῶν’
1295 1328 1404 1372 απιστος
1424 1275 1469 1364 νίαλ
1488 1305 1636 1383 παράλογος
1656 1307 1835 1376 ἐπανάστασις

226 1396 404 1478 παρασπόνδιρ
418 1396 463 1454 καί
476 1394 580 1474 ἀπίστῳ
591 1394 731 1475 διέφαινον.
744 1393 777 1454 Ἡ
792 1394 839 1469 μὲν
854 1393 903 1471 γδρ
918 1392 1006 1471 άχρη·
1055 1395 1209 1462 ἰξαπιναίως
1226 1395 1270 1452 καί
1285 1397 1450 1472 παραχρῆμα
1464 1397 1510 1462 τῆς
1525 1393 1670 1460 διαδόσεως
1687 1399 1836 1472 συντολμη-

228 1508 287 1552 στος
301 1485 391 1556 ἡλικία
408 1482 580 1564 προλαύοῦσα
593 1483 662 1542 κατδι
675 1482 722 1554 τήν
740 1483 861 1540 διάθασιν
875 1479 942 1556 μετὰ
958 1485 1006 1559 βα·
1055 1485 1128 1542 θεῖσα
1140 1481 1185 1540 καί
1199 1480 1360 1552 άνοιδήσασα
1373 1478 1558 1558 κατεστόρεσεν
1571 1481 1597 1546 ἐς
1609 1479 1714 1539 τοσόνδε
1727 1481 1774 1539 καί
1786 1506 1834 1540 κα-

228 1572 297 1640 θείας
312 1573 426 1642 σπουδῆς
437 1571 482 1629 καί
495 1569 627 1650 φροντίδος
636 1573 687 1628 τῶν
700 1575 782 1628 ταῦτα
797 1567 1007 1649 βεόουλευμένων
1055 1569 1203 1645 θημάίευσε
1216 1577 1273 1635 ταῖς
1285 1567 1445 1647 συμφοραῖς,
1455 1565 1523 1626 ὥστε
1533 1567 1630 1646 χρυσόν
1643 1569 1833 1646 ἀποδειχθῆναι

229 1664 266 1728 εἰς
279 1659 313 1718 τδι
329 1659 388 1729 ἔθνη
403 1663 540 1738 κατεχεῖτο
552 1659 597 1716 καὶ
611 1657 781 1736 διεσπείρετο.
794 1657 905 1718 Οἰκέταν
922 1654 1010 1714 δὲκαὶ
1056 1655 1119 1735 πρὸς
1133 1655 1167 1714 τδ
1180 1654 1284 1737 Θρφίκια
1298 1656 1371 1727 πάθη
1390 1655 1436 1725 τήν
1452 1658 1551 1715 Μυσῶν
1567 1655 1734 1734 παροιμιώδη
1749 1658 1829 1720 λείαν,

231 1751 351 1824 γυναῖκες
372 1745 417 1804 καί
439 1748 529 1812 παῖδες
543 1745 661 1816 ἐκείνοιν,
674 1748 697 1804 ol
713 1745 761 1822 μὲν
776 1743 901 1824 βασιλικὰ
919 1744 1008 1823 παροί-
1057 1746 1140 1813 Δόξαν
1155 1744 1177 1802 δ’
1191 1746 1276 1810 αὐτοῖς
1298 1742 1460 1815 στασιάζειν,
1474 1740 1619 1820 ἀξιομάχου
1638 1741 1676 1819 μὴ
1700 1744 1837 1823 παρούσης

230 1857 304 1910 σημα
327 1834 445 1913 ἔχοντες,
475 1831 521 1900 τδις
548 1831 575 1890 δὲ
598 1825 628 1904 ήν
650 1832 793 1912 ἁδροτέρας
816 1837 878 1910 δρᾶν
901 1831 918 1902 ή
942 1831 1010 1890 κατὰ
1058 1831 1190 1908 δυνάμεως
1202 1834 1237 1895 εἰς
1250 1830 1460 1910 άμυναν,τῷτε
1482 1829 1579 1900 πλήθει
1598 1829 1662 1906 πρὸς
1683 1830 1837 1910 ἀνθρώπους

231 1921 410 2001 αἰχμάλωτον.
428 1923 525 1988 Παῖδες
540 1921 566 1978 δὲ
588 1923 673 1978 αὐτῶν
689 1921 781 1980 καὶτὸ
802 1919 929 1979 οἰκετικόν
948 1923 1009 1998 (τοῦ
1059 1919 1224 1999 ἀφυλάκτους
1237 1921 1282 1978 καὶ
1297 1918 1422 1984 ἀνόπλους
1433 1917 1566 2026 ἐφόνηφαν
1580 1916 1774 2026 φοόερφδτατοι,
1791 1919 1836 1977 καὶ

230 2011 377 2068 οἰκετικοῦί
399 2014 447 2070 W.
461 2011 469 2085 )
491 2007 557 2087 πρός
571 2031 599 2066 τε
620 2006 829 2086 τήνέυκρασίαν
851 2011 902 2065 τῶν
927 2006 1010 2112 άάρωγ
1058 2013 1096 2066 τῶ
1118 2006 1287 2087 φονικωτάτῳ
1308 2007 1372 2086 πρὸς
1386 2007 1415 2063 τὸ
1429 2005 1612 2116 κρατούμενον
1631 2005 1717 2064 πάντα
1733 2009 1835 2084 ἀνδρῶν

232 2095 376 2175 ανεδραμον
389 2095 434 2154 καί
446 2096 609 2174 παρὰ
533 2095 609 2165 τήν
611 2095 697 2152 λικιαν
709 2094 831 2171 ήόησαν
846 2095 890 2152 καί
901 2092 1006 2153 πολιν
982 2117 1012 2151 το
1059 2095 1206 2175 ίχήρωσαν.
1224 2098 1281 2172 Περ
1283 2093 1454 2164 ιειστήκειδε
1444 2091 1518 2160 *ee*
1509 2116 1562 2150 ισον
1576 2091 1652 2166 λόγον
1667 2093 1711 2151 καί
1730 2095 1803 2154 Σκύθ
1791 2101 1835 2161 θας

233 2182 406 2261 ἐπιφυόμενον
425 2175 457 2254 ἦν
477 2181 602 2258 πολέμιον
623 2181 705 2259 γένος.
726 2185 761 2242 Οἱ
784 2172 876 2256 μὲν
845 2205 889 2240 ουν
904 2180 1013 2239 παλαιοί
1059 2183 1165 2244 θύννων
1178 2182 1260 2259 μὴ’
1229 2205 1275 2262 φερ
1263 2205 1313 2260 ρειν
1328 2183 1410 2258 ὄνομα
1425 2180 1470 2238 καί
1482 2179 1628 2256 Ῥωμαίους
1643 2183 1763 2242 Σκυθῶν.
1786 2183 1839 2241 Πό-

233 2276 309 2346 μυθοι
329 2270 435 2348 λέγουσι
457 2294 507 2349 περ
507 2269 586 2340 ἰτήν
609 2269 737 2330 Βοιωτίαν
752 2269 826 2327 και
813 2268 860 2340 τήν
877 2269 1012 2347 Κολχίδα,
1058 2271 1111 2336 λεις
1122 2292 1183 2346 γουν
1195 2269 1364 2349 ευαριθαητοι
1377 2290 1422 2326 και
1413 2266 1523 2344 ὀλίγαι
1537 2267 1601 2334 τινὲς
1617 2267 1780 2338 διεσωθησαν
1794 2291 1839 2326 και

233 2358 404 2436 δρακοντείων
417 2294 526 2417 ὀδόντων
542 2355 780 2436 κατασπαρίντων,
802 2361 828 2415 ἐν
851 2355 940 2422 όπλοις
956 2357 1013 2433 ἅμα
1060 2356 1098 2415 ἔτι
1116 2357 1242 2425 σώζονται
1254 2359 1348 2434 τειχῶν
1363 2354 1448 2414 ἕνεκεν
1463 2355 1508 2412 καὶ
1531 2355 1761 2432 οἰκοδομημάτων·
1777 2361 1795 2426 ἡ
1813 2355 1839 2414 δὲ

233 2449 271 2523 τῷ
284 2445 374 2524 σπόρῳ
392 2444 450 2512 τοὺς
468 2444 564 2524 ἄνδρας
579 2444 776 2502 οἰναπάλλεσθαι
792 2443 1015 2518 (οἰνατίλλεσθαιθ
1060 2445 1135 2524 χώρα
1150 2445 1195 2503 καί
1214 2444 1317 2520 leand?
1329 2443 1398 2522 W.)
1417 2443 1447 2501 τὸ
1458 2446 1579 2502 πλεῖστον
1591 2446 1781 2516 ἀπανάλωται,
1797 2443 1841 2500 καί

234 2537 280 2591 W.
292 2537 314 2606 )·
328 2536 342 2590 ὁ
355 2531 382 2590 δί
397 2535 455 2591 καθ’
468 2537 538 2608 ἡμᾶς
552 2532 644 2611 χρόνος
659 2531 704 2590 καὶ
715 2531 760 2589 τδν
776 2537 856 2608 μῦθον
869 2537 958 2590 τοῦτον
977 2534 1014 2599 εἰς
1060 2537 1129 2591 ἐστιν
1145 2531 1265 2604 οἰοίκητον
1280 2531 1325 2589 καί
1342 2532 1441 2590 άόατον
1455 2530 1498 2589 tri
1511 2531 1555 2590 τδν
1570 2531 1694 2607 πόλεμον.
1713 2533 1841 2596 Βασιλεὺς

234 2623 288 2700 φῶς
308 2619 352 2678 καὶ
371 2619 444 2700 ἔργον
462 2618 593 2697 συνήγαγε
613 2622 658 2678 καὶ
678 2623 789 2699 ὀφθῆναι
805 2617 1012 2695 κατηνάγκασεν.

233 2711 273 2768 Οὐ
287 2708 337 2788 γδρ
352 2709 466 2790 ἔφθασαν
485 2713 529 2768 τοῶ
545 2711 674 2768 Σκυθικοῦ
686 2706 774 2784 γε’νους
789 2709 824 2772 εἰς
841 2707 889 2778 τὴν
904 2707 1015 2785 ἔπικρά·

235 2820 306 2855 τειαν
320 2797 369 2868 τήν
384 2795 539 2872 Ῥωμαϊκὴν
552 2799 575 2854 οἱ
585 2797 675 2860 παῖδες
690 2794 779 2874 ῶσπερ
791 2794 891 2862 ὀδόντες
904 2796 1016 2853 διασπα-

236 2886 336 2966 ρέντες,
356 2884 402 2943 καί
424 2885 511 2942 πάντα
532 2875 564 2956 ήν
583 2883 667 2960 μεστδι
682 2889 764 2960 θυμοῦ
788 2883 833 2942 καλ
853 2883 947 2959 μανίας
971 2883 1016 2941 καὶ

235 3078 260 3124 el
273 3077 340 3124 νοΙίιι
356 3075 417 3138 greti
435 3089 466 3124 ex
483 3076 533 3136 liis,
544 3073 585 3137 qni
600 3074 693 3135 trajecti
707 3075 815 3131 tuerent,
833 3074 894 3122 alter
906 3074 1017 3122 misertus

235 3155 272 3202 est
282 3152 364 3201 uxoris
373 3153 484 3202 formosae
500 3151 571 3200 canius
582 3165 612 3200 εκ
625 3152 733 3213 captivis.
768 3151 812 3200 llic
825 3152 910 3211 captus
919 3153 956 3201 est
970 3151 1018 3199 rir-

235 3230 290 3292 gine
304 3229 423 3291 formosa,
436 3230 494 3278 alios
512 3227 652 3290 magnitudo
671 3241 798 3276 rnrinernm
810 3227 887 3288 cepit,
898 3215 961 3276 linea
975 3241 1018 3276 ve·

236 3308 348 3356 elimenta
357 3307 491 3368 elstragnla
500 3306 531 3354 ab
542 3309 715 3367 utrequeparte
724 3303 851 3354 fimbriata.
862 3305 933 3354 Plane
943 3317 1017 3353 arnus·

236 3387 338 3448 quisque
360 3388 466 3448 ipsorum
496 3385 543 3433 boc
561 3384 675 3446 propositi
695 3383 793 3444 babuit,
813 3385 841 3431 ut
861 3396 918 3431 suas
935 3383 1029 3431 densos·

236 3465 325 3524 servis,
339 3463 407 3512 villas
418 3463 554 3524 pastoribus
563 3465 587 3510 et
599 3462 708 3510 insanum
722 3462 810 3510 amoris
819 3461 923 3508 terrorem
933 3459 1019 3522 queris

239 3541 335 3590 licentia
350 3541 486 3601 implerent.
519 3541 604 3600 ltaque
616 3537 672 3586 ricti
688 3538 804 3599 ejusmodi
822 3539 921 3585 victoria
938 3537 1018 3586 loedis·

238 3619 297 3666 sima
305 3620 329 3666 et
335 3617 501 3666 scelestissima
510 3619 673 3676 eostanquem
684 3614 1020 3663 benefactoresetserratores

240 3695 329 3756 pariacus
341 3707 397 3742 cum
415 3692 488 3741 armis
506 3693 660 3752 exceperunt.
694 3692 725 3740 nt
743 3691 777 3739 llll
790 3693 881 3738 tantam
903 3703 953 3739 rem
969 3691 1020 3740 sine

240 3772 290 3821 τιΙΙο
299 3771 384 3820 labore
395 3769 488 3830 adepti,
500 3769 603 3830 patriam
622 3768 783 3817 calamitatem
798 3767 849 3829 jam
864 3767 931 3816 lucro
945 3781 1019 3830 appo-

239 3853 323 3900 nentes
333 3851 403 3909 (nam
414 3862 456 3910 pro
473 3847 574 3898 desertis
585 3847 690 3908 serente
700 3847 758 3896 locis
767 3849 791 3896 et
801 3848 914 3896 baratlrro
931 3848 956 3896 in
971 3851 1019 3897 lio·

242 3939 340 3978 manum
352 3925 490 3975 invaserunt
499 3925 657 3986 imperium),
671 3925 772 3973 multem
785 3924 866 3974 statim
883 3925 1019 3974 barbariem

241 4003 370 4066 trangendo
393 4002 484 4065 perlae
504 4002 593 4052 tendere
611 4001 775 4064 prodiderunt.
800 4001 904 4051 imbellis
923 4003 1020 4064 quidem

241 4087 300 4133 ecles
309 4096 364 4144 quae
373 4082 438 4144 prior
447 4081 586 4142 transierat,
598 4081 704 4143 diligenti
716 4081 796 4131 studio
807 4095 913 4144 curaque
927 4096 1020 4146 eornm,

241 4162 283 4224 qul
297 4163 343 4210 lroc
355 4161 448 4210 comitti
461 4160 590 4220 dederant,
608 4173 649 4222 per
663 4161 798 4222 provintias
820 4160 946 4210 distributa
968 4163 1021 4211 lne-

241 4244 279 4291 rat
293 4241 442 4302 sparsimque
456 4239 580 4288 collocata.
615 4243 688 4288 Porro
700 4253 798 4289 cernere
812 4242 864 4289 eret
877 4241 1023 4292 domesticos

241 4330 325 4368 eorum
341 4318 366 4366 et
377 4329 465 4364 uxorea
477 4319 500 4365 et
514 4315 616 4375 liberos,
630 4317 673 4366 laos
689 4317 785 4378 quidem
805 4317 882 4366 beriles
896 4317 972 4379 regies
987 4320 1021 4366 le-

242 4389 335 4447 rentes,
358 4386 411 4434 illas
430 4388 510 4434 autem
532 4385 670 4445 delicatius,
689 4399 762 4448 quem
780 4387 887 4449 captives
907 4388 1021 4449 decebat,

242 4465 388 4514 victitantes.
408 4464 549 4514 Liberorum
563 4468 644 4513 autem
658 4467 683 4514 et
699 4465 853 4514 servitiorum
872 4478 971 4527 corpore
987 4479 1023 4516 se·

243 4542 357 4591 lubritate
369 4541 431 4590 aeris
438 4541 617 4600 excrescebant,
625 4545 820 4602 praemiumque
829 4545 901 4591 etate
907 4543 1021 4604 pubesce-

245 4618 318 4678 bant,
330 4620 404 4678 elque
413 4616 512 4665 omnino
521 4630 578 4678 gens
588 4617 681 4667 hostilis
690 4615 931 4679 ubiquepullulabal.
949 4621 1023 4670 Alunt

1062 2620 1089 2678 δὲ
1116 2619 1206 2691 ἐπειδὴ
1228 2619 1326 2678 τούτων
1353 2617 1461 2678 ἐπύθετο
1483 2623 1535 2678 τῶν
1560 2620 1707 2696 ἀδιηγήτων
1733 2623 1839 2690 κακῶν,

1061 2707 1125 2788 πρδς
1147 2707 1195 2783 μὲν
1221 2705 1279 2772 τούς
1300 2707 1405 2786 Πέρσας
1419 2706 1562 2784 ἀναγκαίαν
1583 2708 1686 2786 εἰρήνην
1707 2707 1841 2780 συνθέμε-

1062 2818 1117 2866 νος,
1139 2796 1224 2872 ἑαυτῷ
1246 2791 1274 2851 δὲ
1288 2793 1441 2868 πολεμήσας
1457 2794 1499 2852 ε’πί
1515 2794 1675 2871 μεταγνώσει
1689 2799 1734 2866 τῆς
1748 2796 1840 2852 ὑποδο-

1062 2885 1126 2960 χῆς,
1144 2885 1181 2960 τῷ
1200 2885 1275 2962 θυμῷ
1289 2904 1317 2939 τε
1339 2881 1491 2960 ὑπερέζεσε,
1506 2879 1552 2940 καί
1574 2880 1638 2972 πρὸς
1658 2881 1702 2938 τδν
1727 2881 1841 2956 πολεμον

1063 3075 1182 3122 scentiam
1198 3073 1300 3134 borum,
1313 3073 1354 3136 qul
1366 3077 1531 3137 intempestiue
1551 3076 1580 3124 ad
1595 3079 1692 3124 aetatem
1704 3078 1842 3124 armiferum

1065 3151 1244 3212 perveniebant.
1258 3155 1335 3213 Atque
1344 3151 1502 3212 ltajurcntus
1514 3153 1627 3214 [ualentiae
1641 3154 1760 3214 scptlricae
1770 3167 1841 3212 perre-

1064 3228 1184 3276 roslsslma
1194 3228 1267 3289 erepit
1281 3229 1403 3290 protinus,
1419 3229 1472 3277 loco
1487 3243 1596 3278 cerrima
1613 3231 1700 3292 quibus
1712 3244 1789 3292 nuper
1806 3245 1843 3278 en·

1064 3306 1131 3368 pulsa
1144 3307 1235 3367 luerat,
1246 3306 1353 3367 hospites
1365 3319 1421 3353 sues
1430 3319 1582 3368 oppugnare,
1598 3307 1681 3369 bisque
1693 3309 1756 3357 mala
1766 3310 1843 3356 mullo

1065 3382 1210 3432 luctuosiore
1220 3383 1350 3445 pejoraque
1359 3383 1461 3443 interro,
1474 3396 1546 3444 qnam
1560 3383 1662 3446 ipsamet
1675 3397 1785 3446 perpessa
1796 3387 1843 3433 luc·

1065 3462 1110 3507 rat.
1122 3461 1233 3508 l‘roleclo
1243 3460 1357 3508 universa
1373 3459 1475 3510 Thracia
1485 3462 1509 3509 et
1519 3460 1575 3508 buic
1591 3461 1700 3510 finitima·
1712 3464 1843 3523 pror-inem

1065 3538 1203 3586 Macedonia
1213 3541 1285 3600 atque
1294 3537 1424 3598 Thessalia,
1435 3539 1485 3586 mm
1496 3537 1580 3588 uberes
1590 3543 1689 3602 tamque
1697 3540 1844 3589 admirande

1065 3617 1148 3676 erent,
1159 3619 1187 3664 ut
1197 3616 1262 3664 nulla
1278 3616 1335 3664 satis
1349 3616 1457 3664 cretione
1465 3615 1566 3666 describi
1581 3617 1679 3678 possint.
1691 3621 1760 3667 ilaec
1772 3619 1844 3668 talem

1065 3695 1205 3753 tantamque
1215 3693 1334 3754 regionem
1343 3696 1394 3741 tarn
1403 3693 1496 3742 beatam
1506 3698 1602 3755 tamque
1613 3695 1694 3743 multis
1704 3707 1733 3744 ec
1741 3696 1845 3744 strenuis

1065 3771 1123 3820 sirie
1138 3773 1243 3831 cultam,
1258 3772 1331 3820 infida
1350 3775 1423 3834 atque
1443 3771 1563 3834 insperata
1582 3773 1727 3836 Scytharum
1743 3774 1843 3832 seditio,

1065 3863 1121 3911 qnae
1137 3849 1219 3897 statim
1237 3853 1290 3911 post
1305 3852 1434 3899 transitum
1446 3851 1582 3912 conspirato
1600 3864 1659 3900 ausu
1675 3853 1768 3914 erupit,
1786 3853 1844 3901 adeo

1066 3925 1183 3975 siraritet
1201 3927 1376 3976 calamitatibus
1387 3929 1479 3976 vastam
1497 3927 1568 3987 lecit,
1585 3930 1622 3988 ut,
1641 3931 1844 3990 comparatricem

1067 4001 1103 4050 liis
1122 4002 1236 4063 predatio
1254 4016 1341 4052 aurum
1359 4017 1410 4053 ame
1427 4004 1548 4053 rideretur
1562 4006 1651 4066 blyslca
1668 4006 1707 4054 illa
1724 4019 1779 4068 quae
1792 4018 1845 4068 pro·

1067 4079 1149 4128 verbio
1160 4080 1235 4128 lertur
1247 4081 1370 4141 prmdatic.
1383 4085 1464 4138 Qurim
1474 4095 1529 4143 ergo
1539 4082 1633 4142 Scythis
1641 4080 1756 4131 rebellare
1764 4082 1845 4131 liberis·

1067 4159 1116 4216 sel,
1127 4171 1177 4218 quo
1188 4161 1297 4219 tempore
1313 4157 1385 4206 nrrllae
1395 4159 1469 4219 copim
1481 4157 1609 4207 resistendo
1628 4159 1720 4208 idoneae
1731 4159 1842 4216 aderant.

1067 4235 1221 4284 multitudine
1230 4249 1274 4284 sua
1284 4237 1392 4284 incantus
1405 4236 1555 4297 inermesque
1568 4237 1632 4284 ciues
1649 4240 1844 4298 perterruerunt,

1067 4312 1198 4374 multisque
1209 4312 1315 4360 ceedlbm
1329 4313 1352 4360 in
1367 4312 1474 4361 devictos
1485 4313 1611 4362 saevientes
1623 4315 1743 4375 regionem
1758 4315 1842 4362 incolis

1067 4389 1227 4438 nudaverunt.
1240 4388 1297 4437 lnde
1307 4389 1396 4438 lactum
1404 4392 1439 4439 cst
1452 4393 1479 4439 ul
1488 4391 1589 4440 Romani
1603 4390 1747 4452 Scyllarum
1757 4404 1844 4440 nomen

1067 4479 1115 4514 non
1124 4467 1203 4514 minus
1211 4465 1400 4526 reformidarent,
1410 4481 1483 4529 quam
1493 4468 1588 4528 septus
1597 4481 1685 4518 nemen
1694 4472 1844 4518 llunnornm.

1068 4548 1104 4593 Εκ
1125 4545 1263 4594 ciuitatibus
1283 4559 1366 4608 paun'c
1380 4547 1499 4595 maenibus
1516 4549 1541 4595 et
1564 4548 1749 4609 propugnaculis
1769 4551 1843 4605 lutae,

1067 4637 1126 4684 quas
1135 4623 1203 4672 lecile
1212 4627 1249 4672 est
1257 4637 1411 4685 enumerare,
1426 4626 1523 4686 integrae
1535 4627 1558 4674 et
1570 4627 1652 4677 illese
1664 4629 1845 4690 permanserunt

244 4697 337 4744 veteres
345 4694 432 4743 tabulae
441 4729 448 4754 ‚
458 4693 515 4742 satis
527 4695 551 4742 in
563 4695 654 4744 bootia
664 4697 688 4744 ei
703 4695 817 4744 colchide
826 4695 957 4744 draconum
967 4697 1025 4745 den·
1067 4704 1092 4748 et
1104 4699 1184 4748 artlruc
1198 4705 1346 4762 permanent.
1358 4700 1404 4750 Sed
1416 4703 1479 4763 regio
1490 4703 1538 4763 ipsa
1549 4703 1680 4764 plurimum
1690 4706 1725 4753 est
1736 4708 1843 4762 castula,

244 4773 433 4833 tibus,armatos
442 4772 552 4822 homines
561 4775 1025 4824 excasationeseinetextulisscznostra
1067 4778 1092 4825 ct
1102 4776 1191 4824 inculta
1204 4779 1228 4824 et
1239 4776 1331 4826 deserta
1337 4777 1401 4838 jacet
1410 4779 1569 4828 ealrecbello.
1583 4782 1715 4841 imperator
1724 4784 1804 4829 aulem
1818 4781 1843 4826 ul

244 4863 302 4898 aero
310 4853 369 4898 etas
377 4849 481 4898 tabulam
492 4849 561 4898 istem
572 4850 666 4912 publica
676 4851 700 4899 ln
709 4851 764 4899 luce
773 4863 879 4912 veroque
887 4864 959 4912 opere
969 4853 1025 4900 elie·
1068 4853 1098 4902 de
1106 4855 1142 4902 tot
1153 4854 1273 4915 tantisque
1283 4855 1364 4915 melis,
1375 4869 1430 4916 qnae
1440 4857 1530 4904 narrerl
1547 4871 1595 4904 non
1606 4859 1716 4918 possunt,
1727 4858 1845 4906 laclnscst

245 4929 309 4976 ctam
327 4925 407 4986 dedit,
417 4928 442 4976 et
454 4929 561 4988 spectare
574 4930 658 4976 coacta
667 4929 782 4976 ostilam
793 4927 873 4975 statim
884 4928 1024 4988 aescpthlei
1068 4929 1164 4989 certior,
1177 4930 1307 4990 seipsum,
1321 4931 1387 4991 quod
1402 4931 1456 4980 illos
1471 4932 1600 4992 receperit,
1620 4944 1747 4990 accusans,
1762 4943 1842 4992 pacem

246 5004 338 5066 generis
347 5003 453 5065 soboles,
468 5019 512 5054 ceu
530 5005 614 5054 dentes
632 5005 679 5063 llll,
690 5005 714 5053 ln
730 5007 838 5054 Romano
857 5005 957 5066 irnperio
973 5013 1024 5054 sata
1068 5019 1124 5054 cum
1145 5005 1220 5054 Persis
1231 5008 1364 5056 necessmio
1378 5007 1455 5057 lacere
1471 5010 1506 5056 est
1526 5011 1631 5058 conclus.
1654 5010 1739 5070 ltaque
1755 5009 1790 5057 ira
1802 5007 1843 5056 lla·

247 5083 305 5142 tuit,
317 5081 409 5142 ubique
422 5081 476 5131 odia
491 5083 597 5144 rixaeque
606 5085 630 5132 cl
646 5081 723 5131 coedes
735 5081 924 5132 exaudiebantur
940 5082 1021 5132 adule—
1068 5095 1138 5146 grans
1148 5085 1171 5133 et
1182 5085 1247 5134 lotus
1265 5083 1289 5132 in
1300 5084 1358 5134 illud
1372 5085 1460 5135 bellum
1478 5085 1619 5136 incumbens
1631 5085 1756 5148 praemittit
1776 5089 1840 5134 sear-
