3792 5728
165 352 220 405 170

162 471 227 552 ιιρία
238 464 307 556 [ἀλλ’
319 472 393 548 irrep
394 466 511 527 θτοάτων
521 467 652 546 θπθνοια].
663 459 717 528 llo
726 443 942 548 δίριλυπόδοχος,

163 559 208 618 καὶ
234 556 276 616 διδ
297 555 328 615 τδ
351 556 521 622 scabies*
488 579 535 625 της
558 555 635 634 ’ρΕετ
637 554 693 635 ρίας
717 555 800 613 πλείω
823 557 941 631 συνάγων

163 644 307 750 συμπόσια.
338 645 470 727 Προσεῖχε
500 641 527 700 δδ
563 577 686 756 Ὁμίγρρῳ
707 641 752 700 καὶ
779 649 831 708 τοῖς
866 644 941 718 μελι-

162 741 233 805 κοῖς,
254 721 310 788 εἶτα
326 732 455 810 Σοφοκλεῖ
473 730 518 787 καὶ
539 720 686 809 liparim?
666 753 688 788 ω
701 729 783 787 καλ
759 751 789 788 το
800 731 942 808 δευτερεῖον

164 821 190 877 ἐν
216 827 269 884 τοῖς
292 816 365 884 >leel
368 840 433 896 ροις,
461 818 586 898 Αἰσχύλῳ
606 816 634 875 δὲ
653 787 683 876 τδ
700 826 827 896 πρωτεῖον
849 817 942 875 ἀπεδί-

165 909 221 968 δου.
234 905 305 986 Πρὸς
316 928 376 982 γουν
388 903 447 972 τοθς
455 903 723 982 ἀντιπολιτευομένους
735 911 819 964 ταῦτα
829 903 942 984 προερέ-

163 1017 237 1074 ρετο·

224 1157 341 1208 'illiciter'
353 1157 398 1222 ἀρα
407 1158 447 1206 aul
457 1157 512 1220 πρὸς
522 1157 624 1207 ἀσθενῶν
636 1159 724 1221 ταχὺς,

224 1229 264 1290 aqi
276 1229 331 1291 πρὸς
338 1227 440 1290 χελώνης
449 1227 514 1284 ἀετὸς
525 1228 607 1290 βραχεῖ
615 1227 699 1291 χρόνῳ.

161 1390 255 1444 Ταῦτα
272 1383 301 1442 δι’
319 1387 386 1442 ἐστιν
401 1383 507 1462 Ἀχαιοῦ
529 1386 559 1441 ἐκ
575 1387 621 1454 τῆς
635 1387 776 1460 σατυρικῆς
789 1381 942 1463 Ὀμφάλης·

162 1472 230 1531 ὥστε
242 1471 447 1552 προσπταίουσιν
459 1474 482 1529 ui
494 1471 629 1547 λέγοντες,
644 1471 721 1529 αὐτὸν
737 1471 816 1547 μηδὲν
832 1476 943 1548 ἀνεγνω-

166 1559 239 1617 κέναι
251 1559 360 1629 uiris*
328 1583 373 1629 της
386 1561 422 1618 lli
441 1557 525 1617 ιπίδου
536 1559 665 1628 Μηδείας.
678 1559 820 1618 Στίλπωνα
831 1561 942 1617 ἐπαινῶν

165 1644 277 1704 ἀλλο
247 1669 294 1722 μεν
314 1644 386 1704 οὐδὲν
398 1581 476 1718 ε,Ῑρπε
488 1645 558 1715 τλθν
572 1643 612 1705 ὅτι
626 1647 713 1704 ίλευθε
715 1670 774 1726 ριος.
787 1645 833 1706 Εν
846 1646 873 1706 δε
886 1671 943 1714 ταις

166 1724 336 1804 ζητήσεοιῗ
283 1758 304 1791 ,ν
316 1757 338 1790 ω
340 1733 367 1790 δε
385 1733 502 1810 μάχιμος
521 1757 562 1806 ην,
583 1736 619 1800 ise
632 1734 738 1791 ὑπώπια
753 1733 800 1814 ρίρ
801 1758 837 1792 ων
852 1734 942 1812 άπηει.

164 1821 244 1880 Οὕτω
266 1821 293 1878 δὲ
316 1812 382 1888 ἦσαν
399 1811 470 1886 οὗτος
491 1821 535 1878 καλ
554 1819 747 1891 Ἀσκληπιάδης
768 1819 894 1900 ρίλοι,”
876 1843 943 1880 ωστε

167 1908 346 1987 Ἀρχεπολιδος
366 1907 560 1987 τρισχιλίοιῌ
532 1915 617 1973 αυτοῖς
636 1907 839 1987 διαγράψαντος,
855 1931 944 1986 στηρι-

166 1995 287 2070 ζομένους
300 1993 361 2073 περὶ
374 2000 419 2053 τοῦ
434 1993 471 2060 τίς
486 1991 601 2071 δεύτερος
615 1995 680 2073 ἀρη,
691 1993 832 2072 μηδέτερον
841 1994 943 2054 λαθεῖν.

167 2081 292 2158 Ἔγημσν
303 2081 330 2139 δὲ
339 2088 475 2158 γυναῖκας,
486 2079 679 2152 Ἀσκληπιάδης
689 2079 737 2157 μὲν
746 2079 793 2152 τίγν
804 2081 942 2159 θυγατέρα,

166 2169 213 2240 τὴν
235 2167 263 2226 δὲ
283 2167 383 2248 μητέρα
407 2168 587 2272 Μηνίδημος·
605 2166 717 2239 κάπειδὴ
742 2170 783 2228 άτε
772 2169 942 2238 λειίτησε”
908 2193 945 2228 τιιι

167 2253 397 2368 Ἀσκληπιάδη
373 2278 402 2312 το
424 2253 539 2331 γίναιον,
561 2253 641 2312 ἔλαθε
659 2252 689 2312 τδ
707 2277 751 2312 του
775 2255 878 2314 lissei
862 2279 944 2332 ημου·

166 2341 261 2409 δκεῐνάς
270 2366 298 2402 τε
311 2318 357 2414 uu,
373 2341 461 2413 ἐπειδὴ
474 2339 590 2420 προῦστη
603 2345 650 2412 τῆς
661 2341 806 2419 πολιτείας,
819 2342 946 2402 πλουσίαν

164 2431 270 2508 ίγημεν·
284 2429 409 2510 ἐπέτρεψε
431 2427 520 2506 μέντοι
538 2429 641 2500 eia*
608 2453 655 2502 της
675 2428 757 2496 οἰκίας
770 2429 943 2502 διοίκησιν
910 2453 942 2508 τη

164 2520 277 2626 προτέρα
302 2517 482 2592 γυναικί.Τά
506 2515 534 2576 δί
557 2517 705 2662 συμπόσιαὸ
715 2515 797 2584 οὕτως
822 2521 945 2577 ἐποιεῖτο·

165 2607 311 2687 προηρίστα
333 2605 401 2682 μετὰ
415 2603 627 2686 δυοινῆριων
642 2602 705 2670 le
723 2595 948 2683 βραδεωςῖντης

165 2692 279 2772 ἡμέρας,
297 2693 387 2751 ἔπειτά
406 2715 444 2759 τις
465 2690 553 2750 ἐκάλει
574 2689 633 2757 τους
643 2692 878 2770 παραγενομένους,
902 2715 947 2750 και

165 2779 257 2846 αὐτοὺς
273 2779 324 2852 ἤδη
340 2775 586 2849 assamonei
567 2801 650 2850 ωστε,
663 2778 689 2838 εἴ
699 2803 736 2846 τις
758 2778 827 2837 ἔλθοι
839 2785 946 2856 θαττον,

787 337 968 400 llaslcllll
991 338 1135 399 minnan

986 478 1138 538 ceretejusca
1155 478 1403 527 mutauoniecausem
1417 489 1481 540 esse,
1490 478 1533 529 sed
1549 481 1721 543 praesumptam
1738 481 1769 530 de

986 565 1032 615 illis
1049 566 1139 614 taluam
1160 566 1296 628 opinionem
1310 565 1363 628 (ll,
1385 570 1424 616 til
1446 567 1515 631 sq..)
1533 567 1635 617 Amabat
1652 571 1769 631 praeterea

986 650 1090 714 hospites
1097 653 1162 715 apud
1173 666 1198 703 se
1207 653 1331 716 accipere:
1342 655 1366 702 el
1374 654 1433 715 quia
1443 667 1525 716 parum
1536 654 1638 704 salubris
1647 658 1700 705 erat
1710 659 1769 706 Ere·

985 739 1045 802 tria,
1064 741 1174 790 convivia
1185 753 1248 804 sape
1259 741 1368 816 cogebat.
1383 741 1516 791 Plurimum
1529 745 1634 792 Homero
1645 743 1733 792 tribuit
1745 745 1771 794 el

986 824 1087 884 melicis,
1102 825 1187 875 deinde
1197 827 1309 888 soplrocli
1322 829 1348 877 et
1369 829 1472 891 Achaeo,
1482 829 1521 877 cui
1537 829 1563 878 io
1574 831 1667 891 satyris
1680 843 1770 880 secun·

986 913 1059 974 rium,
1075 915 1103 962 ut
1115 914 1224 977 AEsclrylo
1237 915 1368 977 principem
1386 916 1467 965 locum
1477 915 1543 966 deae
1548 934 1556 978 ;
1566 917 1631 968 unde
1644 917 1668 968 ln
1681 918 1769 969 εάνετ-

985 1005 1064 1050 nutes
1073 1001 1117 1050 eibi
1129 1001 1230 1064 regenda
1241 1003 1363 1066 republica
1381 1003 1562 1068 nocjeclenal:

1038 1167 1178 1224 Quandoque
1185 1168 1300 1224 μετενίσετο
1310 1169 1370 1224 cepit
1378 1168 1456 1214 tardus
1462 1171 1530 1226 pede,

1039 1237 1180 1293 aquilamque
1190 1237 1279 1282 leoinde
1286 1237 1349 1282 brevi
1360 1239 1509 1294 preverterit.

987 1395 1049 1442 Sunt
1066 1395 1147 1443 eutem
1159 1407 1190 1442 ex
1210 1395 1328 1456 omphale
1341 1395 1444 1457 satyrica
1461 1397 1549 1446 lclrrel.
1563 1401 1716 1461 Quapropter
1732 1403 1772 1453 lal-

987 1486 1080 1546 luolur,
1092 1485 1133 1546 qui
1145 1486 1203 1534 nibil
1224 1486 1292 1534 illum
1305 1487 1388 1548 legisse
1399 1491 1486 1550 praeter
1500 1502 1573 1537 unam
1587 1490 1707 1552 Euripidis
1723 1495 1772 1541 lile·

986 1576 1057 1626 deam
1075 1577 1186 1627 dictitant
1198 1579 1206 1640 (
1216 1581 1249 1640 ll,
1262 1583 1304 1628 133
1323 1592 1362 1642 sq.
1372 1579 1390 1640 ).
1402 1583 1484 1637 Quum
1502 1581 1634 1642 Stilponem
1651 1581 1770 1646 laudarel,

987 1672 1107 1722 aliudoon
1117 1673 1189 1736 dixit,
1200 1687 1275 1736 quarn
1287 1674 1352 1738 quod
1362 1675 1467 1726 libemlia
1477 1678 1548 1726 amet.
1562 1679 1588 1726 ln
1598 1679 1773 1739 questionibus

988 1766 1186 1816 adeouelremcns
1198 1767 1279 1818 luitet
1297 1781 1410 1831 pugnax,
1429 1771 1523 1818 uteum
1542 1769 1733 1832 singillaiionibns
1748 1771 1772 1819 io

988 1861 1048 1911 lacie
1072 1861 1204 1912 diseederet
1227 1862 1278 1926 (ll,
1302 1865 1373 1922 les).
1387 1865 1447 1912 Tam
1464 1863 1531 1912 areta
1544 1875 1602 1912 cero
1614 1863 1721 1913 amicitia
1732 1864 1772 1914 de·

988 1956 1062 2008 uncti
1071 1961 1140 2008 mant
1153 1958 1202 2022 ipse
1215 1959 1240 2008 et
1256 1957 1415 2021 Asclepiades,
1430 1960 1467 2018 ut,
1483 1971 1560 2020 quum
1570 1959 1710 2020 Areliepolie
1720 1973 1773 2022 pnr-
1800 1975 1805 1983 ·

989 2049 1120 2111 scripsisset
1130 2049 1228 2099 illislria
1237 2049 1408 2098 drachmarum
1422 2049 1508 2110 millia,
1519 2049 1656 2100 ublirnaetia
1670 2052 1774 2112 animis,

990 2144 1044 2192 uter
1053 2141 1159 2192 εεοοιιθο
1170 2142 1224 2192 Ιοοο
1236 2143 1344 2204 tolleret,
1354 2143 1438 2192 neuter
1448 2143 1573 2206 acceperit
1583 2147 1678 2194 Uxores
1688 2147 1774 2194 ιιιιίευι

989 2237 1109 2287 duxerant
1119 2237 1273 2287 lllenudemns
1281 2240 1397 2299 matrem,
1410 2237 1484 2287 liliam
1498 2239 1660 2301 asclepiadem
1670 2253 1720 2302 qua
1732 2255 1774 2290 ex·

989 2331 1089 2392 utiocto,
1103 2329 1238 2380 Menedemi
1251 2332 1376 2393 coniugem
1394 2331 1433 2380 bic
1449 2330 1493 2380 sibi
1504 2331 1630 2394 adjunxit;
1645 2332 1685 2381 ille
1698 2345 1773 2394 νειυ,

988 2425 1038 2486 jam
1045 2424 1183 2486 reipublicae
1191 2425 1333 2486 preelectus,
1343 2423 1483 2488 opulentam
1490 2423 1568 2484 duxit,
1577 2425 1692 2486 perroissa
1699 2425 1774 2488 priori

991 2513 1061 2561 uxori
1083 2513 1118 2562 rei
1141 2512 1265 2562 familiaris
1284 2512 1497 2564 administratione.
1520 2518 1595 2564 Porro
1614 2517 1726 2565 convivia
1749 2519 1775 2566 in

990 2604 1055 2653 liunc
1069 2603 1169 2653 modum
1184 2605 1293 2654 iaciebat.
1314 2606 1383 2656 Prius
1391 2606 1441 2667 ipse
1459 2619 1515 2655 curn
1526 2606 1621 2656 duobus
1640 2609 1683 2656 eut
1696 2609 1778 2658 tribua

992 2695 1136 2756 prandebat,
1147 2695 1206 2744 dum
1221 2695 1304 2745 diesin
1317 2709 1441 2759 vesperam
1451 2699 1578 2760 uergeret:
1594 2700 1647 2746 tuna
1657 2711 1715 2748 νετο
1729 2713 1777 2748 νο-

991 2786 1191 2850 oabnlquispiam
1205 2788 1296 2850 eosqui
1311 2787 1472 2850 aduenerant,
1485 2794 1509 2840 el
1518 2789 1647 2852 ipsosjem
1656 2794 1777 2842 cenatos.

165 2866 346 2943 ἀνακάμπτων
360 2866 516 2924 ἐπυνθάνετο
522 2867 583 2922 πῶν
605 2865 735 2939 ἐξιόντων,
757 2864 783 2924 τί
806 2865 845 2935 εἴη
860 2889 949 2946 παρα·
991 2875 1101 2936 ltaquesi
1111 2876 1164 2937 quis
1175 2875 1369 2936 ciliusrenissot,
1389 2876 1576 2938 percontabatur
1587 2881 1705 2928 exeuntes
1716 2879 1779 2940 quid

165 2956 293 3028 inciperci,
308 2951 354 3012 καὶ
377 2976 433 3019 πως
447 2951 676 3032 ἔχοιτοῦχρόνου.
697 2954 730 3012 Et
744 2943 842 3029 μὲν
812 2953 948 3066 ουνλοίγα-
992 2965 1053 3012 esset
1069 2963 1203 3024 appositum
1221 2967 1313 3025 elqure
1328 2965 1389 3014 esset
1401 2963 1449 3013 diei
1464 2964 1533 3014 bora.
1547 2966 1577 3014 Et
1589 2965 1608 3014 si
1620 2966 1719 3028 quidem
1737 2969 1778 3017 nel

165 3063 208 3098 νον
222 3033 253 3112 ἦν
277 3040 294 3110 ἢ
319 3038 443 3119 τάριχον,
471 3038 636 3184 ἀνεγώρουν,
653 3043 676 3098 εἰ
698 3039 802 3118 δὲκρ’
774 3041 872 3113 εαθιον,
890 3045 946 3100 eiu·
992 3049 1129 3098 olusculum
1146 3049 1184 3098 vel
1200 3049 1370 3098 salsamentum
1389 3049 1512 3113 quippiam
1529 3051 1665 3114 audis,seul
1678 3053 1779 3104 recede-

165 3128 257 3206 ᾔεσαν.
279 3118 371 3186 '‘Ha‘’
347 3149 375 3184 οε
385 3150 430 3185 του
414 3125 533 3201 pluit
536 3149 592 3206 ρους
606 3127 697 3207 ψίαθος
710 3063 809 3184 dorp*
773 3150 825 3185 των
840 3084 945 3200 κλινῶν,
992 3137 1066 3198 banl;
1080 3151 1287 3198 acascomarcos,
1300 3137 1503 3200 ingrediebantur.
1517 3141 1779 3190 Lectulisaestatesto

165 3213 252 3274 τουδί
265 3217 394 3294 χειμῶνος
408 3214 512 3290 κώδιον,
524 3150 846 3326 ιίριςιιράλαιιιδ”αιιιι
863 3238 893 3295 pe
888 3215 948 3296 ’ρειν
992 3239 1059 3286 reas,
1070 3225 1149 3275 bieme
1163 3238 1292 3275 vervecum
1302 3225 1376 3288 pelles
1395 3227 1588 3288 superponebat;
1600 3227 1642 3277 sed
1661 3229 1781 3290 pulvinar

165 3300 227 3362 ἔδει.
242 3302 282 3362 Τό
302 3325 331 3360 τε
354 3300 541 3379 περιαγόμενον
563 3301 686 3381 ποτηριον
714 3304 743 3359 οὗ
764 3305 851 3377 μεῖζον
871 3325 947 3360 κοτο·
991 3313 1037 3362 srbr
1046 3325 1166 3376 quemque
1175 3313 1261 3364 allerre
1269 3313 1403 3376 oportebat
1419 3314 1537 3363 Poculum
1549 3317 1615 3376 quod
1627 3329 1780 3379 circumage

168 3387 267 3447 λιαίου·
261 3413 404 3469 τραγταα
417 3387 660 3479 θεραοςῆκυομος,
677 3389 769 3447 ἔστιδ’
784 3387 827 3447 ὅτε
838 3391 931 3446 καλ
897 3413 947 3447 των
992 3401 1072 3462 batur,
1086 3402 1166 3464 cotyla
1177 3415 1255 3463 majus
1271 3415 1320 3450 non
1332 3404 1391 3452 erat
1408 3405 1435 3451 ln
1456 3405 1562 3450 emunda
1582 3416 1664 3452 mensa
1679 3405 1781 3467 lupinus

165 3480 203 3554 ὁνρ
206 3501 250 3534 ιων
263 3477 337 3543 άπιος
352 3476 369 3546 ἢ
385 3476 564 3555 ῥοιδῆὄχναι
582 3475 856 3555 (1.ωχροι)θ,νὴΔι
872 3477 947 3556 tuqui·
991 3489 1119 3548 sirelaba,
1139 3503 1312 3552 nonuunquam
1329 3503 1359 3539 ex
1376 3489 1571 3552 lruclibuspira,
1590 3491 1653 3539 mala
1673 3493 1779 3554 punica,

166 3500 214 3628 δερς.
231 3565 336 3644 Λοκόρρ
337 3586 373 3621 ων
388 3564 415 3621 δὲ
426 3562 569 3642 γράψας’
540 3585 620 3622 curun
604 3564 772 3641 ἐγκώμιον,
784 3564 845 3641 περὶ
854 3564 946 3622 τούτου
991 3577 1078 3636 cicera,
1087 3591 1137 3626 sive
1144 3577 1264 3626 mehercle
1271 3577 1414 3639 lieuspessae
1425 3577 1616 3640 apponebantur.
1623 3579 1780 3644 lycophron,

167 3650 254 3729 φησίν·

229 3815 272 3871 Ὧς
281 3814 308 3863 ia
318 3813 427 3877 βραχείας
436 3814 537 3872 δαιτδςή
548 3813 604 3877 βαιὰ
615 3814 679 3870 κύλιξ

230 3887 308 3940 αὐτοῖς
317 3887 436 3934 κυκλεῖται
448 3885 503 3948 πρὸς
513 3886 606 3948 μέτρον,
615 3885 724 3948 τράγημα
735 3885 759 3934 δὲ

227 3958 241 4004 θ
250 3955 410 4019 σωφρονιστὴς
422 3961 468 4010 τοῖς
478 3955 594 4018 φιληκόοις
603 3955 679 4016 λόγος.

991 3677 1032 3726 qur
1027 3665 1105 3714 ιΙΙιοε
1111 3677 1249 3713 encomium
1258 3664 1406 3727 conscripsit,
1418 3664 1449 3713 de
1459 3677 1488 3713 co
1497 3665 1571 3714 sicaii
1582 3683 1587 3711 :

1045 3819 1212 3865 meslebren
1222 3820 1314 3876 prolum
1321 3819 1444 3864 admodum
1452 3819 1508 3864 calin

1046 3889 1069 3932 lo
1076 3889 1155 3934 orbem
1163 3889 1306 3940 obambulat,
1316 3891 1467 3942 tragematnm
1475 3885 1546 3933 cliiclt

1046 3959 1227 4006 vimmerualoa
1233 3969 1367 4004 sermonum
1375 3957 1503 4013 sodalibus(
1513 3959 1561 4003 ltu.
1574 3959 1613 4002 lau
1624 3960 1640 4012 l.

166 4101 266 4162 Τοῦτόν
280 4125 344 4182 punc
358 4103 489 4182 τυράννων
503 4101 629 4172 πολλάκις
641 4106 812 4184 ἐλευθερῶσαι
830 4103 876 4175 τὴν
896 4093 961 4162 τια·λ
993 4108 1065 4158 Aiunt
1074 4108 1142 4158 illum
1156 4107 1258 4170 patriam
1269 4120 1284 4156 a
1294 4107 1402 4170 tyrannis
1416 4120 1464 4157 non
1480 4109 1553 4158 semel
1571 4107 1701 4168 liberasse,
1713 4111 1738 4158 el
1748 4110 1782 4157 ad

166 4189 253 4269 τρίδα·
266 4199 357 4270 φοιτᾶν
370 4197 432 4269 γοῦν
448 4191 492 4250 καὶ
505 4191 568 4272 πρὸς
581 4192 735 4266 Ἀντίγονον,
749 4191 794 4250 καὶ
809 4192 947 4272 βούλεσθαι
992 4197 1137 4258 anligonum
1147 4209 1174 4246 so
1183 4196 1328 4256 contulisse,
1341 4196 1492 4258 voluisseque
1501 4196 1567 4245 illam
1579 4195 1667 4245 ilerum
1677 4195 1783 4246 reddere
1813 4223 1821 4236 ·

167 4279 338 4357 ἐλευθερῶσαι
361 4277 440 4336 πάλιν
463 4278 553 4350 αὐτήν·
576 4285 622 4338 τοῦ
645 4280 673 4338 δὲ
698 4277 735 4357 μὴ
759 4279 885 4354 εἴκοντος,
906 4281 947 4338 ἐπ’
992 4283 1106 4345 libemm;
1128 4283 1169 4334 sed
1191 4297 1266 4347 quum
1286 4283 1327 4333 ille
1356 4283 1420 4334 llecti
1444 4297 1492 4333 non
1513 4285 1607 4346 posset,
1632 4297 1682 4345 proe
1703 4285 1783 4332 uoiroi

167 4364 279 4442 ἀθυμίας
303 4365 466 4438 ἀσιτήσαντα
492 4364 558 4423 ἑπτὰ
581 4371 687 4446 ἡμερῶν
706 4367 750 4424 τὸν
772 4367 827 4445 βίον
850 4369 948 4443 μεταλ·
993 4385 1109 4434 moerore,
1127 4374 1256 4434 postquem
1277 4373 1368 4434 septem
1384 4373 1435 4422 dies
1451 4371 1555 4421 inediam
1574 4372 1783 4432 tolerasset,rila

166 4453 253 4522 λάξαι.
991 4460 1215 4522 exmssisselllu).

208 4558 245 4598 aa.
269 4537 436 4606 Μέλισσος
457 4539 529 4620 ἔλεγε
550 4539 579 4600 τθ
600 4548 653 4598 πᾶν
672 4539 777 4620 ἀπειρον
801 4531 881 4612 εἶναι,
897 4540 947 4612 καί
1023 4547 1194 4598 leontiscus
1209 4546 1306 4596 dicebat
1320 4546 1482 4596 universitatis
1493 4545 1782 4608 corpuscsseinirnitom

170 4627 343 4686 ἀναλλοίωτον
361 4625 406 4684 καὶ
427 4626 547 4697 ἀκίνητον
567 4625 612 4684 καὶ
636 4625 662 4684 ἓν
685 4626 773 4703 ὅμοιον
797 4631 882 4710 ἑαυτῷ
903 4629 947 4687 καί
992 4649 1021 4686 uc
1039 4634 1180 4684 mutationis
1191 4637 1319 4696 motusque
1331 4647 1428 4696 expers,
1441 4637 1466 4683 el
1477 4647 1553 4682 uuum
1572 4633 1618 4682 sibl
1636 4632 1680 4694 ipsi
1698 4633 1783 4683 simile

168 4715 283 4794 πλῆρες,
298 4715 399 4787 κίνησίν
414 4739 441 4773 τε
454 4714 491 4792 μὴ
503 4707 582 4788 εἶναι,
594 4716 677 4773 δοκεῖν
692 4715 720 4774 δὲ
733 4706 809 4776 εἶναι.
822 4716 875 4776 Καὶ
888 4717 947 4796 περλ
992 4737 1020 4774 ac
1029 4723 1126 4784 plenum
1137 4724 1246 4770 :motum
1258 4735 1307 4770 oon
1316 4735 1381 4780 esse,
1393 4721 1435 4770 scd
1450 4721 1534 4770 videri.
1546 4724 1581 4770 De
1592 4719 1637 4770 deo
1647 4720 1707 4768 nillil
1726 4733 1783 4770 esse

168 4803 231 4858 θεῶν
244 4799 317 4880 ἔλεγε
329 4803 366 4879 μὴ
378 4803 429 4862 δεῖν
439 4801 640 4882 ἀποφαίνεσθαι,
660 4800 697 4880 μὴ
716 4800 765 4884 γὰρ
779 4795 843 4862 εἶναι
853 4807 947 4882 γνῶσιν
992 4813 1059 4862 certo
1067 4809 1223 4859 statuendum
1236 4811 1261 4859 ei
1271 4807 1456 4858 asseverandum
1468 4809 1595 4870 censebat;
1607 4808 1701 4858 nullam
1712 4807 1782 4856 enirn

169 4890 263 4950 αὐτῶν.
992 4898 1043 4961 ejus
1054 4911 1104 4948 esse
1114 4897 1273 4961 cognitionem
1286 4899 1330 4959 (l).
1342 4898 1384 4958 lx,
1393 4900 1421 4946 ll
1431 4896 1449 4956 ).
