3868 5728
787 373 1037 434 FRAGMENTA.
1670 385 1706 434 tit

110 507 164 566 σίον
187 505 324 580 Ἐδήκωνι
344 507 532 584 δοθησόμενον,
556 509 593 585 τῷ
615 505 731 586 σφετέρῳ
753 503 888 585 περιθέντα
932 525 961 560 τε
971 500 1015 561 καί
1026 500 1140 572 σπουδήν
1153 500 1559 581 συνειοφερόντων,έδόκειπαρδι
1569 502 1713 572 τδνἊτττζ-

109 595 237 676 τραχήλῳ
251 597 336 653 έλθεῑν
355 619 383 652 τε
396 594 468 674 παρδι
490 594 614 673 βασιλέα,
633 594 678 651 καί
699 595 769 674 αὐτῷ
791 593 889 650 έπιδιί-
934 591 982 647 λαν
997 588 1184 668 πρεσόεύεσθαι
1196 587 1394 647 Ἀνατολιονκαί
1406 590 1507 665 Νόμαν,
1519 589 1619 665 τὸνμὲν
1632 590 1705 649 Ἀνα-

111 681 191 748 ξαντα
211 683 259 740 καί
276 686 315 760 τῷ
331 681 445 761 εὐνούχῳ
465 683 595 758 ἀνερωτᾶν
614 679 665 757 εἴγε
684 681 748 737 αὐτδ
768 679 888 750 interad—
933 676 1017 734 τόλιον
1032 679 1083 733 τῶν
1098 675 1165 756 ἀμφί
1180 675 1289 753 βασιλέα
1304 674 1417 754 ἄρχοντα
1430 678 1511 734 τελιῦν
1527 676 1571 733 καί
1585 676 1631 744 τίις
1643 700 1707 734 συν-

110 782 213 837 σκοιεν;
229 761 273 818 τὸν
288 761 316 818 δέ
333 759 439 820 ἸΙσλαν
460 757 545 836 λέγειν
566 757 618 816 όπδ
640 757 784 834 στόματος,
800 751 829 819 εὐ
843 757 890 834 μέν
935 763 1017 832 θήκας
1031 766 1077 834 τῆς
1099 762 1196 820 ἐκείνου
1211 761 1313 839 εἰρήνης
1332 765 1503 841 προθέμενον,
1522 763 1565 820 τὸν
1579 763 1607 821 δὲ
1621 764 1708 840 Νόμαν

109 848 245 925 γεγονότος
259 837 327 904 εἶναι
339 847 437 925 πατρὸς
447 845 489 904 τὸν
501 845 641 907 θεοδότων
655 846 752 918 παῖδα,
766 841 794 903 εὐ
807 848 834 904 δέ
845 845 890 904 καί
934 850 981 919 την
990 854 1034 906 τοῦ
1042 849 1184 925 μαγίστρου
1195 847 1274 923 τιμὴν
1283 848 1450 928 (ἀρχὴνιιιρο
1461 850 1586 926 Hoescb.)
1597 851 1708 930 ἄρξαντα

111 936 190 992 αὐτόν
203 935 287 1014 φύντα
299 933 398 992 καὶτὸν
408 931 508 1012 πατέρα
520 933 695 1010 Μουνδίουχον
709 932 890 1008 διαδεξάμενον
934 937 979 995 καί
993 939 1019 993 έν
1033 936 1086 1001 τοῖς
1104 935 1250 1014 πατρικίοις
1265 935 1312 994 οὐν
1332 935 1423 1014 ἐκείνῳ
1441 937 1664 1013 καταλεγόμενον,
1686 937 1710 995 οἳ

110 1021 269 1098 διαφυλάξαι
291 1021 339 1091 τὴν
362 1019 507 1096 εὐγένειαν·
528 1018 625 1088 ταύτης
645 1019 672 1077 δέ
686 1019 730 1077 τὸν
751 1021 890 1080 Θεοδόσιον
935 1022 967 1092 δὴ
989 1020 1034 1086 τδις
1049 1021 1131 1100 όρχδις
1151 1021 1331 1092 ἀναόεόήκασι
1351 1024 1448 1088 πάσας.
1475 1023 1661 1098 Συνεπέμπετο
1682 1023 1709 1081 δέ

111 1108 302 1167 ἐκπεπτωκότα
315 1109 442 1166 δουλεύειν
456 1109 526 1164 αὐτῶ
539 1107 585 1176 τήν
595 1112 640 1164 τοῦ
655 1107 733 1185 φόρου
748 1106 890 1184 ἀπαγωγήν
935 1107 1075 1186 Ἀνατολίῳ
1100 1107 1187 1182 Νόμος
1210 1111 1239 1165 οὐ
1262 1107 1304 1166 id
1327 1107 1432 1184 μέγεθος
1455 1113 1503 1178 τῆς
1516 1107 1597 1188 τύχης
1614 1113 1707 1185 μόνον,

110 1195 299 1272 ὑφιστάμενον.
317 1197 358 1254 Οὐ
374 1196 472 1252 δίκαιον
484 1217 528 1252 ουν
541 1201 609 1250 ποιεῖ
625 1197 662 1272 τῷ
678 1193 789 1271 βελτίονι
802 1195 848 1251 καὶ
863 1193 891 1252 θν
935 1193 1002 1252 diii
1023 1193 1118 1260 ὑιςκαλ
1132 1198 1170 1274 τῷ
1193 1194 1336 1273 Χρυσαφίῳ
1352 1197 1437 1260 εὑνους
1456 1191 1492 1252 ὢν
1512 1197 1557 1253 καί
1576 1197 1709 1277 φιλοτιμίᾳ

112 1285 184 1360 αὐτῷ
197 1288 215 1352 ἡ
230 1281 299 1360 τύχη
313 1281 442 1350 δεσπότην
459 1279 598 1351 ἀνέδειξεν,
618 1283 652 1345 ὡς
664 1281 776 1359 πονηρὸς
790 1281 890 1350 οἰκέτης
935 1287 979 1338 τοῦ
998 1281 1130 1360 βαρόάρου
1144 1281 1339 1356 περιεσόμενος·
1354 1281 1394 1339 ότι
1409 1281 1459 1360 γύρ
1476 1282 1592 1358 μάλιστα
1610 1288 1710 1359 προσῆν

111 1367 250 1448 λαθριδίοις
263 1367 450 1442 ἐπιτιθέμενος.
465 1369 505 1426 Οὐ
521 1364 609 1425 λύσειν
624 1358 667 1424 οὐν
682 1365 729 1437 τὴν
744 1367 827 1425 αἰτίαν
843 1366 891 1446 ἔφη
937 1369 1008 1447 αὐτῷ
1019 1369 1048 1426 τὸ
1063 1366 1100 1444 μὴ
1117 1367 1248 1448 φείδεσθαι
1262 1367 1421 1447 χρημάτων,
1435 1368 1464 1426 τθ
1482 1369 1565 1448 παρὸν
1588 1371 1711 1427 διαθεῖναι

112 1459 163 1512 τῶν
183 1457 209 1520 ές
226 1455 307 1513 αὐτὸν
328 1452 537 1530 ἡμαρτημένων,
559 1455 581 1510 εἶ
602 1453 639 1529 μή
658 1475 687 1530 γε
708 1453 752 1511 τὸν
772 1456 892 1532 εὐνοῦχον
937 1455 1120 1514 ἐσπουδακότι.
1139 1455 1191 1514 Καί
1205 1447 1275 1512 οὑτοι
1297 1455 1343 1531 μὲν
1356 1453 1507 1513 ἐστέλλοντο
1525 1455 1568 1512 τὸν
1585 1455 1710 1526 Ἀττήλαν

112 1540 244 1620 ἐκπέμψαι
258 1541 323 1620 πρὸς
343 1541 465 1599 κόλασιν.
485 1538 539 1600 tid
552 1531 620 1598 οὑτοι
637 1539 684 1614 μέν
704 1539 748 1597 tat
762 1541 847 1598 τοῖσδε
868 1541 893 1606 ές
936 1541 1076 1610 ἀπάξοντες
1087 1547 1133 1612 τῆς
1152 1544 1230 1621 ὀργῆς
1244 1543 1289 1600 καὶ
1302 1541 1349 1612 τλν
1365 1542 1468 1621 εἰρήνην
1483 1543 1525 1601 ἐπὶ
1543 1552 1600 1610 ταῖς
1614 1545 1709 1602 συντά·

111 1627 159 1698 τὴν
171 1627 374 1688 Κωνσταντίνου
384 1625 568 1706 παρεγένοντο·
580 1627 722 1705 συνηνέχθη
733 1626 760 1685 δέ
770 1626 813 1685 τὸν
824 1630 892 1704 Χρυ·
936 1627 988 1695 ξεσι
1001 1629 1182 1708 διαφυλάττειν
1199 1628 1349 1704 πείσοντες,
1367 1629 1483 1696 λέξοντες
1497 1630 1524 1687 δὲ
1538 1631 1597 1701 καὶ,
1617 1635 1653 1697 ὡς
1672 1635 1710 1710 τῷ

112 1715 206 1794 σείριον
220 1714 378 1782 ἐξαιτεῖσθαι
392 1715 437 1770 καί
451 1711 523 1792 παρὰ
542 1711 668 1782 Ζήνωνος.
685 1711 831 1790 Μαξιμίνον
843 1713 893 1794 γδιρ
939 1717 1114 1794 Κωνσταντίῳ
1127 1715 1366 1792 κατεγγυηθήσεται
1379 1715 1443 1792 γυνὴ
1458 1719 1487 1773 οὐ
1501 1719 1580 1792 μείων
1594 1723 1640 1788 τῆς
1654 1721 1708 1777 Σα·

112 1800 246 1878 εἰρηκέναι
257 1801 302 1859 τὸν
316 1801 443 1872 ’λττήλαν
456 1799 661 1876 δπαγγειλαντος
671 1805 768 1878 χρῆναι
781 1801 893 1878 βασιλέα
935 1803 1051 1880 τορνίλου
1064 1802 1131 1880 γένει
1138 1825 1166 1860 τε
1179 1803 1223 1860 καί
1232 1801 1383 1881 περιουσίᾳ·
1396 1803 1496 1873 ἐκείνην
1507 1803 1556 1882 γὰρ
1568 1802 1605 1880 μὴ
1618 1805 1709 1878 βεόου·

112 1891 231 1964 πληροῦν
246 1884 295 1956 τὴν
309 1885 469 1964 ὑπόσχεσιν,
489 1887 586 1965 καὶτῷ
603 1887 777 1966 Κωνσταντίῳ
788 1886 834 1957 τήν
848 1911 894 1964 γυ·
937 1891 1050 1962 λῆσθαι,
1064 1889 1122 1947 ἀλλ’
1136 1888 1215 1968 έτέρῳ
1227 1889 1296 1947 κατίτ
1310 1889 1387 1964 νόμον
1401 1889 1549 1966 γήμασθαι·
1562 1893 1590 1948 οὐ
1604 1891 1655 1970 γδιρ
1670 1891 1711 1948 θέ-

112 1981 190 2030 ναίκα
207 1973 324 2042 διδόναι,
346 1972 380 2042 ἣν
398 1974 518 2047 οὐδαμῶς
531 1971 604 2052 παρὰ
619 1973 666 2041 τὴν
687 1973 784 2033 ἐκείνου
799 1974 894 2051 βουλὴν
938 1999 980 2050 μις
1002 1975 1077 2054 παρὰ
1098 1975 1241 2050 Ῥωμαίοις
1261 1976 1374 2034 άκουσαν
1395 1985 1505 2050 γυναῖκα
1520 1982 1711 2054 κατεγγυᾶσθαι

113 2059 193 2138 ίτέρῳ
203 2062 415 2134 κατεγγυηθῆναι
425 2049 508 2115 οἷόντε
523 2051 554 2130 ἦν
566 2049 645 2134 (εἶναι
656 2059 718 2136 Β.)·
731 2057 894 2140 ἢγδιρὺτολ·
938 2061 1020 2142 ἀνδρί.
1040 2061 1164 2134 Ἔπεμπε
1179 2061 1206 2120 δὲ
1222 2063 1266 2120 καί
1285 2065 1299 2120 ὑ
1317 2065 1435 2140 εὐνοῦχος
1451 2066 1488 2140 τῷ
1506 2062 1631 2142 βαρύάρῳ
1645 2086 1711 2141 χρυ-

114 2147 202 2220 μήαας
228 2145 367 2204 ἐκδεδόνκει
392 2147 529 2221 (ἐκδοῦναι
553 2145 649 2204 διίισειί
670 2149 779 2224 beka.)
806 2147 893 2219 δίκας,
938 2147 1087 2221 οέον,ύιστε
1102 2149 1178 2208 αὐτὸν
1194 2148 1358 2227 μειλιχθίντα
1370 2151 1521 2228 ἀπαχθῆναι
1536 2155 1580 2207 τοῦ
1594 2155 1687 2227 θυμοῦ.

113 2232 252 2302 ἦτοιαῦτα
265 2231 298 2290 rb
310 2232 437 2310 βασιλέως
447 2231 516 2289 ἐστίν
524 2277 532 2304 ,
541 2229 609 2290 ὥστε
622 2234 688 2310 μηδὲ
699 2239 750 2292 τῶν
763 2235 894 2313 σφετέρων

114 2321 219 2396 κρατεῖν
241 2321 365 2392 οἰκετῶν,
379 2319 441 2377 καθ’
455 2309 490 2376 ὧν
509 2319 675 2398 συμμαχίαν,
695 2319 747 2396 είγε
765 2319 895 2396 βούλοιτο,

115 2406 216 2480 ἕτοιμον
231 2395 299 2464 εἶναι
318 2413 474 2484 παρασχεῖν.
487 2405 603 2483 Ἐδήχθη
617 2429 645 2464 τε
667 2411 681 2464 ὑ
695 2407 833 2474 Θεοδόσιος
850 2407 894 2466 τδν

115 2495 214 2571 θυμὸν,
229 2494 277 2552 καὶ
291 2493 419 2568 δημοσίαν
431 2497 477 2563 τῆς
488 2494 565 2573 κόρης
579 2494 668 2552 οὐσίαν
681 2503 758 2554 ποιεῖ.

282 2637 328 2692 ι3.
348 2635 432 2710 (449.
450 2636 591 2692 Theodos.
608 2656 654 2692 an.
671 2639 737 2712 ta.)

156 2781 224 2832 Exc.
242 2779 287 2832 De
300 2778 356 2851 leg.
372 2780 458 2832 Rom.
474 2795 505 2851 p.
523 2796 570 2847 71.
590 2793 646 2848 7²²
664 2771 729 2834 Ὅτι
743 2776 785 2831 ὑπ’
808 2780 895 2855 ἀμφο-

115 2861 209 2940 τέραιν,
226 2859 348 2930 Ἀττήλα
363 2883 391 2917 τε
410 2861 455 2918 καί
471 2860 605 2933 Ζήνωνος,
621 2860 771 2936 αἰτούμενος
787 2863 801 2918 ὑ
822 2863 894 2940 Χρυ·

120 2951 210 3026 σόφιος
222 2951 250 3006 έν
265 2949 363 3026 όγωνίφ
376 2949 540 3020 καθεστήκει.
554 2948 666 3008 Πάντων
676 2949 703 3005 δέ
717 2951 787 3026 αὐτῷ
797 2947 895 3006 εὔνοιάν

118 3117 221 3164 Edetani
231 3114 341 3175 daretur,
351 3114 495 3175 conjecerat,
504 3115 565 3162 mtto
575 3115 694 3175 imposita,
706 3113 730 3160 in
740 3116 894 3174 conspectum

116 3193 269 3254 imperatoris
292 3193 375 3240 venire
399 3195 473 3254 atque
492 3193 630 3240 eunucbum
657 3193 817 3252 interrogare,
837 3205 895 3240 anm

116 3269 176 3318 trane
188 3281 333 3318 crumenam
342 3273 438 3328 nossct3
451 3267 536 3316 deinde
547 3268 624 3317 Estam
634 3268 687 3316 baec
697 3269 770 3316 rerba
781 3269 895 3329 proferre,

117 3347 278 3394 Theodosium
288 3343 386 3406 quidem
397 3345 454 3392 atari
465 3345 537 3405 patris
548 3348 572 3394 et
582 3345 667 3393 nobitis
676 3357 725 3393 esse
735 3345 824 3403 sitium,
837 3346 897 3394 atti·

117 3421 164 3470 iam
174 3435 276 3484 quoque
293 3421 381 3469 nobitis
392 3421 496 3482 parentis
508 3433 558 3470 esse
575 3421 688 3482 stirpem,
705 3423 729 3468 et
742 3423 831 3482 patrem
846 3421 898 3482 ejus

119 3499 294 3548 ttondiucbum
304 3501 427 3560 ameptam
441 3501 531 3559 epatre
545 3497 693 3546 nobilitatem
707 3498 822 3558 integram
837 3511 895 3545 oon·

120 3589 232 3624 εετνκεεε.
246 3575 294 3624 sed
308 3575 469 3623 Theodosium
488 3573 576 3623 tradita
587 3587 600 3621 a
613 3577 680 3636 patre
700 3574 824 3622 nobititate
835 3575 898 3622 erci-

120 3653 188 3712 dise,
195 3653 263 3714 qnod
273 3653 393 3701 tributum
400 3653 445 3701 sibi
456 3653 580 3714 pendendo
587 3666 644 3702 suus
650 3665 734 3702 servm
742 3657 803 3702 esset
813 3653 897 3702 tactus.

122 3735 172 3780 non
186 3731 260 3790 igitur
270 3729 362 3790 iustam
375 3743 425 3777 rem
436 3730 513 3778 tacere
521 3742 592 3788 eum,
603 3729 645 3791 qui
657 3729 815 3791 praestantiori
827 3732 852 3778 et
863 3729 898 3788 ei,

122 3821 193 3866 quern
206 3807 305 3854 torinna
315 3804 439 3853 dominum
451 3807 494 3865 ipsi
511 3805 615 3866 dederit,
634 3809 749 3866 tanquam
762 3817 845 3854 servus
856 3806 898 3852 tm·

121 3883 210 3944 probus
221 3881 384 3930 clandestinas
393 3881 488 3929 insidias
495 3884 569 3943 paret.
581 3886 663 3944 Neque
671 3883 770 3944 seprius
778 3881 898 3930 criminari

123 3959 191 4007 ittam
200 3972 229 4008 ου
237 3957 495 4016 nominedesummm,
502 3971 575 4018 quara
585 3959 710 4008 eunuchus
719 3958 897 4022 adsuppticium

121 4035 151 4082 ait
161 4035 276 4084 traditus.
289 4037 370 4096 arque
383 4030 406 4082 bi
424 4034 521 4095 quidem
533 4041 589 4082 oum
605 4033 642 4083 bia
653 4035 770 4083 mandatis
782 4038 899 4085 constan-

121 4112 248 4172 tinapolim
266 4113 436 4172 pervenerunt.
449 4111 540 4160 Eoderb
551 4123 647 4172 quoque
656 4113 763 4171 tempore
772 4109 863 4160 'accidit
874 4114 901 4160 ut

121 4188 310 4250 Ctrrysapbiusa
322 4183 417 4235 Zmarre
424 4185 456 4236 ad
468 4189 562 4247 ponam
572 4185 747 4248 deposceretur.
757 4187 901 4237 Maximinus

121 4265 185 4314 enim
198 4264 393 4323 renuntiaverat,
406 4263 504 4313 Attitam
519 4263 612 4321 dicere,
633 4261 717 4311 decere
733 4263 900 4325 imperatorem

122 4343 245 4406 promissis
262 4343 336 4402 stare,
348 4345 374 4392 ct
393 4342 534 4390 Constantio
548 4353 658 4402 uxorem,
671 4352 744 4402 mrem
758 4342 901 4402 promiserit,

123 4424 196 4482 darm
219 4421 284 4470 bane
300 4422 380 4482 euim,
399 4420 474 4468 inrito
494 4419 652 4480 imperatore,
671 4419 760 4468 nemini
779 4419 813 4468 tas
832 4417 902 4469 iniisse

122 4499 279 4562 desponderi:
291 4502 335 4548 aut
344 4499 409 4547 enim
418 4511 484 4556 enm,
493 4497 536 4558 qui
545 4500 708 4545 contraausns
718 4493 809 4556 inisset,
821 4509 902 4557 penas

124 4575 237 4624 daturum
253 4577 338 4634 titisse,
350 4577 394 4623 aui
406 4587 435 4622 οο
449 4573 597 4634 imperatoris
614 4585 653 4622 res
666 4572 780 4622 deductas
795 4585 859 4634 essa,
875 4577 902 4622 nt

125 4665 246 4701 pererras
266 4650 364 4712 quidem
373 4663 431 4700 suos
448 4663 557 4698 mersere
578 4650 670 4710 posset,
690 4650 864 4711 contraquam,
882 4650 902 4698 si

126 4731 243 4788 rettet,se
253 4729 372 4777 auritium
383 4729 443 4778 terre
453 4731 562 4789 paratum
574 4740 632 4776 esse.
642 4726 688 4776 sad
699 4726 844 4776 Theodosius
854 4727 901 4774 im-

125 4808 236 4856 cundiam
250 4814 320 4856 suam
332 4807 412 4868 patara
429 4806 517 4855 iaciens
531 4805 594 4854 bona
603 4803 689 4868 puellae
699 4805 722 4853 iu
734 4803 856 4868 pubiicum
869 4818 901 4854 re·

125 4883 194 4946 degit.

493 4965 536 5017 ta.

160 5047 221 5094 ttinc
235 5045 333 5106 attilas,
346 5045 413 5094 ittiuc
430 5047 493 5094 ann
505 5044 678 5106 chrysaphium
688 5043 717 5092 ad
728 5055 821 5105 pronam
833 5043 903 5105 depo

127 5123 232 5172 aebeat.
247 5125 364 5172 omnium
373 5125 455 5171 autem
463 5121 486 5170 in
496 5134 551 5171 eum
560 5121 646 5170 animis
652 5123 677 5170 et
683 5121 768 5172 studiis
777 5122 903 5183 inclinatis,

233 5219 375 5254 militm
389 5217 482 5255 tinto&
497 5219 538 5254 GR·
552 5231 576 5240 -
586 5217 640 5254 θθὺ.
658 5217 690 5252 tn.

1099 2305 1145 2364 rt.
1165 2297 1248 2374 (449.
1265 2297 1405 2354 Theodos.
1422 2315 1468 2353 an.
1489 2297 1553 2372 ta.)

977 2437 1088 2493 Ibidem
1101 2457 1132 2512 p.
1152 2455 1186 2508 7²
1207 2458 1214 2492 ι
1237 2433 1302 2494 Ὀτι
1323 2437 1347 2493 οἳ
1362 2435 1429 2516 ἀμφὶ
1445 2435 1488 2494 τδν
1503 2433 1647 2494 Ἄνατόλιον
1668 2435 1713 2493 καὶ

941 2521 1029 2598 Νόμον
1041 2522 1086 2580 τὸν
1103 2523 1204 2602 Ἰστρον
1221 2522 1406 2598 περαιωθέντες
1419 2522 1494 2600 άχρις
1508 2527 1553 2580 τοῦ
1565 2521 1713 2602 Δρέγκωνος

940 2610 1078 2687 λεγομένου
1099 2617 1218 2686 ποταμοῦ
1235 2613 1259 2675 ές
1270 2609 1318 2680 τήν
1335 2611 1466 2680 Σκυθικήν
1487 2610 1624 2682 διέόησαν·
1646 2611 1713 2668 αἰδοῖ

942 2700 992 2776 γδιρ
1004 2701 1055 2754 τῶν
1068 2697 1166 2775 άνδριῦν
1179 2701 1192 2755 ὑ
1205 2695 1343 2767 ’λττήλαη
1353 2695 1420 2754 ὥστε
1432 2695 1473 2772 μή
1482 2699 1518 2775 τῷ
1530 2701 1576 2766 τῆς
1585 2697 1644 2754 ὑδοῦ
1656 2699 1712 2754 έπε-

941 2775 1073 2854 τρίόεσθαι
1083 2774 1256 2848 διαστήματι,
1268 2778 1293 2832 ἐν
1305 2775 1394 2854 έκείνῳ
1403 2778 1440 2854 τῷ
1449 2775 1538 2854 χωρίῳ
1549 2776 1611 2854 πρὸς
1621 2773 1714 2838 αὐτοὺς

941 2861 1083 2931 ἐποιήσατο
1095 2860 1215 2929 ἔντευξιν.
1234 2861 1287 2921 Καὶ
1302 2865 1404 2940 πρῶτον
1417 2861 1464 2937 μὲν
1477 2859 1645 2940 ὑπερηφάνοις
1657 2863 1714 2919 δια-

941 2950 1040 3026 λεχθείς
1050 2949 1153 3026 ὑπήχθη
1165 2952 1203 3028 τῷ
1213 2948 1306 3018 πλήθει
1316 2953 1367 3006 τῶν
1376 2948 1464 3027 δώρων
1472 2995 1479 3021 ,
1487 2949 1532 3006 καί
1540 2949 1624 3023 λόγοις
1633 2971 1713 3026 προσ-

939 3113 1018 3160 risum
1028 3115 1099 3162 estad
1109 3113 1204 3163 attilam
1213 3113 1301 3174 legatos
1309 3113 1402 3161 mittere
1412 3114 1546 3161 anatolium
1555 3115 1580 3161 et
1591 3116 1694 3162 Nonium
1707 3127 1712 3158 :

940 3192 1080 3240 Anatolium
1100 3191 1197 3252 qrrirtem
1221 3191 1359 3250 magistrum
1380 3189 1483 3238 miiitum
1501 3190 1678 3251 praesumem,
1691 3193 1716 3236 et

940 3269 981 3331 qrri
993 3270 1057 3331 pacis
1068 3282 1123 3316 cum
1133 3269 1234 3317 barbaro
1252 3269 1316 3316 initae
1330 3266 1477 3316 conditiones
1488 3262 1655 3328 proposrrcrai;
1667 3268 1714 3314 tto·

940 3359 1007 3393 mam
1020 3359 1076 3393 vero
1093 3345 1197 3404 magistri
1209 3343 1346 3404 dignitatem
1362 3346 1496 3404 gerentem,
1509 3344 1533 3391 et
1545 3343 1569 3390 in
1586 3355 1714 3390 numerum

941 3424 1093 3485 patriciorum
1105 3435 1153 3472 una
1165 3435 1220 3470 enm
1233 3422 1341 3472 anatolio
1355 3422 1550 3480 attentumque
1566 3419 1666 3480 dignitas
1675 3433 1715 3467 ce.-

942 3501 996 3550 teris
1007 3501 1117 3550 omnibus
1126 3499 1254 3548 antemttit.
1267 3493 1351 3548 Missus
1360 3511 1417 3546 vero
1432 3499 1468 3546 est
1477 3509 1532 3545 cnm
1545 3497 1653 3545 anatolio
1666 3499 1714 3545 tto·

942 3591 996 3627 mus
1007 3591 1054 3626 nen
1067 3578 1145 3626 sotum
1158 3580 1254 3638 propter
1270 3577 1372 3624 tortrmae
1383 3573 1578 3635 amptitudinem,
1590 3573 1630 3622 sed
1643 3573 1715 3620 etiam

942 3655 997 3715 qrria
1013 3657 1064 3702 erat
1080 3653 1195 3702 benevolo
1206 3653 1230 3700 iu
1245 3650 1419 3713 Cbrysapbium
1431 3650 1527 3708 animo,
1541 3651 1565 3698 et
1577 3649 1716 3697 liberalitate

942 3743 985 3778 sua
1003 3730 1130 3778 barbarum
1148 3729 1291 3778 subactums
1306 3731 1379 3786 esset,
1392 3729 1417 3774 et
1430 3726 1571 3774 auctoritate
1588 3727 1716 3786 ptnrimum

943 3809 1046 3857 valebat.
1056 3812 1115 3858 iiam
1122 3809 1141 3854 si
1151 3807 1208 3868 quid
1218 3805 1386 3868 perficiendum
1397 3805 1440 3853 sibi
1448 3806 1610 3865 proposuerat,
1620 3803 1717 3850 minime

944 3885 1048 3946 pecuniis
1058 3884 1177 3946 parcebat.
1187 3885 1218 3932 ut
1227 3882 1261 3930 itti
1269 3881 1366 3944 quidem
1382 3881 1546 3940 mittebantur,
1559 3893 1607 3942 qno
1619 3879 1716 3929 Attitanr

943 3961 974 4010 ab
986 3962 1021 4009 ira
1031 3962 1181 4010 dimoverent
1190 3962 1214 4008 et
1225 3959 1288 4020 pacis
1302 3956 1448 4006 conditiones
1457 3956 1583 4004 observare
1592 3955 1717 4016 persuade·

943 4041 1012 4098 rent,
1022 4037 1083 4087 ittud
1093 4049 1190 4098 quoqne
1206 4034 1307 4094 dicturi,
1320 4032 1460 4082 constantio
1478 4035 1580 4093 nuptum
1593 4032 1677 4082 datum
1691 4033 1718 4079 iri

944 4116 1047 4177 puettam
1058 4115 1155 4164 minime
1165 4112 1283 4162 saturnini
1294 4111 1348 4159 sitim
1355 4123 1440 4171 genere
1449 4111 1473 4158 et
1479 4110 1564 4171 opibus
1573 4110 1717 4158 interiorem.

944 4196 1011 4244 ittam
1030 4195 1094 4242 enim
1110 4191 1208 4241 rninime
1220 4194 1314 4250 gratum
1327 4187 1463 4248 trnjusnrodi
1479 4189 1658 4237 matrimonium
1675 4189 1718 4235 ba·

944 4271 1023 4320 buisse
1034 4285 1040 4317 :
1053 4269 1133 4330 itaque
1145 4267 1277 4317 seeundum
1289 4266 1365 4326 tegcm
1383 4262 1450 4313 atteri
1467 4265 1581 4325 nupsisse.
1593 4267 1641 4312 Nee
1655 4265 1718 4312 enim

945 4347 1008 4408 apud
1021 4350 1142 4396 Romanos
1155 4346 1191 4392 tas
1200 4357 1264 4402 esse,
1282 4342 1407 4390 mutierem
1421 4335 1520 4389 inritam
1533 4341 1584 4389 iim
1593 4341 1717 4388 cottrrcare.

946 4423 1008 4472 nan
1020 4427 1044 4471 et
1060 4422 1186 4470 eunuchus
1204 4433 1290 4470 aurum
1304 4417 1334 4468 ad
1350 4417 1477 4466 barbarum
1485 4453 1493 4478 ,
1507 4431 1555 4479 quo
1566 4418 1673 4466 mottttus
1688 4415 1720 4464 ab

945 4499 979 4548 ira
988 4499 1152 4548 deduceretur.

1314 4577 1355 4628 lt.

975 4660 1100 4710 Anatotins
1113 4662 1137 4709 et
1153 4662 1255 4718 bornus,
1274 4661 1334 4708 istro
1352 4659 1502 4716 transmisso,
1520 4657 1550 4705 ad
1571 4661 1719 4707 Dreneonem

946 4737 1046 4786 tturium
1058 4738 1108 4798 (sio
1125 4739 1189 4785 enim
1202 4735 1336 4797 appettant)
1347 4749 1422 4796 usque
1435 4737 1458 4784 in
1471 4735 1592 4795 scyrium
1611 4735 1721 4795 penetra·

946 4819 1010 4864 runt.
1026 4816 1075 4864 titio
1091 4815 1175 4864 Attitas
1193 4813 1325 4862 reverentia
1337 4815 1457 4862 tantorum
1470 4813 1574 4860 virorum
1588 4815 1678 4866 neotus,
1691 4822 1721 4858 ne

947 4891 1091 4952 longioribus
1106 4890 1230 4939 itineribus
1245 4889 1438 4949 defatigarentur,
1458 4900 1512 4935 cum
1534 4887 1581 4934 ittis
1600 4885 1718 4934 mevenit.

947 4969 1016 5018 initio
1024 4957 1120 5030 dubiem
1130 4968 1206 5016 muita
1215 4966 1316 5027 superbe
1325 4969 1349 5015 et
1358 4966 1485 5016 insoteuter
1493 4964 1617 5022 disseram,
1625 4961 1720 5010 taudem

948 5044 1111 5106 magnitudine
1121 5055 1247 5092 munerum
1257 5043 1349 5104 nquior
1359 5041 1435 5090 iactus
1444 5043 1494 5100 est,
1504 5043 1528 5087 et
1539 5037 1625 5086 blanda
1635 5037 1719 5094 taenio·

949 5134 1002 5170 mm
1021 5121 1128 5170 eratione
1146 5119 1270 5178 delinitus,
1289 5131 1314 5167 se
1327 5131 1408 5180 pacem
1424 5119 1573 5166 servaturum
1590 5111 1720 5160 serrrndum

1598 5205 1611 5244 7
