3792 5728
378 534 392 554 ,
478 337 895 476 CANDIDUS
933 335 1305 476 ISAURUS.

724 663 1130 712 ψ-

133 873 278 932 Candidus
303 892 341 929 ex
369 875 477 929 Isauria
504 875 691 930 Tracheotide
717 877 869 943 oriundus,
914 871 990 942 Πλὴν
1003 872 1078 938 αὐτὸς
1098 876 1190 930 ἑαυτοῦ
1211 871 1276 930 πολθ
1292 871 1400 949 βελτίων
1415 873 1517 951 ἐνιαχοῦ
1536 874 1588 938 τοῖς
1602 873 1686 950 λόγοις

103 963 269 1018 Christianus
283 963 478 1029 orthodoxus,
499 981 550 1036 per
570 973 624 1016 tres
641 963 729 1018 libros
739 964 813 1035 stylo
833 963 870 1016 ab
914 958 999 1016 πάντα
1009 959 1284 1036 γινόμενος,συμμιγῆ
1296 957 1342 1030 τήν
1354 958 1468 1038 ίστορίαν
1477 959 1522 1016 καί
1533 957 1559 1025 ἐξ
1569 961 1686 1033 ἀνομοιο-

102 1049 208 1102 historia
219 1051 317 1104 alieno
328 1067 374 1103 res
383 1050 548 1104 Leonislet
559 1051 678 1103 Zenonis
694 1051 783 1105 Isauri
797 1048 868 1123 (657
913 1044 997 1104 τάτων
1023 1045 1142 1124 ἁρμόζων
1169 1046 1313 1105 ἁλίσκεται.
1343 1035 1426 1111 Οὑτος
1454 1045 1611 1124 ἰσχυρίζεται
1639 1045 1686 1115 τήν

102 1133 204 1209 -tpri
222 1137 426 1204 concinnavit,
449 1147 516 1191 teste
538 1135 660 1203 Photio,
681 1139 731 1208 qui
750 1137 872 1210 singulo?
914 1130 1046 1211 Ἰσαυρίαν
1060 1133 1167 1190 ἀπὸτοῦ
1181 1129 1267 1192 Ἡσαῦ
1281 1130 1371 1190 λαθεῖν
1385 1131 1433 1202 τήν
1447 1131 1606 1206 ἐπωνυμίαν.

103 1239 156 1276 rum
176 1220 322 1278 librorum
338 1232 503 1297 argumenta
515 1225 629 1278 summis
642 1224 752 1278 lineolis
768 1225 870 1279 adnm·
953 1220 1091 1298 Διίρχεται
1107 1217 1133 1279 δί
1148 1221 1174 1278 ἐν
1191 1219 1237 1295 μὲν
1249 1223 1286 1300 τῷ
1303 1218 1399 1300 πρώτῳ
1412 1219 1481 1298 λόγῳ
1497 1218 1544 1288 τὴν
1558 1209 1688 1296 Ἀσπαρος

103 1306 170 1364 brat.
914 1305 958 1364 καί
974 1308 1024 1363 τῶν
1039 1305 1137 1364 παίδων
1153 1308 1229 1366 αὑτοῦ
1243 1306 1403 1364 δυναστείαν·
1422 1304 1468 1376 τὴν
1484 1306 1624 1385 ἀντίρρησιν
1646 1305 1688 1363 διά

135 1394 251 1448 Photius
265 1395 341 1448 Bibi.
362 1394 427 1449 cod.
445 1413 482 1468 79
497 1414 504 1448 ι
519 1391 726 1470 Ἀνεγνώσθησαν
742 1393 870 1452 Κανδίδου
914 1396 957 1449 τοῦ
976 1389 1105 1470 Ἄσπαρος
1125 1390 1253 1470 Λίοντος,
1268 1393 1311 1451 τόν
1333 1391 1470 1469 συμθάντα
1493 1397 1525 1472 τῇ
1546 1393 1620 1451 πόλει
1641 1395 1688 1464 ἐμ·

103 1479 207 1556 ἱστορίας
229 1477 305 1555 λόγοι
325 1483 402 1557 τρεῖς.
419 1477 543 1559 Ἀρχεται
563 1479 610 1556 μίν
628 1485 674 1550 τῆς
692 1481 805 1562 ἱστορίας
819 1484 870 1540 isi
915 1479 1045 1556 πρησμδν,
1060 1480 1105 1538 καλ
1119 1478 1167 1538 ὅσα
1182 1477 1294 1556 ’Λοπαρι
1308 1478 1368 1560 περί
1387 1478 1477 1538 τούτου
1500 1479 1542 1538 ἐπί
1565 1479 1594 1538 zi
1615 1485 1687 1558 κοινῇ

103 1567 141 1634 τῆς
158 1565 269 1630 Λέοντος
290 1566 472 1642 ἀναρρήσεως,
486 1565 512 1630 δς
526 1558 558 1636 ἦν
571 1570 600 1624 ἐκ
616 1567 715 1634 Δακίας
727 1567 775 1643 μίν
785 1574 832 1638 τῆς
845 1573 871 1628 ἐν
915 1565 1046 1644 συμρίρον
1061 1565 1267 1645 διαπέπρακται·
1282 1567 1326 1624 καὶ
1350 1565 1409 1645 περὶ
1428 1569 1558 1624 Τατιανοὺ
1579 1565 1624 1624 καί
1640 1570 1686 1626 Βι-

103 1650 244 1728 ’ίλλυριοῖς,
258 1654 439 1731 στρατιωτικῷ
454 1652 628 1728 παραγγείλας
639 1655 755 1731 τάγματι
769 1656 814 1714 καί
828 1679 869 1714 τε·
916 1651 1024 1724 θιανοὺ,
1040 1653 1084 1712 καί
1096 1657 1131 1718 ὡς
1142 1652 1201 1729 περὶ
1214 1654 1297 1710 αὑτῶν
1310 1653 1429 1729 διηνέχθη
1441 1648 1543 1728 Ἀσπαρ
1555 1651 1600 1710 καί
1612 1657 1625 1710 6
1638 1657 1686 1731 βα-

101 1737 235 1818 λεῖαάρξας
245 1742 300 1796 τῶν
311 1741 337 1796 ἐν
350 1738 504 1816 Σηλυμθρία
514 1739 578 1814 ,τήν
589 1742 723 1820 βασιλείαν
733 1742 760 1800 δέ
771 1745 870 1820 σπουδῇ
915 1737 1015 1814 mitiis,
1030 1739 1074 1797 mi
1093 1731 1134 1797 Οἷα
1157 1742 1193 1805 εἷς
1217 1738 1343 1808 ἀλλήλους
1364 1737 1567 1816 ἆπῑγθὲἵέανῐθ·
1589 1739 1634 1796 καὶ
1653 1743 1688 1804 ὡς

101 1823 224 1904 Ἆαταρος
239 1825 426 1904 ἐγχειρισθεὶς,
446 1825 472 1890 θς
512 1849 524 1881 ν
547 1824 652 1892 ithasi<
671 1825 718 1902 μίν
738 1826 826 1905 γόνος,
842 1831 871 1886 ἐκ
915 1827 928 1881 6
943 1825 1062 1902 βασιλεὺς
1076 1825 1118 1883 διά
1131 1831 1207 1883 τοῦτο
1218 1825 1370 1902 ήταιρίσατο
1381 1823 1411 1882 ri
1423 1823 1548 1904 ’ίσαιίρων
1562 1823 1632 1902 γίνος
1646 1824 1688 1882 διά

100 1919 183 1991 νεαρᾶς
198 1911 227 1970 δέ
245 1912 469 1988 στρατευσάμενος
491 1911 592 1981 ἡλικίας
611 1912 655 1971 καὶ
676 1915 870 1985 παιδοποιησά-
915 1909 1128 1988 Ταρασικοδίσσα
1153 1908 1446 1986 Ῥουσουμὸλαδεώτου,
1467 1909 1494 1968 tv
1515 1910 1559 1969 καί
1579 1909 1688 1981 Ζήνωνα

101 2021 169 2072 μενος
182 2001 213 2056 ἐκ
224 2002 305 2077 τριῶν
316 1996 409 2074 γάμων
424 1997 615 2078 Ἀρδαόοιίριον,
631 2001 784 2079 Πατρίκιον,
804 2001 870 2081 ’lip-
918 1999 1096 2074 μετονομάσας
1116 1997 1234 2077 γαμθρδν
1254 1997 1410 2068 ἐποιήσατο,
1424 1997 1471 2066 τήν
1494 1995 1621 2076 προτίραν
1639 2021 1688 2074 γυ-

101 2085 246 2164 μενάριχον,
256 2083 303 2142 καὶ
316 2084 418 2154 θηλείας
426 2083 481 2143 διίο.
494 2087 611 2144 Ιίοιεῖται
621 2085 689 2162 piet
699 2088 870 2169 συγγραφεὺς,
918 2087 996 2144 ναῖκα
1020 2085 1128 2145 θανάτου
1144 2084 1216 2166 νόμιρ
1230 2084 1408 2144 testatius.
1432 2085 1484 2144 Καὶ
1498 2088 1533 2150 ὡς
1547 2085 1689 2163 Ἀρδαὸού-

100 2175 131 2238 ὣς
144 2171 259 2248 εἴρηται,
270 2171 357 2249 ἀρχὴν
369 2175 416 2240 τῆς
426 2172 538 2249 ἱστορίας
550 2171 597 2243 τήν
610 2173 694 2252 ἀρχὴν
704 2180 750 2244 τῆς
764 2174 872 2241 Λέοντος
918 2195 969 2252 ριος
992 2175 1027 2240 είς
1049 2172 1079 2231 τδ
1100 2173 1212 2230 ἐναντίον
1235 2173 1348 2248 μελετῶν
1362 2174 1399 2250 τῷ
1421 2172 1539 2249 βασιλεῖ,
1554 2171 1599 2228 καλ
1613 2171 1688 2238 αὐτὸς

102 2260 368 2338 βισιλείας,τελευτᾷ
379 2260 401 2315 δ’
412 2261 447 2324 είς
458 2255 504 2328 τὴν
514 2258 680 2336 ἀναγόρευσιν
693 2259 870 2322 Ἀναστασίου.
917 2259 1155 2330 οἶκειοποιήσασθαι
1177 2256 1236 2324 τοὺς
1259 2257 1392 2336 Ἰσαόρους
1413 2257 1540 2328 διενοήθη.
1568 2257 1620 2316 Καὶ
1649 2259 1689 2317 δτι

102 2343 175 2402 Ἐστι
185 2345 213 2402 δὲ
226 2345 353 2423 πατρίδος
367 2343 415 2420 μὲν
429 2344 574 2422 Ἰσαυρίιις,
588 2348 623 2411 ὡς
639 2345 716 2412 αὑτός
729 2370 811 2427 φησι,
826 2353 873 2418 τῆς
919 2347 1167 2424 Μαρτῖνος,οίκεῖος
1178 2343 1213 2405 ὢν
1225 2343 1423 2424 Ἄρόαόουρίου,
1436 2342 1527 2419 μηνόει
1541 2345 1688 2422 Ἰἀρασικο-

102 2433 242 2510 Τραχείας·
262 2431 425 2508 ἐπιτήδευμα
448 2430 476 2490 δὲ
497 2430 572 2508 ἔσχεν
590 2432 754 2512 ὑπογραφεὺς
777 2436 828 2490 τῶν
846 2436 872 2491 ἐν
919 2432 995 2512 δίσσιγ
1008 2431 1074 2510 άπερ
1088 2430 1338 2512 ’λρδαὺουρίῳιιατδι
1352 2432 1477 2510 βασιλέως
1488 2429 1633 2505 ἐτυρεόιτο·
1644 2431 1689 2490 καί

102 2517 224 2598 Ἰστόροις
249 2519 374 2574 πλεῖστον
406 2515 577 2595 ἰσχυσάντων·
599 2517 646 2588 τὴν
672 2518 699 2577 δὲ
733 2519 871 2599 θρησκείαν
918 2521 952 2586 ιὺς
964 2523 1077 2578 ἐντεῦθεν
1092 2522 1116 2586 ἐς
1128 2519 1156 2578 τθ
1168 2518 1324 2598 τραχύτερον
1334 2524 1379 2589 τῆς
1391 2520 1415 2587 ἐς
1429 2517 1556 2587 ἀλλήλους
1570 2520 1689 2586 ὑπονοίας

105 2604 251 2682 Χριστιανὸς
271 2595 305 2674 ἦν
326 2605 371 2662 καί
391 2601 530 2684 όρθόδοξος.
555 2603 613 2674 Τήν
635 2627 663 2662 τε
684 2603 733 2684 γδιρ
747 2606 873 2686 τετάρτην
917 2605 1070 2686 προϊούσης,
1084 2608 1183 2683 ἀναιρεῖ
1195 2607 1267 2666 Δίων
1282 2609 1296 2664 6
1311 2603 1431 2683 βασιλεὺς
1443 2602 1565 2683 Ἀσπαρα
1576 2604 1621 2663 καί
1632 2603 1690 2670 τοὺς

105 2691 200 2748 sisoim
214 2690 330 2757 ἐπαίνοις
344 2691 445 2769 στίρει,
459 2691 504 2748 καλ
517 2688 575 2756 τοὺς
589 2689 647 2748 κατ’
662 2695 739 2762 αὐτῆς
753 2715 871 2750 καινοτο-
919 2694 1030 2770 παῖδας,
1055 2689 1235 2772 Ἄρδαθοιίριον
1259 2690 1303 2749 καί
1331 2689 1472 2769 Πατρίιιιον
1499 2691 1542 2749 τὸν
1565 2691 1687 2771 καίσαρα.

106 2782 210 2850 μοὺιτας
224 2778 391 2835 καθάπτεται
405 2776 518 2843 δικαίως.
531 2776 588 2848 Τὴν
606 2779 632 2836 δὲ
647 2779 739 2857 φράσιν
754 2781 800 2838 οὐκ
819 2779 873 2857 ἔχει
919 2777 989 2837 Ἀλλ’
1004 2781 1018 2836 6
1032 2779 1078 2855 μὲν
1090 2787 1185 2857 καῑσαρ
1196 2783 1247 2836 τῶν
1260 2780 1366 2856 πληγῶν
1377 2777 1528 2855 ἀνενεγκὼν,
1539 2777 1690 2858 παραδόξως

106 2862 248 2942 τρέπουσαν
262 2863 333 2941 λόγῳ
347 2867 481 2943 ἱστορικῷ·
496 2867 552 2930 ταῖς
567 2885 596 2920 τε
610 2861 660 2943 γδιρ
673 2867 819 2935 ποιητικαῖς
832 2865 872 2922 λί·
918 2864 1029 2936 διεσώθη
1042 2867 1087 2924 καί
1101 2865 1225 2937 διέζησεν.
1243 2865 1321 2924 Ἀλλά
1335 2863 1379 2921 καί
1393 2867 1407 2922 6
1420 2862 1503 2944 ἕτερος
1515 2869 1565 2922 τῶν
1580 2865 1689 2938 παίδων,

107 2947 353 3030 ἱεσινέαειροιιιίλως
364 2973 393 3008 τε
402 2951 528 3030 κέχρηται
542 2949 586 3008 καί
597 2951 788 3029 μειρακιωδῶς,
801 2949 871 3022 καὶὴ
917 2950 1096 3032 Ἀρμενίριχος
1111 2956 1211 3030 (συρτει
1225 2951 1443 3030 Ἐρμενάριχος),
1456 2955 1485 3009 οὗ
1499 2952 1643 3031 συμπαρὼν
1652 2955 1690 3030 τῷ

108 3035 211 3108 ευνθίμη
219 3037 534 3117 αὑτῷείςτδτραχότερον
542 3037 588 3094 καί
598 3037 871 3116 δόσηχονέκδιθυραμ·
918 3037 1689 3119 ρόντιτὸνφόνοντότιδιέρυγε.Ἰἀρασικσδίσσανδὲγαμθρδν

109 3114 874 3201 ὑοῦταηῶαπεραὺπσθιινείςτδἐκλελυμένοντσιιαίέκμελίς
918 3124 963 3182 ἐπὶ
984 3125 1092 3204 θυγατρί
1112 3125 1231 3204 Ἀριάδνῃ
1247 3123 1319 3185 Δίων
1334 3127 1348 3181 6
1363 3121 1484 3201 βασιλεὺς
1498 3125 1629 3198 ποιεῖται,Ι
1644 3124 1690 3182 καί

109 3209 226 3276 banaiau
239 3210 394 3290 Νεωτερίζει
407 3211 435 3268 δέ
447 3210 558 3276 καὶτοῖς
572 3209 721 3276 συντάξεσιν
735 3211 782 3268 οὐκ
794 3211 829 3275 είς
843 3208 873 3267 τό
919 3212 1088 3288 μετονομάζει
1103 3210 1227 3282 Ζήνωνα,
1240 3209 1384 3289 στρατηγόν
1394 3215 1440 3280 τῆς
1454 3209 1488 3267 ἕω
1498 3211 1689 3288 χειροτονήσας.

109 3295 229 3374 γλαφυρὸν
243 3300 344 3372 μᾶλλον
354 3297 400 3354 καί
411 3297 592 3378 ἐπαφρόδιτον,
601 3295 691 3375 ὥσπερ
704 3295 800 3374 ἐτεροι,
816 3299 873 3354 ἀλλ’
918 3297 972 3357 Καὶ
984 3297 1016 3356 sir
1029 3295 1096 3354 κατά
1111 3295 1232 3376 Ἀφρικὴν
1245 3294 1402 3356 Βασιλίσκου
1416 3296 1586 3373 εὐτυχήματά
1604 3298 1688 3355 τεκαὶ

110 3379 171 3440 εἰσιν
192 3383 316 3463 δυσχερής
341 3387 467 3460 ἀκοῦσαι,
492 3384 536 3442 καί
560 3389 605 3442 τοῦ
627 3384 700 3454 teto<
728 3381 870 3462 ὑπερόριος.
919 3383 1118 3463 δυστυχήματα.
1136 3382 1189 3442 Καὶ
1204 3385 1238 3448 he
1252 3380 1422 3442 Αίωνπολλδι
1435 3382 1566 3458 βουληθείς
1579 3382 1690 3442 καίδια·

138 3547 197 3594 iacti
208 3551 262 3596 sunt
274 3547 376 3596 Candidi
384 3547 488 3598 historici
501 3547 553 3597 iibri
563 3551 620 3598 tres.
637 3548 737 3597 inchoat
750 3548 874 3596 historiam
892 3571 898 3652 γ
918 3561 1014 3610 prorsus
1026 3548 1142 3609 evadens,
1152 3547 1312 3610 promiscuam
1324 3547 1445 3596 historiam
1457 3559 1487 3595 ex
1501 3545 1630 3595 admodum
1640 3546 1689 3594 dis—

113 3619 140 3668 ai
156 3621 264 3672 άαίίοιιε
282 3625 456 3686 maimanis
472 3625 544 3674 Dacia
556 3623 787 3686 tityricaoriundus,
799 3638 874 3687 quum
918 3627 1035 3676 similibus
1046 3626 1189 3675 concinnare
1201 3624 1393 3688 deprehenditur.
1407 3625 1452 3674 iiic
1464 3625 1577 3674 isauriam
1587 3625 1618 3674 ab
1628 3627 1689 3672 Esau

113 3699 199 3750 rdiihrt
210 3703 299 3764 agmini
313 3703 529 3766 selymbrianisque
544 3704 682 3752 cohortibus
695 3706 818 3765 praesset,
830 3711 874 3752 ss·
917 3717 1005 3753 nomen
1016 3707 1151 3754 mutuatam
1160 3702 1239 3753 dicere
1246 3701 1328 3752 audet.

111 3778 169 3836 pub
189 3779 268 3828 nadis
287 3780 414 3841 imperium
434 3779 534 3842 adeptus
552 3783 596 3828 est.
629 3781 674 3829 iiic
699 3784 772 3841 Aspar
791 3793 876 3841 genere
949 3781 1028 3829 Primo
1038 3781 1099 3830 libro
1108 3784 1190 3831 narrat
1199 3780 1293 3842 asparis
1303 3779 1480 3839 liberorumque
1489 3778 1690 3838 eiuspotentiam.

112 3853 192 3904 suan
199 3859 286 3914 erat,a
298 3855 398 3916 pueritia
406 3856 516 3906 militiam
523 3857 633 3917 secutus,
641 3855 683 3919 qni
701 3855 776 3904 ternis
787 3856 876 3917 nuptiis
917 3858 943 3904 ct
951 3855 1035 3906 Leonis
1043 3869 1086 3918 per
1095 3862 1206 3920 Asparem
1220 3857 1369 3905 electionem.
1388 3857 1423 3902 De
1434 3853 1499 3901 urbis
1509 3853 1691 3913 conflagratione

111 3930 202 3980 totidem
218 3933 294 3992 htios,
306 3932 480 3992 Ardaburium‚
501 3933 645 3993 Patricium,
664 3931 874 3992 Ermenarichum,
918 3935 1015 3993 exorta,
1028 3947 1132 3996 quaeque
1148 3933 1187 3982 hic
1198 3933 1228 3981 sb
1240 3937 1326 3994 Aspare
1339 3929 1475 3991 reipublicae
1489 3928 1615 3978 commodo
1627 3933 1691 3990 gesta

112 4007 279 4072 &metitus
286 4011 391 4060 uastutit.
405 4011 612 4074 Incipitergo,uti
623 4009 876 4071 diximus,historicus
917 4010 972 4060 sini.
1006 4013 1040 4060 Dc
1053 4012 1153 4059 Tatiano
1163 4013 1187 4059 et
1196 4009 1397 4068 Virieno,utque
1406 4005 1436 4054 de
1446 4005 1491 4053 iliis
1499 4009 1571 4066 hspsr
1580 4017 1635 4054 cum
1646 4007 1691 4054 im-

113 4085 210 4136 abtm'tio
220 4087 305 4136 ῑεοαίε
316 4087 573 4149 imperatoris3desinit
583 4100 639 4135 τετυ
650 4098 726 4148 quum
741 4085 876 4134 Anastasius
918 4089 1026 4147 peratore
1043 4087 1202 4146 contenderit,
1221 4087 1245 4134 et
1262 4097 1318 4148 qsrae
1334 4097 1363 4132 ac
1383 4083 1463 4143 qualia
1487 4081 1548 4130 inter
1565 4095 1606 4130 eos
1619 4083 1691 4131 verba

114 4161 231 4224 Ἰοιιετεῑστ
248 4165 400 4214 renuntiatus
418 4168 462 4214 est.
497 4166 574 4214 Patria
594 4164 627 4213 iili
649 4177 676 4212 ea
687 4162 776 4212 isauria
789 4163 876 4220 est,ui
918 4165 970 4212 tum
980 4163 1070 4224 iactata
1081 4164 1136 4212 sint.
1150 4165 1544 4224 imperatoremmexcausacum
1554 4162 1690 4207 isaurorum

115 4237 332 4304 instrictamque
348 4241 455 4290 ‘traciaco
470 4243 621 4302 sivehspera
639 4239 735 4288 dicitur.
769 4237 876 4288 'sabellio
918 4253 1003 4300 genere
1020 4239 1157 4288 societatem
1179 4239 1257 4288 iniisse
1277 4251 1319 4298 per
1336 4235 1532 4286 Tarasioodissam
1549 4235 1692 4284 Rusumbia-

117 4315 156 4362 tra
169 4317 221 4365 rit:
239 4317 348 4366 instituto
360 4317 406 4366 sub
423 4318 453 4366 iis
463 4319 504 4380 qui
515 4317 579 4379 spud
591 4320 684 4365 isauros
700 4317 808 4376 poterant
825 4315 877 4374 piu·
918 4315 1108 4378 deotam,quem
1122 4317 1209 4376 edam,
1222 4319 1340 4365 Ζειιοιιειιι
1357 4313 1556 4362 mutatanomine
1568 4317 1691 4375 vocatum,

118 4389 194 4440 r'm
204 4408 210 4440 ι
219 4394 329 4454 τειίείοιιε
338 4407 395 4442 τετυ
404 4394 564 4452 christianus,
573 4395 597 4441 et
606 4390 702 4453 quidem
718 4389 875 4439 orthodoxus.
918 4405 1029 4453 generum
1043 4393 1088 4442 sibi
1102 4393 1216 4454 adscivit,
1229 4405 1302 4455 ηιιιιιιι
1317 4392 1337 4440 is
1353 4392 1455 4453 priorem
1462 4388 1588 4450 'conjirgcm
1599 4393 1692 4438 morta-

118 4467 221 4524 tham
238 4473 301 4520 enim
313 4469 432 4530 mnodum
449 4469 556 4518 laudibus
575 4469 660 4526 amat,
679 4465 811 4527 meritoque
822 4477 876 4526 per-
919 4469 976 4518 iium
999 4470 1050 4530 iege
1066 4469 1193 4519 emisisset.
1224 4468 1383 4518 Ardaburium
1397 4469 1471 4525 item,
1492 4479 1541 4526 quo
1557 4466 1692 4527 imperatori

119 4546 199 4609 thiap’t
207 4561 247 4597 eos
255 4549 296 4609 qui
307 4561 361 4597 cam
371 4550 519 4609 oppugnant.
529 4546 620 4608 stylum
631 4546 703 4594 habet
714 4543 818 4592 bistorha
829 4555 876 4590 non
918 4545 1092 4604 adversaretur,
1098 4548 1192 4594 {muros
1200 4558 1269 4606 mque
1278 4556 1375 4592 suarum
1388 4542 1491 4604 partium
1509 4542 1587 4590 iacere
1606 4543 1692 4590 consti·

120 4625 168 4672 satis
185 4625 398 4675 aoecmmodatum.
430 4627 489 4673 tiam
500 4626 526 4674 et
544 4625 667 4686 poetarum
686 4621 810 4684 phrasibus
826 4620 877 4668 sine
919 4623 1091 4685 tuisse2atque
1100 4623 1230 4673 Martinam
1246 4621 1381 4684 quendam,
1400 4619 1525 4669 Ardaburii
1543 4619 1692 4679 familiarem,

121 4699 200 4752 idean
211 4703 494 4766 asiareuititerabctitur
504 4701 693 4764 :etcompcdtio
704 4699 755 4760 eius
764 4699 845 4747 durior
853 4700 878 4746 et
919 4699 1098 4749 Tarasiccdissm
1108 4699 1406 4760 indicasse,quaecumquc
1423 4697 1447 4745 in
1463 4697 1628 4757 imperatorem
1644 4709 1692 4743 ma-

121 4779 209 4843 ὺσιε,
226 4781 433 4844 οἰιὺγτααιὺοτυιιι
455 4781 516 4842 ritu,
531 4793 586 4842 qua
603 4779 662 4829 aiias
672 4779 758 4827 iterum
770 4775 877 4824 indisso-
920 4776 1056 4825 chinaretur
1067 4776 1221 4826 Ardaburius.
1254 4772 1381 4832 Quomodo
1392 4771 1478 4821 exinde
1491 4771 1596 4833 asperius
1610 4771 1694 4821 indies

122 4855 188 4906 uun
204 4863 275 4922 atque
294 4859 464 4908 inconcinnum
482 4857 603 4906 ditabitur.
635 4853 828 4906 constructiones
840 4851 876 4899 in·
920 4853 1041 4902 crescente
1051 4854 1135 4902 mutua
1156 4851 1304 4914 suspicione,
1318 4853 1364 4898 teo
1374 4850 1502 4910 imperator
1512 4856 1625 4908 Asparem
1641 4860 1694 4896 sus-

123 4935 184 4984 ma
200 4947 245 4984 son
261 4935 292 4984 ad
304 4937 417 4984 meatum
432 4934 547 4994 maiorem
566 4946 595 4982 ac
611 4933 775 4990 venustatem,
794 4929 822 4977 ut
839 4927 877 4977 ahi
921 4929 977 4978 tulit
986 4929 1085 4990 ejusque
1096 4928 1194 4986 hiberos,
1209 4927 1367 4978 ardaburium
1379 4929 1404 4974 et
1418 4925 1544 4973 Patricium
1558 4927 1691 4984 cmsarem3

121 5009 249 5076 rebusad
265 5015 313 5076 ita,
330 5015 358 5063 ut
371 5011 456 5061 andita
478 5011 654 5071 massephat,
674 5007 799 5070 armisque
818 5005 878 5055 adeo
921 5006 965 5056 etsi
974 5007 1055 5054 casa
1063 5007 1161 5066 excepta
1177 5005 1259 5067 plaga,
1276 5003 1396 5065 inopinato
1417 5001 1496 5050 satius
1512 5001 1601 5060 evasit,
1620 5000 1692 5049 risit·

121 5101 195 5150 um
210 5093 340 5143 §usitatis
374 5087 499 5140 interdum
514 5091 632 5139 autemse
647 5085 786 5149 ipsorerbis
795 5085 879 5134 melior
922 5083 1026 5146 que:ct
1035 5082 1095 5131 alius
1110 5081 1167 5132 item
1178 5081 1208 5131 de
1227 5080 1308 5142 sspsri
1327 5079 1397 5136 tiliis,
1418 5075 1692 5138 semenerichus‚quos

882 5163 919 5203 tas
