<?xml version="1.0" encoding="UTF-8"?>
<!DOCTYPE html PUBLIC "-//W3C//DTD XHTML 1.0 Transitional//EN"
    "http://www.w3.org/TR/xhtml1/DTD/xhtml1-transitional.dtd">
<html xmlns="http://www.w3.org/1999/xhtml" xml:lang="en" lang="en">
 <head>
  <title>
</title>
<meta http-equiv="Content-Type" content="text/html;charset=utf-8" />
  <meta name='ocr-system' content='tesseract 3.04.00' />
  <meta name='ocr-capabilities' content='ocr_page ocr_carea ocr_par ocr_line ocrx_word'/>
</head>
<body>
  <div class='ocr_page' id='page_1' title='image "./fragmentahistor01antgoog_0207.png"; bbox 0 0 3890 5726; ppageno 0'>
   <div class='ocr_carea' id='block_1_1' title="bbox 814 373 1737 440">
    <p class='ocr_par' dir='ltr' id='par_1_1' title="bbox 814 373 1737 440">
     <span class='ocr_line' id='line_1_1' title="bbox 814 373 1737 440; baseline 0.005 -5"><span class='ocrx_word' id='word_1_1' title='bbox 814 373 1063 435; x_wconf 75' lang='lat' dir='ltr'><strong>FRAGMENTA.</strong></span> <span class='ocrx_word' id='word_1_2' title='bbox 1682 390 1737 440; x_wconf 77' lang='lat' dir='ltr'>iss</span> 
     </span>
    </p>
   </div>
   <div class='ocr_carea' id='block_1_2' title="bbox 140 493 1811 3268">
    <p class='ocr_par' dir='ltr' id='par_1_2' title="bbox 140 493 1811 3268">
     <span class='ocr_line' id='line_1_2' title="bbox 140 493 1739 579; baseline -0.004 -16"><span class='ocrx_word' id='word_1_3' title='bbox 140 503 261 575; x_wconf 81' lang='grc' dir='ltr'>τοιαύτην</span> <span class='ocrx_word' id='word_1_4' title='bbox 273 501 392 579; x_wconf 77' lang='grc' dir='ltr'>ἀνάγκην</span> <span class='ocrx_word' id='word_1_5' title='bbox 401 497 513 578; x_wconf 74' lang='grc' dir='ltr'>εὔχομαι</span> <span class='ocrx_word' id='word_1_6' title='bbox 526 501 707 572; x_wconf 78' lang='grc' dir='ltr'>καταστῆναι,</span> <span class='ocrx_word' id='word_1_7' title='bbox 720 494 763 555; x_wconf 77' lang='grc' dir='ltr'>ἵνα</span> <span class='ocrx_word' id='word_1_8' title='bbox 775 495 918 572; x_wconf 82' lang='grc' dir='ltr'>Ῥωμαίοις</span> <span class='ocrx_word' id='word_1_9' title='bbox 963 518 1027 572; x_wconf 90' lang='grc' dir='ltr'>μου,</span> <span class='ocrx_word' id='word_1_10' title='bbox 1040 493 1169 568; x_wconf 84' lang='grc' dir='ltr'>ἐδυνάμην</span> <span class='ocrx_word' id='word_1_11' title='bbox 1181 495 1223 554; x_wconf 78' lang='grc' dir='ltr'>διὰ</span> <span class='ocrx_word' id='word_1_12' title='bbox 1236 502 1280 555; x_wconf 76' lang='grc' dir='ltr'>τοῦ</span> <span class='ocrx_word' id='word_1_13' title='bbox 1294 497 1413 572; x_wconf 89' lang='grc' dir='ltr'>σώματός</span> <span class='ocrx_word' id='word_1_14' title='bbox 1428 520 1478 574; x_wconf 89' lang='grc' dir='ltr'>μου</span> <span class='ocrx_word' id='word_1_15' title='bbox 1493 499 1518 558; x_wconf 89' lang='grc' dir='ltr'>τί</span> <span class='ocrx_word' id='word_1_16' title='bbox 1534 521 1597 558; x_wconf 90' lang='grc' dir='ltr'>ποτε</span> <span class='ocrx_word' id='word_1_17' title='bbox 1612 502 1647 566; x_wconf 86' lang='grc' dir='ltr'>είς</span> <span class='ocrx_word' id='word_1_18' title='bbox 1661 500 1739 559; x_wconf 81' lang='grc' dir='ltr'>αὒτδν</span> 
     </span>
     <span class='ocr_line' id='line_1_3' title="bbox 142 581 1739 669; baseline -0.005 -19"><span class='ocrx_word' id='word_1_19' title='bbox 142 591 293 669; x_wconf 74' lang='grc' dir='ltr'>πολεμήσειν.</span> <span class='ocrx_word' id='word_1_20' title='bbox 310 617 323 642; x_wconf 82' lang='grc' dir='ltr'>ν</span> <span class='ocrx_word' id='word_1_21' title='bbox 337 592 360 650; x_wconf 88' lang='grc' dir='ltr'><strong><em>Γ</em></strong></span> <span class='ocrx_word' id='word_1_22' title='bbox 361 587 465 658; x_wconf 81' lang='grc' dir='ltr'>αλιηνδς</span> <span class='ocrx_word' id='word_1_23' title='bbox 478 585 506 646; x_wconf 77' lang='grc' dir='ltr'>δὲ</span> <span class='ocrx_word' id='word_1_24' title='bbox 520 585 619 662; x_wconf 78' lang='grc' dir='ltr'>πέμπει</span> <span class='ocrx_word' id='word_1_25' title='bbox 628 583 691 665; x_wconf 87' lang='grc' dir='ltr'>πρδς</span> <span class='ocrx_word' id='word_1_26' title='bbox 705 583 800 642; x_wconf 80' lang='grc' dir='ltr'>αὐτόν·</span> <span class='ocrx_word' id='word_1_27' title='bbox 817 585 918 644; x_wconf 66' lang='lat' dir='ltr'>«oiu—</span> <span class='ocrx_word' id='word_1_28' title='bbox 962 587 1085 654; x_wconf 83' lang='grc' dir='ltr'>ποιῆσαι·</span> <span class='ocrx_word' id='word_1_29' title='bbox 1108 581 1175 640; x_wconf 74' lang='lat' dir='ltr'>iiii</span> <span class='ocrx_word' id='word_1_30' title='bbox 1198 587 1230 662; x_wconf 84' lang='grc' dir='ltr'>τῇ</span> <span class='ocrx_word' id='word_1_31' title='bbox 1254 588 1287 662; x_wconf 78' lang='grc' dir='ltr'>σῇ</span> <span class='ocrx_word' id='word_1_32' title='bbox 1313 583 1383 665; x_wconf 68' lang='grc' dir='ltr'>δεξιᾷ</span> <span class='ocrx_word' id='word_1_33' title='bbox 1408 585 1520 644; x_wconf 86' lang='grc' dir='ltr'>κελεύων</span> <span class='ocrx_word' id='word_1_34' title='bbox 1540 587 1585 646; x_wconf 79' lang='grc' dir='ltr'>καί</span> <span class='ocrx_word' id='word_1_35' title='bbox 1608 589 1739 646; x_wconf 81' lang='grc' dir='ltr'>διατυπών</span> 
     </span>
     <span class='ocr_line' id='line_1_4' title="bbox 141 664 1740 757; baseline -0.001 -23"><span class='ocrx_word' id='word_1_36' title='bbox 141 685 183 737; x_wconf 66' lang='grc' dir='ltr'>σῦν</span> <span class='ocrx_word' id='word_1_37' title='bbox 195 676 339 757; x_wconf 76' lang='grc' dir='ltr'>ἀμφότεροι</span> <span class='ocrx_word' id='word_1_38' title='bbox 355 671 594 751; x_wconf 86' lang='grc' dir='ltr'>μονομαχήοωμεν,</span> <span class='ocrx_word' id='word_1_39' title='bbox 610 669 654 728; x_wconf 77' lang='grc' dir='ltr'>ἵνα</span> <span class='ocrx_word' id='word_1_40' title='bbox 670 670 706 746; x_wconf 85' lang='grc' dir='ltr'>μή</span> <span class='ocrx_word' id='word_1_41' title='bbox 717 669 919 744; x_wconf 79' lang='grc' dir='ltr'>Ῥωμαῖοιάπύ-</span> <span class='ocrx_word' id='word_1_42' title='bbox 962 669 1048 727; x_wconf 87' lang='grc' dir='ltr'>πάντα</span> <span class='ocrx_word' id='word_1_43' title='bbox 1063 668 1221 747; x_wconf 79' lang='grc' dir='ltr'>κατώρθουν.</span> <span class='ocrx_word' id='word_1_44' title='bbox 1243 672 1295 730; x_wconf 83' lang='grc' dir='ltr'>Καὶ</span> <span class='ocrx_word' id='word_1_45' title='bbox 1308 671 1339 728; x_wconf 80' lang='grc' dir='ltr'>οδ</span> <span class='ocrx_word' id='word_1_46' title='bbox 1354 672 1404 751; x_wconf 76' lang='grc' dir='ltr'>γὰρ</span> <span class='ocrx_word' id='word_1_47' title='bbox 1419 673 1509 746; x_wconf 83' lang='grc' dir='ltr'>αὐτὸς,</span> <span class='ocrx_word' id='word_1_48' title='bbox 1530 664 1552 732; x_wconf 68' lang='lat' dir='ltr'>‹i›</span> <span class='ocrx_word' id='word_1_49' title='bbox 1570 676 1691 754; x_wconf 80' lang='grc' dir='ltr'>βασιλεῦ,</span> <span class='ocrx_word' id='word_1_50' title='bbox 1711 678 1740 732; x_wconf 84' lang='grc' dir='ltr'>σθ</span> 
     </span>
     <span class='ocr_line' id='line_1_5' title="bbox 141 754 1740 840; baseline -0.003 -18"><span class='ocrx_word' id='word_1_51' title='bbox 141 767 247 826; x_wconf 86' lang='grc' dir='ltr'>λωνται.</span> <span class='ocrx_word' id='word_1_52' title='bbox 267 790 280 815; x_wconf 80' lang='grc' dir='ltr'>ι</span> <span class='ocrx_word' id='word_1_53' title='bbox 296 762 332 824; x_wconf 86' lang='lat'>‘0</span> <span class='ocrx_word' id='word_1_54' title='bbox 346 761 374 820; x_wconf 82' lang='lat' dir='ltr'>ii</span> <span class='ocrx_word' id='word_1_55' title='bbox 386 759 574 830; x_wconf 85' lang='grc' dir='ltr'>άντεδήλωσεν·</span> <span class='ocrx_word' id='word_1_56' title='bbox 586 785 599 812; x_wconf 77' lang='grc' dir='ltr'>ι</span> <span class='ocrx_word' id='word_1_57' title='bbox 614 755 687 837; x_wconf 81' lang='grc' dir='ltr'>Ἐγώ</span> <span class='ocrx_word' id='word_1_58' title='bbox 701 756 759 816; x_wconf 81' lang='grc' dir='ltr'>οὔτε</span> <span class='ocrx_word' id='word_1_59' title='bbox 770 756 919 837; x_wconf 72' lang='grc' dir='ltr'>μονομάχος</span> <span class='ocrx_word' id='word_1_60' title='bbox 962 757 1000 835; x_wconf 80' lang='grc' dir='ltr'>τῷ</span> <span class='ocrx_word' id='word_1_61' title='bbox 1013 754 1118 830; x_wconf 87' lang='grc' dir='ltr'>σώματί</span> <span class='ocrx_word' id='word_1_62' title='bbox 1130 779 1176 816; x_wconf 90' lang='grc' dir='ltr'>σου</span> <span class='ocrx_word' id='word_1_63' title='bbox 1196 759 1293 836; x_wconf 82' lang='grc' dir='ltr'>ἰσχύων</span> <span class='ocrx_word' id='word_1_64' title='bbox 1305 767 1404 830; x_wconf 84' lang='grc' dir='ltr'>ποιεῖς,</span> <span class='ocrx_word' id='word_1_65' title='bbox 1419 760 1487 818; x_wconf 77' lang='grc' dir='ltr'>ἀλλὰ</span> <span class='ocrx_word' id='word_1_66' title='bbox 1502 762 1555 827; x_wconf 83' lang='grc' dir='ltr'>τοῖς</span> <span class='ocrx_word' id='word_1_67' title='bbox 1570 762 1740 840; x_wconf 81' lang='grc' dir='ltr'>στρατιώταις</span> 
     </span>
     <span class='ocr_line' id='line_1_6' title="bbox 141 839 1739 930; baseline -0.002 -20"><span class='ocrx_word' id='word_1_68' title='bbox 141 853 210 928; x_wconf 78' lang='grc' dir='ltr'>εἶμί,</span> <span class='ocrx_word' id='word_1_69' title='bbox 226 851 285 912; x_wconf 80' lang='grc' dir='ltr'>οὔτε</span> <span class='ocrx_word' id='word_1_70' title='bbox 300 848 396 930; x_wconf 84' lang='grc' dir='ltr'>γε’γονά</span> <span class='ocrx_word' id='word_1_71' title='bbox 411 871 488 907; x_wconf 89' lang='grc' dir='ltr'>ποτε·</span> <span class='ocrx_word' id='word_1_72' title='bbox 505 845 563 906; x_wconf 76' lang='grc' dir='ltr'>ἀλλ’</span> <span class='ocrx_word' id='word_1_73' title='bbox 579 843 818 930; x_wconf 78' lang='grc' dir='ltr'>δπολλυμέναςτέις</span> <span class='ocrx_word' id='word_1_74' title='bbox 834 848 919 920; x_wconf 87' lang='grc' dir='ltr'>ἐπαρ-</span> <span class='ocrx_word' id='word_1_75' title='bbox 963 863 1009 900; x_wconf 90' lang='grc' dir='ltr'>σου</span> <span class='ocrx_word' id='word_1_76' title='bbox 1023 839 1145 902; x_wconf 75' lang='grc' dir='ltr'>κελεύων.</span> <span class='ocrx_word' id='word_1_77' title='bbox 1161 871 1173 895; x_wconf 82' lang='grc' dir='ltr'>ε</span> <span class='ocrx_word' id='word_1_78' title='bbox 1190 845 1244 902; x_wconf 80' lang='grc' dir='ltr'>Καὶ</span> <span class='ocrx_word' id='word_1_79' title='bbox 1255 843 1365 922; x_wconf 81' lang='grc' dir='ltr'>ἐπῄνεσε</span> <span class='ocrx_word' id='word_1_80' title='bbox 1380 844 1437 912; x_wconf 83' lang='grc' dir='ltr'>τοὺς</span> <span class='ocrx_word' id='word_1_81' title='bbox 1451 845 1542 924; x_wconf 83' lang='grc' dir='ltr'>λόγους</span> <span class='ocrx_word' id='word_1_82' title='bbox 1561 849 1640 906; x_wconf 80' lang='grc' dir='ltr'>αὐτοῦ</span> <span class='ocrx_word' id='word_1_83' title='bbox 1654 851 1669 905; x_wconf 84' lang='grc' dir='ltr'>θ</span> <span class='ocrx_word' id='word_1_84' title='bbox 1682 849 1739 907; x_wconf 85' lang='grc' dir='ltr'>Γοι-</span> 
     </span>
     <span class='ocr_line' id='line_1_7' title="bbox 141 927 1057 1016; baseline -0.011 -18"><span class='ocrx_word' id='word_1_85' title='bbox 141 939 199 1016; x_wconf 88' lang='grc' dir='ltr'>χίας</span> <span class='ocrx_word' id='word_1_86' title='bbox 209 937 306 1004; x_wconf 85' lang='grc' dir='ltr'>ταύτας</span> <span class='ocrx_word' id='word_1_87' title='bbox 317 936 368 995; x_wconf 73' lang='grc' dir='ltr'>ὑπὸ</span> <span class='ocrx_word' id='word_1_88' title='bbox 378 941 424 995; x_wconf 87' lang='grc' dir='ltr'>σοῦ</span> <span class='ocrx_word' id='word_1_89' title='bbox 431 933 537 1014; x_wconf 84' lang='grc' dir='ltr'>ταχθείς</span> <span class='ocrx_word' id='word_1_90' title='bbox 546 932 692 1010; x_wconf 74' lang='grc' dir='ltr'>διασώζειν,</span> <span class='ocrx_word' id='word_1_91' title='bbox 704 930 857 991; x_wconf 84' lang='grc' dir='ltr'>ἐσωσα·καί</span> <span class='ocrx_word' id='word_1_92' title='bbox 869 929 920 990; x_wconf 82' lang='grc' dir='ltr'>ὑπὸ</span> <span class='ocrx_word' id='word_1_93' title='bbox 962 927 1057 1000; x_wconf 87' lang='grc' dir='ltr'>λιηνίς.</span> 
     </span>
     <span class='ocr_line' id='line_1_8' title="bbox 141 1017 1741 1103; baseline -0.004 -19"><span class='ocrx_word' id='word_1_94' title='bbox 141 1028 192 1084; x_wconf 73' lang='grc' dir='ltr'>τῶν</span> <span class='ocrx_word' id='word_1_95' title='bbox 212 1025 324 1086; x_wconf 84' lang='grc' dir='ltr'>Γάλλων</span> <span class='ocrx_word' id='word_1_96' title='bbox 338 1023 434 1103; x_wconf 72' lang='grc' dir='ltr'>ᾑρέθην</span> <span class='ocrx_word' id='word_1_97' title='bbox 453 1019 588 1100; x_wconf 83' lang='grc' dir='ltr'>βασιλεύς·</span> <span class='ocrx_word' id='word_1_98' title='bbox 608 1017 654 1078; x_wconf 81' lang='grc' dir='ltr'>καί</span> <span class='ocrx_word' id='word_1_99' title='bbox 673 1021 805 1098; x_wconf 77' lang='grc' dir='ltr'>ἀρκοῦμαι</span> <span class='ocrx_word' id='word_1_100' title='bbox 827 1019 918 1097; x_wconf 73' lang='grc' dir='ltr'>ἄρχειν</span> <span class='ocrx_word' id='word_1_101' title='bbox 1001 1020 1044 1074; x_wconf 89' lang='lat' dir='ltr'>De</span> <span class='ocrx_word' id='word_1_102' title='bbox 1058 1019 1225 1092; x_wconf 81' lang='lat' dir='ltr'>Odenntbo,</span> <span class='ocrx_word' id='word_1_103' title='bbox 1240 1031 1320 1093; x_wconf 80' lang='lat' dir='ltr'>paire</span> <span class='ocrx_word' id='word_1_104' title='bbox 1332 1021 1391 1092; x_wconf 88' lang='lat' dir='ltr'>ejus</span> <span class='ocrx_word' id='word_1_105' title='bbox 1410 1022 1566 1092; x_wconf 78' lang='lat' dir='ltr'>Odenatlri,</span> <span class='ocrx_word' id='word_1_106' title='bbox 1585 1024 1635 1095; x_wconf 88' lang='lat' dir='ltr'>qui</span> <span class='ocrx_word' id='word_1_107' title='bbox 1647 1025 1741 1079; x_wconf 86' lang='lat' dir='ltr'>Zeno-</span> 
     </span>
     <span class='ocr_line' id='line_1_9' title="bbox 141 1104 1741 1186; baseline -0.004 -16"><span class='ocrx_word' id='word_1_108' title='bbox 141 1115 192 1170; x_wconf 80' lang='grc' dir='ltr'>τῶν</span> <span class='ocrx_word' id='word_1_109' title='bbox 202 1110 325 1178; x_wconf 72' lang='grc' dir='ltr'>ἑκουσίοις</span> <span class='ocrx_word' id='word_1_110' title='bbox 335 1133 369 1186; x_wconf 90' lang='grc' dir='ltr'>με</span> <span class='ocrx_word' id='word_1_111' title='bbox 379 1107 522 1184; x_wconf 81' lang='grc' dir='ltr'>ίλομίνων·</span> <span class='ocrx_word' id='word_1_112' title='bbox 535 1104 581 1166; x_wconf 81' lang='grc' dir='ltr'>καί</span> <span class='ocrx_word' id='word_1_113' title='bbox 595 1106 620 1164; x_wconf 76' lang='lat' dir='ltr'>el</span> <span class='ocrx_word' id='word_1_114' title='bbox 626 1129 651 1165; x_wconf 92' lang='grc' dir='ltr'>τι</span> <span class='ocrx_word' id='word_1_115' title='bbox 665 1105 823 1186; x_wconf 81' lang='grc' dir='ltr'>δύναμαιτῇ</span> <span class='ocrx_word' id='word_1_116' title='bbox 837 1106 918 1184; x_wconf 83' lang='grc' dir='ltr'>βουλῇ</span> <span class='ocrx_word' id='word_1_117' title='bbox 962 1105 1038 1160; x_wconf 87' lang='lat' dir='ltr'>biam</span> <span class='ocrx_word' id='word_1_118' title='bbox 1048 1107 1309 1176; x_wconf 81' lang='lat' dir='ltr'>uxoremhnbebai,</span> <span class='ocrx_word' id='word_1_119' title='bbox 1319 1109 1401 1163; x_wconf 86' lang='lat' dir='ltr'>sicuti</span> <span class='ocrx_word' id='word_1_120' title='bbox 1411 1105 1447 1163; x_wconf 86' lang='lat' dir='ltr'>de</span> <span class='ocrx_word' id='word_1_121' title='bbox 1457 1107 1618 1164; x_wconf 82' lang='lat' dir='ltr'>Rufinoillo</span> <span class='ocrx_word' id='word_1_122' title='bbox 1627 1109 1741 1165; x_wconf 81' lang='lat' dir='ltr'>aliunde</span> 
     </span>
     <span class='ocr_line' id='line_1_10' title="bbox 141 1183 1155 1272; baseline -0.008 -16"><span class='ocrx_word' id='word_1_123' title='bbox 141 1202 173 1269; x_wconf 75' lang='grc' dir='ltr'>τῆ</span> <span class='ocrx_word' id='word_1_124' title='bbox 187 1200 300 1272; x_wconf 77' lang='grc' dir='ltr'>ἐμαυτοῦ</span> <span class='ocrx_word' id='word_1_125' title='bbox 314 1195 360 1255; x_wconf 79' lang='grc' dir='ltr'>καὶ</span> <span class='ocrx_word' id='word_1_126' title='bbox 369 1200 402 1266; x_wconf 86' lang='grc' dir='ltr'>τῆ</span> <span class='ocrx_word' id='word_1_127' title='bbox 417 1193 544 1270; x_wconf 87' lang='grc' dir='ltr'>δυνάμει,</span> <span class='ocrx_word' id='word_1_128' title='bbox 560 1191 659 1258; x_wconf 78' lang='grc' dir='ltr'>τούτοις</span> <span class='ocrx_word' id='word_1_129' title='bbox 676 1183 771 1271; x_wconf 83' lang='grc' dir='ltr'>βοηθῶ,</span> <span class='ocrx_word' id='word_1_130' title='bbox 786 1217 798 1244; x_wconf 80' lang='grc' dir='ltr'>ν</span> <span class='ocrx_word' id='word_1_131' title='bbox 963 1211 1021 1248; x_wconf 90' lang='lat' dir='ltr'>non</span> <span class='ocrx_word' id='word_1_132' title='bbox 1035 1203 1155 1248; x_wconf 85' lang='lat' dir='ltr'>constat.</span> 
     </span>
     <span class='ocr_line' id='line_1_11' title="bbox 161 1260 1460 1384; baseline -0.006 -40"><span class='ocrx_word' id='word_1_133' title='bbox 161 1263 224 1344; x_wconf 72' lang='lat' dir='ltr'>&#39;ue</span> <span class='ocrx_word' id='word_1_134' title='bbox 245 1260 463 1361; x_wconf 53' lang='lat' dir='ltr'>PostumoiM.</span> <span class='ocrx_word' id='word_1_135' title='bbox 481 1284 628 1340; x_wconf 82' lang='lat' dir='ltr'>Cassiauio</span> <span class='ocrx_word' id='word_1_136' title='bbox 642 1284 755 1338; x_wconf 81' lang='lat' dir='ltr'>Latinio</span> <span class='ocrx_word' id='word_1_137' title='bbox 772 1283 914 1347; x_wconf 75' lang='lat' dir='ltr'>Postumo,</span> <span class='ocrx_word' id='word_1_138' title='bbox 1241 1323 1258 1380; x_wconf 71' lang='grc'><strong>8</strong></span> <span class='ocrx_word' id='word_1_139' title='bbox 1294 1324 1460 1384; x_wconf 60' lang='lat' dir='ltr'>mmm</span> 
     </span>
     <span class='ocr_line' id='line_1_12' title="bbox 141 1367 1471 1449; baseline -0.01 -20"><span class='ocrx_word' id='word_1_140' title='bbox 141 1377 226 1430; x_wconf 84' lang='lat' dir='ltr'>inser.</span> <span class='ocrx_word' id='word_1_141' title='bbox 246 1392 294 1449; x_wconf 80' lang='lat' dir='ltr'>ap.</span> <span class='ocrx_word' id='word_1_142' title='bbox 315 1373 402 1430; x_wconf 87' lang='lat' dir='ltr'>Orell.</span> <span class='ocrx_word' id='word_1_143' title='bbox 430 1369 502 1426; x_wconf 82' lang='lat'><strong>1015</strong></span> <span class='ocrx_word' id='word_1_144' title='bbox 526 1382 555 1426; x_wconf 86' lang='lat' dir='ltr'>et</span> <span class='ocrx_word' id='word_1_145' title='bbox 575 1371 604 1424; x_wconf 87' lang='lat' dir='ltr'>in</span> <span class='ocrx_word' id='word_1_146' title='bbox 625 1371 718 1426; x_wconf 87' lang='lat' dir='ltr'>numia</span> <span class='ocrx_word' id='word_1_147' title='bbox 732 1386 780 1444; x_wconf 81' lang='lat' dir='ltr'>up.</span> <span class='ocrx_word' id='word_1_148' title='bbox 800 1369 916 1425; x_wconf 83' lang='lat' dir='ltr'>Eckhel.</span> <span class='ocrx_word' id='word_1_149' title='bbox 1264 1367 1269 1378; x_wconf 90' lang='lat'>&#39;</span> <span class='ocrx_word' id='word_1_150' title='bbox 1464 1371 1471 1385; x_wconf 83' lang='grc'><em>·</em></span> 
     </span>
     <span class='ocr_line' id='line_1_13' title="bbox 141 1451 1741 1535; baseline -0.005 -16"><span class='ocrx_word' id='word_1_151' title='bbox 141 1465 177 1518; x_wconf 88' lang='lat' dir='ltr'>D.</span> <span class='ocrx_word' id='word_1_152' title='bbox 192 1463 229 1518; x_wconf 82' lang='lat' dir='ltr'>N.</span> <span class='ocrx_word' id='word_1_153' title='bbox 245 1463 313 1532; x_wconf 88' lang='lat' dir='ltr'>Vll,</span> <span class='ocrx_word' id='word_1_154' title='bbox 326 1480 359 1535; x_wconf 89' lang='lat' dir='ltr'>p.</span> <span class='ocrx_word' id='word_1_155' title='bbox 374 1457 432 1526; x_wconf 77' lang='lat'>458</span> <span class='ocrx_word' id='word_1_156' title='bbox 444 1456 507 1531; x_wconf 87' lang='lat' dir='ltr'>sq.)</span> <span class='ocrx_word' id='word_1_157' title='bbox 523 1458 645 1525; x_wconf 82' lang='lat' dir='ltr'>rebelle,</span> <span class='ocrx_word' id='word_1_158' title='bbox 658 1457 708 1528; x_wconf 88' lang='lat' dir='ltr'>qni</span> <span class='ocrx_word' id='word_1_159' title='bbox 722 1458 752 1511; x_wconf 89' lang='lat' dir='ltr'>in</span> <span class='ocrx_word' id='word_1_160' title='bbox 765 1457 855 1513; x_wconf 88' lang='lat' dir='ltr'>Gallia</span> <span class='ocrx_word' id='word_1_161' title='bbox 869 1473 920 1530; x_wconf 87' lang='lat' dir='ltr'>per</span> <span class='ocrx_word' id='word_1_162' title='bbox 1003 1472 1024 1514; x_wconf 86' lang='lat'>1.</span> <span class='ocrx_word' id='word_1_163' title='bbox 1041 1451 1105 1511; x_wconf 79' lang='grc' dir='ltr'>Ὀτι</span> <span class='ocrx_word' id='word_1_164' title='bbox 1119 1452 1229 1518; x_wconf 85' lang='grc' dir='ltr'>Κύιντος</span> <span class='ocrx_word' id='word_1_165' title='bbox 1243 1455 1256 1510; x_wconf 85' lang='grc' dir='ltr'><strong>ὁ</strong></span> <span class='ocrx_word' id='word_1_166' title='bbox 1272 1451 1407 1531; x_wconf 88' lang='grc' dir='ltr'>Μακρίνου</span> <span class='ocrx_word' id='word_1_167' title='bbox 1420 1451 1472 1520; x_wconf 80' lang='grc' dir='ltr'>υἱδς</span> <span class='ocrx_word' id='word_1_168' title='bbox 1485 1453 1515 1512; x_wconf 76' lang='lat' dir='ltr'>rb</span> <span class='ocrx_word' id='word_1_169' title='bbox 1530 1454 1660 1534; x_wconf 85' lang='grc' dir='ltr'>βασιλεῖον</span> <span class='ocrx_word' id='word_1_170' title='bbox 1678 1454 1741 1532; x_wconf 80' lang='grc' dir='ltr'>(καὶ</span> 
     </span>
     <span class='ocr_line' id='line_1_14' title="bbox 142 1537 1741 1623; baseline -0.004 -19"><span class='ocrx_word' id='word_1_171' title='bbox 142 1561 248 1623; x_wconf 80' lang='lat' dir='ltr'>septem</span> <span class='ocrx_word' id='word_1_172' title='bbox 260 1566 350 1604; x_wconf 72' lang='lat' dir='ltr'>annos</span> <span class='ocrx_word' id='word_1_173' title='bbox 364 1541 688 1622; x_wconf 69' lang='lat' dir='ltr'>(ubo-267jimperi0</span> <span class='ocrx_word' id='word_1_174' title='bbox 697 1545 805 1618; x_wconf 86' lang='lat' dir='ltr'>potitus</span> <span class='ocrx_word' id='word_1_175' title='bbox 818 1553 912 1611; x_wconf 59' lang='grc' dir='ltr'>τεὴν.</span> <span class='ocrx_word' id='word_1_176' title='bbox 963 1541 1145 1618; x_wconf 74' lang='grc' dir='ltr'>παραχρῆμα)</span> <span class='ocrx_word' id='word_1_177' title='bbox 1170 1541 1197 1597; x_wconf 85' lang='grc' dir='ltr'>ἐν</span> <span class='ocrx_word' id='word_1_178' title='bbox 1225 1537 1327 1618; x_wconf 64' lang='lat' dir='ltr'>&#39;Epio-p</span> <span class='ocrx_word' id='word_1_179' title='bbox 1351 1538 1477 1614; x_wconf 81' lang='grc' dir='ltr'>ἐκάθητο,</span> <span class='ocrx_word' id='word_1_180' title='bbox 1501 1541 1546 1599; x_wconf 86' lang='grc' dir='ltr'>καί</span> <span class='ocrx_word' id='word_1_181' title='bbox 1569 1540 1741 1620; x_wconf 88' lang='grc' dir='ltr'>παραγίνεται</span> 
     </span>
     <span class='ocr_line' id='line_1_15' title="bbox 141 1624 1742 1710; baseline -0.004 -19"><span class='ocrx_word' id='word_1_182' title='bbox 141 1637 296 1692; x_wconf 80' lang='lat' dir='ltr'>Trebellius</span> <span class='ocrx_word' id='word_1_183' title='bbox 313 1637 343 1690; x_wconf 89' lang='lat' dir='ltr'>in</span> <span class='ocrx_word' id='word_1_184' title='bbox 355 1635 433 1710; x_wconf 80' lang='lat' dir='ltr'>Trig.</span> <span class='ocrx_word' id='word_1_185' title='bbox 456 1644 510 1706; x_wconf 82' lang='lat' dir='ltr'>tyr.</span> <span class='ocrx_word' id='word_1_186' title='bbox 527 1651 552 1690; x_wconf 89' lang='lat' dir='ltr'>c.</span> <span class='ocrx_word' id='word_1_187' title='bbox 570 1650 586 1686; x_wconf 89' lang='lat' dir='ltr'>a</span> <span class='ocrx_word' id='word_1_188' title='bbox 607 1642 635 1687; x_wconf 87' lang='lat' dir='ltr'>ei</span> <span class='ocrx_word' id='word_1_189' title='bbox 653 1633 682 1685; x_wconf 90' lang='lat' dir='ltr'>in</span> <span class='ocrx_word' id='word_1_190' title='bbox 703 1631 866 1688; x_wconf 76' lang='lat' dir='ltr'>Gallieno.</span> <span class='ocrx_word' id='word_1_191' title='bbox 885 1635 918 1697; x_wconf 74' lang='grc' dir='ltr'>θς</span> <span class='ocrx_word' id='word_1_192' title='bbox 964 1625 1100 1693; x_wconf 84' lang='grc' dir='ltr'>Ὀδάναθος</span> <span class='ocrx_word' id='word_1_193' title='bbox 1121 1624 1189 1700; x_wconf 74' lang='grc' dir='ltr'>μετὰ</span> <span class='ocrx_word' id='word_1_194' title='bbox 1205 1625 1317 1696; x_wconf 78' lang='grc' dir='ltr'>πλήθους</span> <span class='ocrx_word' id='word_1_195' title='bbox 1341 1627 1493 1706; x_wconf 80' lang='grc' dir='ltr'>βαρύάρων,</span> <span class='ocrx_word' id='word_1_196' title='bbox 1508 1627 1552 1686; x_wconf 83' lang='grc' dir='ltr'>καί</span> <span class='ocrx_word' id='word_1_197' title='bbox 1566 1629 1642 1699; x_wconf 82' lang='grc' dir='ltr'>δηλοῖ</span> <span class='ocrx_word' id='word_1_198' title='bbox 1655 1629 1742 1694; x_wconf 84' lang='grc' dir='ltr'>αὐτοῖς</span> 
     </span>
     <span class='ocr_line' id='line_1_16' title="bbox 141 1705 1741 1794; baseline -0.004 -15"><span class='ocrx_word' id='word_1_199' title='bbox 141 1727 266 1779; x_wconf 79' lang='lat' dir='ltr'>Zonaras</span> <span class='ocrx_word' id='word_1_200' title='bbox 278 1722 352 1791; x_wconf 82' lang='lat' dir='ltr'>xu,</span> <span class='ocrx_word' id='word_1_201' title='bbox 367 1728 402 1788; x_wconf 66' lang='lat' dir='ltr'>al.</span> <span class='ocrx_word' id='word_1_202' title='bbox 413 1761 421 1790; x_wconf 93' lang='lat'>,</span> <span class='ocrx_word' id='word_1_203' title='bbox 432 1740 462 1794; x_wconf 90' lang='lat' dir='ltr'>p.</span> <span class='ocrx_word' id='word_1_204' title='bbox 477 1719 533 1793; x_wconf 81' lang='lat'>597</span> <span class='ocrx_word' id='word_1_205' title='bbox 546 1737 607 1792; x_wconf 90' lang='lat' dir='ltr'>sq.;</span> <span class='ocrx_word' id='word_1_206' title='bbox 618 1720 786 1787; x_wconf 86' lang='lat' dir='ltr'>Zosimnsl,</span> <span class='ocrx_word' id='word_1_207' title='bbox 801 1719 853 1787; x_wconf 77' lang='lat'>383</span> <span class='ocrx_word' id='word_1_208' title='bbox 867 1719 921 1773; x_wconf 92' lang='lat' dir='ltr'>Til·</span> <span class='ocrx_word' id='word_1_209' title='bbox 963 1711 1002 1771; x_wconf 76' lang='grc' dir='ltr'>ὅτι</span> <span class='ocrx_word' id='word_1_210' title='bbox 1016 1735 1033 1766; x_wconf 76' lang='grc' dir='ltr'>ε·</span> <span class='ocrx_word' id='word_1_211' title='bbox 1045 1713 1183 1792; x_wconf 86' lang='grc' dir='ltr'>Παράδστε</span> <span class='ocrx_word' id='word_1_212' title='bbox 1200 1711 1306 1784; x_wconf 77' lang='grc' dir='ltr'>αύτούς,</span> <span class='ocrx_word' id='word_1_213' title='bbox 1321 1712 1339 1784; x_wconf 73' lang='grc' dir='ltr'><strong>ἦ</strong></span> <span class='ocrx_word' id='word_1_214' title='bbox 1353 1713 1532 1791; x_wconf 82' lang='grc' dir='ltr'>πολεμήσετε.</span> <span class='ocrx_word' id='word_1_215' title='bbox 1550 1741 1563 1766; x_wconf 80' lang='grc' dir='ltr'>ν</span> <span class='ocrx_word' id='word_1_216' title='bbox 1575 1718 1611 1774; x_wconf 80' lang='grc' dir='ltr'>Οἱ</span> <span class='ocrx_word' id='word_1_217' title='bbox 1629 1713 1655 1774; x_wconf 83' lang='grc' dir='ltr'>δὲ</span> <span class='ocrx_word' id='word_1_218' title='bbox 1668 1705 1741 1773; x_wconf 76' lang='grc' dir='ltr'>εἶπον</span> 
     </span>
     <span class='ocr_line' id='line_1_17' title="bbox 141 1789 1741 1883; baseline -0.004 -19"><span class='ocrx_word' id='word_1_219' title='bbox 141 1809 259 1866; x_wconf 83' lang='grc' dir='ltr'>Ιειιιοπι.</span> <span class='ocrx_word' id='word_1_220' title='bbox 276 1811 335 1877; x_wconf 87' lang='grc' dir='ltr'>ΙΙΙ,</span> <span class='ocrx_word' id='word_1_221' title='bbox 349 1828 381 1883; x_wconf 90' lang='lat' dir='ltr'>p.</span> <span class='ocrx_word' id='word_1_222' title='bbox 405 1805 462 1862; x_wconf 78' lang='lat'>325</span> <span class='ocrx_word' id='word_1_223' title='bbox 481 1825 564 1880; x_wconf 86' lang='lat' dir='ltr'>sqq.;</span> <span class='ocrx_word' id='word_1_224' title='bbox 579 1807 713 1862; x_wconf 84' lang='lat' dir='ltr'>Diiuizer.</span> <span class='ocrx_word' id='word_1_225' title='bbox 733 1807 876 1860; x_wconf 81' lang='lat' dir='ltr'><em>Postumus</em></span> <span class='ocrx_word' id='word_1_226' title='bbox 889 1824 916 1859; x_wconf 91' lang='lat' dir='ltr'>u.</span> <span class='ocrx_word' id='word_1_227' title='bbox 963 1796 1003 1857; x_wconf 81' lang='grc' dir='ltr'>ὅτι</span> <span class='ocrx_word' id='word_1_228' title='bbox 1010 1797 1087 1857; x_wconf 74' lang='grc' dir='ltr'>πάνθ</span> <span class='ocrx_word' id='word_1_229' title='bbox 1093 1822 1118 1856; x_wconf 92' lang='grc' dir='ltr'>τι</span> <span class='ocrx_word' id='word_1_230' title='bbox 1125 1789 1168 1857; x_wconf 83' lang='grc' dir='ltr'>σύν</span> <span class='ocrx_word' id='word_1_231' title='bbox 1179 1797 1311 1877; x_wconf 76' lang='grc' dir='ltr'>ἠνείχοντο</span> <span class='ocrx_word' id='word_1_232' title='bbox 1321 1799 1485 1877; x_wconf 76' lang='grc' dir='ltr'>ὑπομένεινή</span> <span class='ocrx_word' id='word_1_233' title='bbox 1497 1799 1623 1881; x_wconf 81' lang='grc' dir='ltr'>βαρύάριρ</span> <span class='ocrx_word' id='word_1_234' title='bbox 1634 1801 1741 1867; x_wconf 74' lang='grc' dir='ltr'>ἑαυτοὺς</span> 
     </span>
     <span class='ocr_line' id='line_1_18' title="bbox 142 1883 1131 1967; baseline -0.005 -19"><span class='ocrx_word' id='word_1_235' title='bbox 142 1899 278 1951; x_wconf 77' lang='lat' dir='ltr'>Victorius</span> <span class='ocrx_word' id='word_1_236' title='bbox 300 1915 328 1954; x_wconf 94' lang='lat' dir='ltr'>u.</span> <span class='ocrx_word' id='word_1_237' title='bbox 355 1897 475 1950; x_wconf 79' lang='lat' dir='ltr'>Tetricru</span> <span class='ocrx_word' id='word_1_238' title='bbox 497 1899 526 1949; x_wconf 85' lang='lat' dir='ltr'>iu</span> <span class='ocrx_word' id='word_1_239' title='bbox 551 1895 661 1950; x_wconf 83' lang='lat' dir='ltr'>Gallieu</span> <span class='ocrx_word' id='word_1_240' title='bbox 690 1895 719 1948; x_wconf 91' lang='lat' dir='ltr'>in</span> <span class='ocrx_word' id='word_1_241' title='bbox 741 1883 918 1950; x_wconf 76' lang='lat' dir='ltr'>iiheiuloend.</span> <span class='ocrx_word' id='word_1_242' title='bbox 963 1887 1131 1967; x_wconf 78' lang='grc' dir='ltr'>παραδοῦναι.</span> 
     </span>
     <span class='ocr_line' id='line_1_19' title="bbox 141 1969 1740 2055; baseline -0.003 -19"><span class='ocrx_word' id='word_1_243' title='bbox 141 1983 240 2037; x_wconf 75' lang='lat' dir='ltr'>Jahrb.</span> <span class='ocrx_word' id='word_1_244' title='bbox 253 1983 308 2050; x_wconf 88' lang='lat' dir='ltr'>lv,</span> <span class='ocrx_word' id='word_1_245' title='bbox 323 1999 354 2055; x_wconf 89' lang='lat' dir='ltr'>p.</span> <span class='ocrx_word' id='word_1_246' title='bbox 373 1979 477 2046; x_wconf 71' lang='lat'><strong>45-58.</strong></span> <span class='ocrx_word' id='word_1_247' title='bbox 1002 1993 1027 2034; x_wconf 78' lang='lat' dir='ltr'>a.</span> <span class='ocrx_word' id='word_1_248' title='bbox 1048 1969 1112 2034; x_wconf 70' lang='lat' dir='ltr'>&#39;Ori</span> <span class='ocrx_word' id='word_1_249' title='bbox 1124 1977 1237 2053; x_wconf 81' lang='grc' dir='ltr'>Καρῖνος</span> <span class='ocrx_word' id='word_1_250' title='bbox 1251 1975 1420 2053; x_wconf 69' lang='grc' dir='ltr'>ἐδυσχέρανεν</span> <span class='ocrx_word' id='word_1_251' title='bbox 1435 1973 1514 2034; x_wconf 69' lang='lat' dir='ltr'>oboriri</span> <span class='ocrx_word' id='word_1_252' title='bbox 1533 1977 1585 2034; x_wconf 83' lang='grc' dir='ltr'>τῶν</span> <span class='ocrx_word' id='word_1_253' title='bbox 1598 1975 1740 2052; x_wconf 83' lang='grc' dir='ltr'>Ῥωμαίων</span> 
     </span>
     <span class='ocr_line' id='line_1_20' title="bbox 412 2061 1740 2169; baseline 0.002 -51"><span class='ocrx_word' id='word_1_254' title='bbox 412 2109 604 2169; x_wconf 60' lang='grc' dir='ltr'><strong>ΟΔΕΝΑΘΟΙ</strong></span> <span class='ocrx_word' id='word_1_255' title='bbox 624 2109 698 2169; x_wconf 59' lang='lat' dir='ltr'>Mo</span> <span class='ocrx_word' id='word_1_256' title='bbox 964 2065 1007 2119; x_wconf 79' lang='grc' dir='ltr'>τὸν</span> <span class='ocrx_word' id='word_1_257' title='bbox 1021 2061 1136 2136; x_wconf 86' lang='grc' dir='ltr'>πολεμον</span> <span class='ocrx_word' id='word_1_258' title='bbox 1147 2061 1299 2120; x_wconf 79' lang='grc' dir='ltr'>οἰκειώσατο</span> <span class='ocrx_word' id='word_1_259' title='bbox 1313 2062 1459 2129; x_wconf 87' lang='grc' dir='ltr'>Ὀδέναθος.</span> <span class='ocrx_word' id='word_1_260' title='bbox 1477 2062 1511 2122; x_wconf 90' lang='grc' dir='ltr'><strong>Ὁ</strong></span> <span class='ocrx_word' id='word_1_261' title='bbox 1524 2061 1551 2120; x_wconf 85' lang='grc' dir='ltr'>δέ</span> <span class='ocrx_word' id='word_1_262' title='bbox 1562 2067 1638 2121; x_wconf 87' lang='grc' dir='ltr'>τοῦτο</span> <span class='ocrx_word' id='word_1_263' title='bbox 1650 2061 1740 2139; x_wconf 86' lang='grc' dir='ltr'>μαθὼν</span> 
     </span>
     <span class='ocr_line' id='line_1_21' title="bbox 361 2130 1742 2228; baseline 0.001 -22"><span class='ocrx_word' id='word_1_264' title='bbox 361 2130 389 2181; x_wconf 78' lang='lat'>7⁴</span> <span class='ocrx_word' id='word_1_265' title='bbox 700 2153 708 2170; x_wconf 82' lang='lat'><em>⁶</em></span> <span class='ocrx_word' id='word_1_266' title='bbox 964 2147 1097 2207; x_wconf 79' lang='grc' dir='ltr'>ἐκέλευσεν</span> <span class='ocrx_word' id='word_1_267' title='bbox 1109 2149 1186 2206; x_wconf 84' lang='grc' dir='ltr'>αὐτὸν</span> <span class='ocrx_word' id='word_1_268' title='bbox 1199 2151 1379 2228; x_wconf 71' lang='grc' dir='ltr'>ἀναιρεθῆναι·</span> <span class='ocrx_word' id='word_1_269' title='bbox 1391 2149 1436 2209; x_wconf 81' lang='grc' dir='ltr'>καί</span> <span class='ocrx_word' id='word_1_270' title='bbox 1447 2152 1476 2208; x_wconf 87' lang='grc' dir='ltr'>ἐκ</span> <span class='ocrx_word' id='word_1_271' title='bbox 1486 2153 1537 2209; x_wconf 80' lang='grc' dir='ltr'>τῶν</span> <span class='ocrx_word' id='word_1_272' title='bbox 1546 2150 1646 2210; x_wconf 76' lang='grc' dir='ltr'>οἰκείων</span> <span class='ocrx_word' id='word_1_273' title='bbox 1655 2149 1742 2210; x_wconf 75' lang='grc' dir='ltr'>πολλὰ</span> 
     </span>
     <span class='ocr_line' id='line_1_22' title="bbox 179 2234 1741 2318; baseline -0.004 -17"><span class='ocrx_word' id='word_1_274' title='bbox 179 2239 245 2301; x_wconf 83' lang='grc' dir='ltr'>Ὅτι</span> <span class='ocrx_word' id='word_1_275' title='bbox 258 2239 303 2297; x_wconf 80' lang='grc' dir='ltr'>τὸν</span> <span class='ocrx_word' id='word_1_276' title='bbox 323 2237 464 2299; x_wconf 86' lang='grc' dir='ltr'>Ὀδέναθον</span> <span class='ocrx_word' id='word_1_277' title='bbox 476 2236 520 2296; x_wconf 80' lang='grc' dir='ltr'>τὸν</span> <span class='ocrx_word' id='word_1_278' title='bbox 534 2236 647 2296; x_wconf 80' lang='grc' dir='ltr'>παλαιὸν</span> <span class='ocrx_word' id='word_1_279' title='bbox 663 2236 800 2318; x_wconf 81' lang='grc' dir='ltr'>Ῥουρῑνος</span> <span class='ocrx_word' id='word_1_280' title='bbox 817 2240 919 2316; x_wconf 80' lang='grc' dir='ltr'>ἀναιρεῖ</span> <span class='ocrx_word' id='word_1_281' title='bbox 964 2234 1168 2315; x_wconf 84' lang='grc' dir='ltr'>ἐριλοτιμήοατο</span> <span class='ocrx_word' id='word_1_282' title='bbox 1180 2235 1307 2315; x_wconf 83' lang='grc' dir='ltr'>εἰςταρήν</span> <span class='ocrx_word' id='word_1_283' title='bbox 1326 2238 1420 2309; x_wconf 79' lang='grc' dir='ltr'>αὐτοῦ,</span> <span class='ocrx_word' id='word_1_284' title='bbox 1435 2235 1510 2294; x_wconf 77' lang='grc' dir='ltr'>ἅτινα</span> <span class='ocrx_word' id='word_1_285' title='bbox 1522 2236 1567 2295; x_wconf 79' lang='grc' dir='ltr'>καί</span> <span class='ocrx_word' id='word_1_286' title='bbox 1579 2239 1654 2305; x_wconf 83' lang='grc' dir='ltr'>ζῶντι</span> <span class='ocrx_word' id='word_1_287' title='bbox 1669 2239 1741 2317; x_wconf 80' lang='grc' dir='ltr'>αὐτῷ</span> 
     </span>
     <span class='ocr_line' id='line_1_23' title="bbox 141 2321 1742 2405; baseline 0.001 -24"><span class='ocrx_word' id='word_1_288' title='bbox 141 2329 175 2392; x_wconf 86' lang='grc' dir='ltr'>ὡς</span> <span class='ocrx_word' id='word_1_289' title='bbox 187 2323 321 2405; x_wconf 80' lang='grc' dir='ltr'>νεωτέροις</span> <span class='ocrx_word' id='word_1_290' title='bbox 342 2326 523 2405; x_wconf 78' lang='grc' dir='ltr'>ἐπιχειροῦντα</span> <span class='ocrx_word' id='word_1_291' title='bbox 543 2324 708 2404; x_wconf 88' lang='grc' dir='ltr'>πράγμασιν.</span> <span class='ocrx_word' id='word_1_292' title='bbox 727 2325 876 2403; x_wconf 87' lang='grc' dir='ltr'>Κατηγόρει</span> <span class='ocrx_word' id='word_1_293' title='bbox 892 2324 919 2382; x_wconf 85' lang='grc' dir='ltr'>δὲ</span> <span class='ocrx_word' id='word_1_294' title='bbox 964 2321 1101 2390; x_wconf 78' lang='grc' dir='ltr'>ἐπέδειξεν.</span> <span class='ocrx_word' id='word_1_295' title='bbox 1118 2321 1154 2382; x_wconf 89' lang='grc' dir='ltr'><strong>Ὁ</strong></span> <span class='ocrx_word' id='word_1_296' title='bbox 1168 2321 1195 2380; x_wconf 78' lang='grc' dir='ltr'>δὲ</span> <span class='ocrx_word' id='word_1_297' title='bbox 1207 2322 1320 2400; x_wconf 83' lang='grc' dir='ltr'>γελάσας</span> <span class='ocrx_word' id='word_1_298' title='bbox 1332 2321 1380 2404; x_wconf 80' lang='grc' dir='ltr'>ἔφη</span> <span class='ocrx_word' id='word_1_299' title='bbox 1391 2326 1491 2394; x_wconf 84' lang='grc' dir='ltr'>πολλῆς</span> <span class='ocrx_word' id='word_1_300' title='bbox 1502 2323 1616 2401; x_wconf 79' lang='grc' dir='ltr'>ἀμαθίας</span> <span class='ocrx_word' id='word_1_301' title='bbox 1627 2325 1672 2384; x_wconf 83' lang='grc' dir='ltr'>καί</span> <span class='ocrx_word' id='word_1_302' title='bbox 1685 2327 1742 2395; x_wconf 84' lang='grc' dir='ltr'>εὐη·</span> 
     </span>
     <span class='ocr_line' id='line_1_24' title="bbox 141 2408 1742 2493; baseline -0.001 -23"><span class='ocrx_word' id='word_1_303' title='bbox 141 2417 154 2470; x_wconf 87' lang='grc' dir='ltr'>δ</span> <span class='ocrx_word' id='word_1_304' title='bbox 173 2413 297 2491; x_wconf 87' lang='grc' dir='ltr'>νεώτερος</span> <span class='ocrx_word' id='word_1_305' title='bbox 319 2411 458 2478; x_wconf 83' lang='grc' dir='ltr'>Ὀδίναθσς</span> <span class='ocrx_word' id='word_1_306' title='bbox 478 2411 615 2491; x_wconf 86' lang='grc' dir='ltr'>Ῥουτρίνου</span> <span class='ocrx_word' id='word_1_307' title='bbox 629 2416 664 2478; x_wconf 82' lang='grc' dir='ltr'>ὡς</span> <span class='ocrx_word' id='word_1_308' title='bbox 685 2412 854 2493; x_wconf 79' lang='grc' dir='ltr'>φονεύσαντος</span> <span class='ocrx_word' id='word_1_309' title='bbox 876 2411 919 2470; x_wconf 87' lang='grc' dir='ltr'>τὸν</span> <span class='ocrx_word' id='word_1_310' title='bbox 964 2408 1034 2474; x_wconf 86' lang='grc' dir='ltr'>θείας</span> <span class='ocrx_word' id='word_1_311' title='bbox 1047 2411 1236 2488; x_wconf 83' lang='grc' dir='ltr'>πεπληρῶσθαι</span> <span class='ocrx_word' id='word_1_312' title='bbox 1250 2409 1294 2467; x_wconf 85' lang='grc' dir='ltr'>τὸν</span> <span class='ocrx_word' id='word_1_313' title='bbox 1310 2409 1404 2491; x_wconf 85' lang='grc' dir='ltr'>άνδρα·</span> <span class='ocrx_word' id='word_1_314' title='bbox 1419 2409 1533 2488; x_wconf 78' lang='grc' dir='ltr'>ἀμαθίας</span> <span class='ocrx_word' id='word_1_315' title='bbox 1547 2411 1607 2487; x_wconf 82' lang='grc' dir='ltr'>μὲν,</span> <span class='ocrx_word' id='word_1_316' title='bbox 1629 2409 1669 2470; x_wconf 82' lang='grc' dir='ltr'>δτι</span> <span class='ocrx_word' id='word_1_317' title='bbox 1683 2411 1742 2479; x_wconf 83' lang='grc' dir='ltr'>τσδς</span> 
     </span>
     <span class='ocr_line' id='line_1_25' title="bbox 141 2493 1741 2578; baseline -0.001 -22"><span class='ocrx_word' id='word_1_318' title='bbox 141 2499 243 2578; x_wconf 82' lang='grc' dir='ltr'>πατέρα</span> <span class='ocrx_word' id='word_1_319' title='bbox 257 2499 347 2558; x_wconf 79' lang='grc' dir='ltr'>αὐτοῦ.</span> <span class='ocrx_word' id='word_1_320' title='bbox 364 2497 400 2557; x_wconf 86' lang='lat'>‘0</span> <span class='ocrx_word' id='word_1_321' title='bbox 419 2496 446 2556; x_wconf 87' lang='grc' dir='ltr'>δέ</span> <span class='ocrx_word' id='word_1_322' title='bbox 461 2499 581 2576; x_wconf 81' lang='grc' dir='ltr'>βασιλεὺς</span> <span class='ocrx_word' id='word_1_323' title='bbox 594 2496 714 2578; x_wconf 87' lang='grc' dir='ltr'>ἠρώτησε</span> <span class='ocrx_word' id='word_1_324' title='bbox 726 2498 770 2558; x_wconf 83' lang='grc' dir='ltr'>τδν</span> <span class='ocrx_word' id='word_1_325' title='bbox 784 2497 919 2578; x_wconf 73' lang='grc' dir='ltr'>Ῥουφῖνον</span> <span class='ocrx_word' id='word_1_326' title='bbox 964 2493 1069 2573; x_wconf 82' lang='grc' dir='ltr'>ἐχθροὺς</span> <span class='ocrx_word' id='word_1_327' title='bbox 1083 2497 1249 2574; x_wconf 81' lang='grc' dir='ltr'>άναιροῒιμεν,</span> <span class='ocrx_word' id='word_1_328' title='bbox 1259 2499 1312 2560; x_wconf 83' lang='grc' dir='ltr'>τοῖς</span> <span class='ocrx_word' id='word_1_329' title='bbox 1324 2496 1352 2554; x_wconf 86' lang='grc' dir='ltr'>δέ</span> <span class='ocrx_word' id='word_1_330' title='bbox 1366 2496 1448 2577; x_wconf 73' lang='grc' dir='ltr'>φίλοις</span> <span class='ocrx_word' id='word_1_331' title='bbox 1459 2497 1629 2577; x_wconf 78' lang='grc' dir='ltr'>χαριζόμεθα·</span> <span class='ocrx_word' id='word_1_332' title='bbox 1641 2499 1741 2574; x_wconf 77' lang='grc' dir='ltr'>ἀγνοεῖν</span> 
     </span>
     <span class='ocr_line' id='line_1_26' title="bbox 141 2575 1740 2664; baseline 0.002 -24"><span class='ocrx_word' id='word_1_333' title='bbox 141 2585 182 2643; x_wconf 82' lang='grc' dir='ltr'>δεδι</span> <span class='ocrx_word' id='word_1_334' title='bbox 200 2585 226 2644; x_wconf 87' lang='grc' dir='ltr'>τί</span> <span class='ocrx_word' id='word_1_335' title='bbox 239 2589 316 2644; x_wconf 73' lang='grc' dir='ltr'>τοῦτο</span> <span class='ocrx_word' id='word_1_336' title='bbox 330 2584 461 2654; x_wconf 85' lang='grc' dir='ltr'>ἐποίησεν,</span> <span class='ocrx_word' id='word_1_337' title='bbox 478 2583 509 2644; x_wconf 89' lang='lat'>‘0</span> <span class='ocrx_word' id='word_1_338' title='bbox 524 2583 551 2642; x_wconf 85' lang='grc' dir='ltr'>δέ</span> <span class='ocrx_word' id='word_1_339' title='bbox 566 2575 636 2642; x_wconf 75' lang='grc' dir='ltr'>εἶπεν</span> <span class='ocrx_word' id='word_1_340' title='bbox 652 2585 692 2643; x_wconf 79' lang='grc' dir='ltr'>ὅτι</span> <span class='ocrx_word' id='word_1_341' title='bbox 706 2584 753 2643; x_wconf 84' lang='grc' dir='ltr'>σὺν</span> <span class='ocrx_word' id='word_1_342' title='bbox 775 2585 832 2664; x_wconf 83' lang='grc' dir='ltr'>δίκῃ</span> <span class='ocrx_word' id='word_1_343' title='bbox 845 2589 920 2644; x_wconf 81' lang='grc' dir='ltr'>τοῦτο</span> <span class='ocrx_word' id='word_1_344' title='bbox 965 2581 991 2639; x_wconf 80' lang='grc' dir='ltr'>δέ</span> <span class='ocrx_word' id='word_1_345' title='bbox 1004 2582 1081 2648; x_wconf 80' lang='grc' dir='ltr'>αὐτὸς</span> <span class='ocrx_word' id='word_1_346' title='bbox 1094 2582 1203 2661; x_wconf 85' lang='grc' dir='ltr'>πότερον</span> <span class='ocrx_word' id='word_1_347' title='bbox 1218 2585 1253 2650; x_wconf 86' lang='grc' dir='ltr'>είς</span> <span class='ocrx_word' id='word_1_348' title='bbox 1265 2583 1353 2663; x_wconf 81' lang='grc' dir='ltr'>φίλους</span> <span class='ocrx_word' id='word_1_349' title='bbox 1366 2583 1383 2656; x_wconf 76' lang='grc' dir='ltr'>ἢ</span> <span class='ocrx_word' id='word_1_350' title='bbox 1395 2585 1430 2652; x_wconf 84' lang='grc' dir='ltr'>εἰς</span> <span class='ocrx_word' id='word_1_351' title='bbox 1444 2584 1549 2664; x_wconf 80' lang='grc' dir='ltr'>ἐχθρούς</span> <span class='ocrx_word' id='word_1_352' title='bbox 1562 2584 1633 2652; x_wconf 79' lang='grc' dir='ltr'>τάξει</span> <span class='ocrx_word' id='word_1_353' title='bbox 1645 2584 1740 2643; x_wconf 83' lang='grc' dir='ltr'>αὐτόν·</span> 
     </span>
     <span class='ocr_line' id='line_1_27' title="bbox 142 2667 1811 2752; baseline 0.001 -22"><span class='ocrx_word' id='word_1_354' title='bbox 142 2673 263 2744; x_wconf 86' lang='grc' dir='ltr'>ἐποίησε·</span> <span class='ocrx_word' id='word_1_355' title='bbox 281 2699 293 2724; x_wconf 83' lang='grc' dir='ltr'>ι</span> <span class='ocrx_word' id='word_1_356' title='bbox 311 2672 416 2737; x_wconf 78' lang='grc' dir='ltr'>Καινοῖς</span> <span class='ocrx_word' id='word_1_357' title='bbox 426 2672 476 2750; x_wconf 76' lang='grc' dir='ltr'>γάρ</span> <span class='ocrx_word' id='word_1_358' title='bbox 491 2671 620 2751; x_wconf 85' lang='grc' dir='ltr'>ἐπεχείρει</span> <span class='ocrx_word' id='word_1_359' title='bbox 633 2671 787 2752; x_wconf 88' lang='grc' dir='ltr'>πράγμασι·</span> <span class='ocrx_word' id='word_1_360' title='bbox 804 2671 848 2731; x_wconf 81' lang='grc' dir='ltr'>καί</span> <span class='ocrx_word' id='word_1_361' title='bbox 869 2671 919 2730; x_wconf 84' lang='grc' dir='ltr'>είθε</span> <span class='ocrx_word' id='word_1_362' title='bbox 965 2667 1080 2740; x_wconf 75' lang='grc' dir='ltr'>εὐηθείας</span> <span class='ocrx_word' id='word_1_363' title='bbox 1093 2669 1134 2742; x_wconf 90' lang='grc' dir='ltr'>δέ,</span> <span class='ocrx_word' id='word_1_364' title='bbox 1148 2669 1188 2728; x_wconf 84' lang='grc' dir='ltr'>ὅτι</span> <span class='ocrx_word' id='word_1_365' title='bbox 1202 2670 1323 2749; x_wconf 87' lang='grc' dir='ltr'>βούλεται</span> <span class='ocrx_word' id='word_1_366' title='bbox 1334 2671 1456 2752; x_wconf 79' lang='grc' dir='ltr'>περιόντα</span> <span class='ocrx_word' id='word_1_367' title='bbox 1468 2673 1546 2731; x_wconf 80' lang='grc' dir='ltr'>αὐτὸν</span> <span class='ocrx_word' id='word_1_368' title='bbox 1561 2672 1606 2730; x_wconf 81' lang='grc' dir='ltr'>καί</span> <span class='ocrx_word' id='word_1_369' title='bbox 1621 2673 1740 2732; x_wconf 81' lang='grc' dir='ltr'>αἰσθανύ·</span> <span class='ocrx_word' id='word_1_370' title='bbox 1805 2697 1811 2705; x_wconf 93' lang='grc'><strong><em>·</em></strong></span> 
     </span>
     <span class='ocr_line' id='line_1_28' title="bbox 142 2756 1744 2836; baseline 0.002 -26"><span class='ocrx_word' id='word_1_371' title='bbox 142 2757 280 2836; x_wconf 80' lang='grc' dir='ltr'>ἔπε’τρεπές</span> <span class='ocrx_word' id='word_1_372' title='bbox 294 2779 339 2834; x_wconf 92' lang='grc' dir='ltr'>μοι</span> <span class='ocrx_word' id='word_1_373' title='bbox 353 2756 398 2814; x_wconf 84' lang='grc' dir='ltr'>καὶ</span> <span class='ocrx_word' id='word_1_374' title='bbox 407 2762 496 2815; x_wconf 77' lang='grc' dir='ltr'>τοῦτον</span> <span class='ocrx_word' id='word_1_375' title='bbox 508 2757 551 2815; x_wconf 84' lang='grc' dir='ltr'>τὸν</span> <span class='ocrx_word' id='word_1_376' title='bbox 567 2757 705 2818; x_wconf 83' lang='grc' dir='ltr'>Ὀδέναθον</span> <span class='ocrx_word' id='word_1_377' title='bbox 717 2757 760 2817; x_wconf 81' lang='grc' dir='ltr'>τὸν</span> <span class='ocrx_word' id='word_1_378' title='bbox 775 2758 828 2816; x_wconf 79' lang='lat' dir='ltr'>albu</span> <span class='ocrx_word' id='word_1_379' title='bbox 841 2761 919 2818; x_wconf 79' lang='grc' dir='ltr'>αὐτού</span> <span class='ocrx_word' id='word_1_380' title='bbox 965 2778 1041 2832; x_wconf 88' lang='grc' dir='ltr'>μενον</span> <span class='ocrx_word' id='word_1_381' title='bbox 1054 2757 1172 2828; x_wconf 79' lang='grc' dir='ltr'>λυπῆσαι</span> <span class='ocrx_word' id='word_1_382' title='bbox 1183 2757 1228 2815; x_wconf 77' lang='grc' dir='ltr'>καί</span> <span class='ocrx_word' id='word_1_383' title='bbox 1238 2762 1377 2836; x_wconf 79' lang='grc' dir='ltr'>φονεῦσαι,</span> <span class='ocrx_word' id='word_1_384' title='bbox 1390 2759 1550 2818; x_wconf 81' lang='grc' dir='ltr'>τελευτῶντα</span> <span class='ocrx_word' id='word_1_385' title='bbox 1565 2756 1592 2817; x_wconf 87' lang='grc' dir='ltr'>δέ</span> <span class='ocrx_word' id='word_1_386' title='bbox 1609 2757 1654 2816; x_wconf 81' lang='grc' dir='ltr'>καί</span> <span class='ocrx_word' id='word_1_387' title='bbox 1667 2761 1744 2816; x_wconf 89' lang='grc' dir='ltr'>άναι-</span> 
     </span>
     <span class='ocr_line' id='line_1_29' title="bbox 142 2836 1741 2924; baseline 0.001 -24"><span class='ocrx_word' id='word_1_388' title='bbox 142 2845 254 2920; x_wconf 77' lang='grc' dir='ltr'>ἀνελεῖν,</span> <span class='ocrx_word' id='word_1_389' title='bbox 263 2843 309 2901; x_wconf 82' lang='grc' dir='ltr'>καί</span> <span class='ocrx_word' id='word_1_390' title='bbox 319 2847 485 2923; x_wconf 80' lang='grc' dir='ltr'>παραχρῆμα</span> <span class='ocrx_word' id='word_1_391' title='bbox 497 2849 573 2902; x_wconf 76' lang='grc' dir='ltr'>τοῦτο</span> <span class='ocrx_word' id='word_1_392' title='bbox 584 2843 695 2904; x_wconf 88' lang='grc' dir='ltr'>ἐποίουν.</span> <span class='ocrx_word' id='word_1_393' title='bbox 707 2836 815 2904; x_wconf 68' lang='lat' dir='ltr'>»livii</span> <span class='ocrx_word' id='word_1_394' title='bbox 825 2845 920 2905; x_wconf 84' lang='grc' dir='ltr'>θῬου-</span> <span class='ocrx_word' id='word_1_395' title='bbox 966 2847 1108 2914; x_wconf 82' lang='grc' dir='ltr'>σθητοῦντα</span> <span class='ocrx_word' id='word_1_396' title='bbox 1124 2845 1231 2924; x_wconf 83' lang='grc' dir='ltr'>δωρεαῖς</span> <span class='ocrx_word' id='word_1_397' title='bbox 1242 2853 1330 2920; x_wconf 74' lang='grc' dir='ltr'>τιμᾶν.</span> <span class='ocrx_word' id='word_1_398' title='bbox 1350 2878 1389 2890; x_wconf 89' lang='grc'><strong>-</strong></span> <span class='ocrx_word' id='word_1_399' title='bbox 1405 2846 1459 2905; x_wconf 82' lang='grc' dir='ltr'>Καὶ</span> <span class='ocrx_word' id='word_1_400' title='bbox 1473 2849 1490 2916; x_wconf 89' lang='grc' dir='ltr'>ή</span> <span class='ocrx_word' id='word_1_401' title='bbox 1505 2843 1618 2917; x_wconf 89' lang='grc' dir='ltr'>τοσαύτη</span> <span class='ocrx_word' id='word_1_402' title='bbox 1634 2844 1741 2924; x_wconf 80' lang='grc' dir='ltr'>εὐτυχία</span> 
     </span>
     <span class='ocr_line' id='line_1_30' title="bbox 143 2929 1339 3010; baseline 0 -22"><span class='ocrx_word' id='word_1_403' title='bbox 143 2939 213 3008; x_wconf 70' lang='grc' dir='ltr'>ρῖνσς</span> <span class='ocrx_word' id='word_1_404' title='bbox 223 2929 354 3006; x_wconf 83' lang='grc' dir='ltr'>ποδαλγδς</span> <span class='ocrx_word' id='word_1_405' title='bbox 367 2930 413 2988; x_wconf 86' lang='grc' dir='ltr'>καὶ</span> <span class='ocrx_word' id='word_1_406' title='bbox 426 2929 578 3008; x_wconf 84' lang='grc' dir='ltr'>χειραλγδς,</span> <span class='ocrx_word' id='word_1_407' title='bbox 591 2932 723 2998; x_wconf 85' lang='grc' dir='ltr'>παντελῶς</span> <span class='ocrx_word' id='word_1_408' title='bbox 735 2929 772 3008; x_wconf 87' lang='grc' dir='ltr'>μή</span> <span class='ocrx_word' id='word_1_409' title='bbox 784 2936 920 3001; x_wconf 76' lang='grc' dir='ltr'>κινηθῆναι</span> <span class='ocrx_word' id='word_1_410' title='bbox 966 2929 1075 3009; x_wconf 86' lang='grc' dir='ltr'>ταχείαν</span> <span class='ocrx_word' id='word_1_411' title='bbox 1088 2931 1149 3010; x_wconf 89' lang='grc' dir='ltr'>ἐσχε</span> <span class='ocrx_word' id='word_1_412' title='bbox 1165 2931 1339 3006; x_wconf 88' lang='grc' dir='ltr'>μετάπτωσιν.</span> 
     </span>
     <span class='ocr_line' id='line_1_31' title="bbox 141 3013 1743 3097; baseline 0.002 -26"><span class='ocrx_word' id='word_1_413' title='bbox 141 3015 291 3090; x_wconf 78' lang='grc' dir='ltr'>δυνάμενος.</span> <span class='ocrx_word' id='word_1_414' title='bbox 310 3013 364 3075; x_wconf 83' lang='grc' dir='ltr'>Καί</span> <span class='ocrx_word' id='word_1_415' title='bbox 379 3014 465 3090; x_wconf 83' lang='grc' dir='ltr'>ἔλεγεν</span> <span class='ocrx_word' id='word_1_416' title='bbox 478 3017 573 3096; x_wconf 82' lang='grc' dir='ltr'>αθτῷθ</span> <span class='ocrx_word' id='word_1_417' title='bbox 587 3017 723 3094; x_wconf 84' lang='grc' dir='ltr'>βασιλεύς·</span> <span class='ocrx_word' id='word_1_418' title='bbox 739 3017 831 3097; x_wconf 70' lang='grc' dir='ltr'>«Ποία</span> <span class='ocrx_word' id='word_1_419' title='bbox 843 3017 920 3076; x_wconf 87' lang='grc' dir='ltr'>δυνά·</span> <span class='ocrx_word' id='word_1_420' title='bbox 1006 3018 1141 3084; x_wconf 80' lang='grc' dir='ltr'>Κόιντος</span> <span class='ocrx_word' id='word_1_421' title='bbox 1152 3019 1162 3096; x_wconf 86' lang='grc'>]</span> <span class='ocrx_word' id='word_1_422' title='bbox 1172 3023 1217 3076; x_wconf 90' lang='lat' dir='ltr'>Sic</span> <span class='ocrx_word' id='word_1_423' title='bbox 1228 3023 1311 3077; x_wconf 81' lang='lat' dir='ltr'>etiam</span> <span class='ocrx_word' id='word_1_424' title='bbox 1326 3023 1449 3076; x_wconf 80' lang='lat' dir='ltr'><strong>Zonaras</strong></span> <span class='ocrx_word' id='word_1_425' title='bbox 1459 3023 1529 3090; x_wconf 85' lang='lat' dir='ltr'>XII,</span> <span class='ocrx_word' id='word_1_426' title='bbox 1544 3029 1592 3087; x_wconf 76' lang='lat' dir='ltr'>al.</span> <span class='ocrx_word' id='word_1_427' title='bbox 1604 3021 1743 3078; x_wconf 83' lang='lat' dir='ltr'>Trebellio</span> 
     </span>
     <span class='ocr_line' id='line_1_32' title="bbox 140 3100 1744 3183; baseline 0.003 -25"><span class='ocrx_word' id='word_1_428' title='bbox 140 3124 182 3176; x_wconf 88' lang='grc' dir='ltr'>μει</span> <span class='ocrx_word' id='word_1_429' title='bbox 196 3102 243 3159; x_wconf 79' lang='grc' dir='ltr'>καί</span> <span class='ocrx_word' id='word_1_430' title='bbox 257 3101 325 3180; x_wconf 84' lang='grc' dir='ltr'>ποίῳ</span> <span class='ocrx_word' id='word_1_431' title='bbox 347 3100 452 3178; x_wconf 89' lang='grc' dir='ltr'>σώματι</span> <span class='ocrx_word' id='word_1_432' title='bbox 471 3105 572 3183; x_wconf 84' lang='grc' dir='ltr'>θαρρῶν</span> <span class='ocrx_word' id='word_1_433' title='bbox 586 3109 669 3160; x_wconf 82' lang='grc' dir='ltr'>ταῦτα</span> <span class='ocrx_word' id='word_1_434' title='bbox 683 3102 780 3180; x_wconf 85' lang='grc' dir='ltr'>λέγεις;</span> <span class='ocrx_word' id='word_1_435' title='bbox 804 3131 815 3156; x_wconf 78' lang='grc' dir='ltr'>ε</span> <span class='ocrx_word' id='word_1_436' title='bbox 834 3103 868 3164; x_wconf 91' lang='grc' dir='ltr'><strong>Ὁ</strong></span> <span class='ocrx_word' id='word_1_437' title='bbox 892 3105 919 3163; x_wconf 84' lang='grc' dir='ltr'>δέ</span> <span class='ocrx_word' id='word_1_438' title='bbox 965 3107 1088 3166; x_wconf 88' lang='lat' dir='ltr'>Pollioni</span> <span class='ocrx_word' id='word_1_439' title='bbox 1098 3110 1214 3180; x_wconf 78' lang='lat' dir='ltr'>Quietus</span> <span class='ocrx_word' id='word_1_440' title='bbox 1225 3107 1342 3178; x_wconf 87' lang='lat' dir='ltr'>dicitur,</span> <span class='ocrx_word' id='word_1_441' title='bbox 1353 3111 1547 3178; x_wconf 85' lang='lat' dir='ltr'>rectius;nam</span> <span class='ocrx_word' id='word_1_442' title='bbox 1559 3111 1599 3164; x_wconf 88' lang='lat' dir='ltr'>sic</span> <span class='ocrx_word' id='word_1_443' title='bbox 1611 3111 1641 3162; x_wconf 89' lang='lat' dir='ltr'>in</span> <span class='ocrx_word' id='word_1_444' title='bbox 1652 3110 1744 3163; x_wconf 82' lang='lat' dir='ltr'>nuruis</span> 
     </span>
     <span class='ocr_line' id='line_1_33' title="bbox 140 3187 1746 3268; baseline 0.001 -22"><span class='ocrx_word' id='word_1_445' title='bbox 140 3189 241 3265; x_wconf 76' lang='grc' dir='ltr'>ἔλεγεν·</span> <span class='ocrx_word' id='word_1_446' title='bbox 255 3215 267 3240; x_wconf 82' lang='grc' dir='ltr'>ι</span> <span class='ocrx_word' id='word_1_447' title='bbox 282 3187 352 3248; x_wconf 69' lang='lat' dir='ltr'>olii</span> <span class='ocrx_word' id='word_1_448' title='bbox 367 3191 390 3248; x_wconf 86' lang='grc' dir='ltr'>εί</span> <span class='ocrx_word' id='word_1_449' title='bbox 402 3189 492 3268; x_wconf 79' lang='grc' dir='ltr'>ἔτυχον</span> <span class='ocrx_word' id='word_1_450' title='bbox 511 3189 582 3268; x_wconf 83' lang='grc' dir='ltr'>ὑγιής</span> <span class='ocrx_word' id='word_1_451' title='bbox 597 3188 633 3247; x_wconf 80' lang='grc' dir='ltr'>ὢν</span> <span class='ocrx_word' id='word_1_452' title='bbox 647 3192 725 3249; x_wconf 79' lang='grc' dir='ltr'>πλέον</span> <span class='ocrx_word' id='word_1_453' title='bbox 742 3195 787 3262; x_wconf 82' lang='grc' dir='ltr'>τῆς</span> <span class='ocrx_word' id='word_1_454' title='bbox 802 3190 920 3262; x_wconf 82' lang='grc' dir='ltr'>νεότητός</span> <span class='ocrx_word' id='word_1_455' title='bbox 965 3196 1101 3250; x_wconf 84' lang='lat' dir='ltr'>Romanis</span> <span class='ocrx_word' id='word_1_456' title='bbox 1128 3206 1279 3268; x_wconf 78' lang='lat' dir='ltr'>exaratur3</span> <span class='ocrx_word' id='word_1_457' title='bbox 1303 3197 1332 3248; x_wconf 89' lang='lat' dir='ltr'>in</span> <span class='ocrx_word' id='word_1_458' title='bbox 1364 3197 1456 3251; x_wconf 87' lang='lat' dir='ltr'>numis</span> <span class='ocrx_word' id='word_1_459' title='bbox 1486 3195 1681 3252; x_wconf 82' lang='lat' dir='ltr'>Alexandrinis</span> <span class='ocrx_word' id='word_1_460' title='bbox 1704 3205 1746 3250; x_wconf 88' lang='lat' dir='ltr'>est</span> 
     </span>
    </p>
   </div>
   <div class='ocr_carea' id='block_1_3' title="bbox 139 3352 1746 4040">
    <p class='ocr_par' dir='ltr' id='par_1_3' title="bbox 139 3352 1746 3726">
     <span class='ocr_line' id='line_1_34' title="bbox 139 3352 1744 3419; baseline 0.002 -19"><span class='ocrx_word' id='word_1_461' title='bbox 139 3352 280 3414; x_wconf 70' lang='lat' dir='ltr'>discederet,</span> <span class='ocrx_word' id='word_1_462' title='bbox 292 3355 375 3414; x_wconf 76' lang='lat' dir='ltr'>postea</span> <span class='ocrx_word' id='word_1_463' title='bbox 386 3355 502 3414; x_wconf 75' lang='lat' dir='ltr'>regnaret.</span> <span class='ocrx_word' id='word_1_464' title='bbox 513 3352 644 3415; x_wconf 73' lang='lat' dir='ltr'>Respondit</span> <span class='ocrx_word' id='word_1_465' title='bbox 659 3358 802 3405; x_wconf 80' lang='lat' dir='ltr'><strong>Postumus:</strong></span> <span class='ocrx_word' id='word_1_466' title='bbox 816 3375 827 3397; x_wconf 77' lang='grc' dir='ltr'>ι</span> <span class='ocrx_word' id='word_1_467' title='bbox 839 3359 923 3418; x_wconf 80' lang='lat' dir='ltr'>Neque</span> <span class='ocrx_word' id='word_1_468' title='bbox 967 3357 1032 3406; x_wconf 87' lang='lat' dir='ltr'>ribus</span> <span class='ocrx_word' id='word_1_469' title='bbox 1044 3356 1100 3406; x_wconf 81' lang='lat' dir='ltr'>huic</span> <span class='ocrx_word' id='word_1_470' title='bbox 1113 3369 1220 3418; x_wconf 85' lang='lat' dir='ltr'>unquam</span> <span class='ocrx_word' id='word_1_471' title='bbox 1230 3369 1316 3406; x_wconf 79' lang='lat' dir='ltr'>nocere</span> <span class='ocrx_word' id='word_1_472' title='bbox 1326 3369 1418 3419; x_wconf 81' lang='lat' dir='ltr'>possam</span> <span class='ocrx_word' id='word_1_473' title='bbox 1430 3375 1436 3405; x_wconf 76' lang='grc' dir='ltr'>ι</span> <span class='ocrx_word' id='word_1_474' title='bbox 1449 3356 1491 3406; x_wconf 86' lang='lat' dir='ltr'>sod</span> <span class='ocrx_word' id='word_1_475' title='bbox 1502 3358 1544 3406; x_wconf 80' lang='lat' dir='ltr'>lui</span> <span class='ocrx_word' id='word_1_476' title='bbox 1552 3355 1744 3417; x_wconf 77' lang='lat' dir='ltr'>donnajubeos</span> 
     </span>
     <span class='ocr_line' id='line_1_35' title="bbox 141 3430 1744 3497; baseline 0.003 -18"><span class='ocrx_word' id='word_1_477' title='bbox 141 3435 165 3479; x_wconf 78' lang='lat' dir='ltr'>ir</span> <span class='ocrx_word' id='word_1_478' title='bbox 174 3430 322 3492; x_wconf 78' lang='lat' dir='ltr'>sponierim</span> <span class='ocrx_word' id='word_1_479' title='bbox 331 3431 403 3493; x_wconf 81' lang='lat' dir='ltr'>Alpes</span> <span class='ocrx_word' id='word_1_480' title='bbox 409 3431 556 3493; x_wconf 81' lang='lat' dir='ltr'>transgredi,</span> <span class='ocrx_word' id='word_1_481' title='bbox 570 3443 647 3493; x_wconf 87' lang='lat' dir='ltr'>neque</span> <span class='ocrx_word' id='word_1_482' title='bbox 656 3433 680 3481; x_wconf 93' lang='lat' dir='ltr'>in</span> <span class='ocrx_word' id='word_1_483' title='bbox 693 3446 744 3482; x_wconf 85' lang='lat' dir='ltr'>eam</span> <span class='ocrx_word' id='word_1_484' title='bbox 757 3435 921 3484; x_wconf 75' lang='lat' dir='ltr'>necessilatem</span> <span class='ocrx_word' id='word_1_485' title='bbox 966 3436 1040 3495; x_wconf 81' lang='lat' dir='ltr'>alque</span> <span class='ocrx_word' id='word_1_486' title='bbox 1046 3433 1169 3496; x_wconf 72' lang='lat' dir='ltr'>designans</span> <span class='ocrx_word' id='word_1_487' title='bbox 1176 3434 1234 3483; x_wconf 78' lang='lat' dir='ltr'>ninii</span> <span class='ocrx_word' id='word_1_488' title='bbox 1245 3448 1293 3483; x_wconf 89' lang='lat' dir='ltr'>non</span> <span class='ocrx_word' id='word_1_489' title='bbox 1301 3438 1483 3497; x_wconf 76' lang='lat' dir='ltr'>recingererem.</span> <span class='ocrx_word' id='word_1_490' title='bbox 1494 3439 1554 3485; x_wconf 82' lang='lat' dir='ltr'>Nam</span> <span class='ocrx_word' id='word_1_491' title='bbox 1561 3447 1591 3484; x_wconf 89' lang='lat' dir='ltr'>ne</span> <span class='ocrx_word' id='word_1_492' title='bbox 1599 3435 1744 3497; x_wconf 82' lang='lat' dir='ltr'>iuquidem,</span> 
     </span>
     <span class='ocr_line' id='line_1_36' title="bbox 140 3509 1745 3576; baseline 0.004 -21"><span class='ocrx_word' id='word_1_493' title='bbox 140 3509 221 3558; x_wconf 77' lang='lat' dir='ltr'>venire</span> <span class='ocrx_word' id='word_1_494' title='bbox 239 3521 281 3558; x_wconf 82' lang='lat' dir='ltr'>me</span> <span class='ocrx_word' id='word_1_495' title='bbox 299 3511 373 3570; x_wconf 81' lang='lat' dir='ltr'>opio,</span> <span class='ocrx_word' id='word_1_496' title='bbox 390 3511 485 3558; x_wconf 78' lang='lat' dir='ltr'>utrum</span> <span class='ocrx_word' id='word_1_497' title='bbox 504 3511 617 3560; x_wconf 76' lang='lat' dir='ltr'>Romanis</span> <span class='ocrx_word' id='word_1_498' title='bbox 637 3523 748 3574; x_wconf 82' lang='lat' dir='ltr'>pugnem.</span> <span class='ocrx_word' id='word_1_499' title='bbox 766 3531 778 3554; x_wconf 82' lang='grc' dir='ltr'>ν</span> <span class='ocrx_word' id='word_1_500' title='bbox 798 3513 924 3562; x_wconf 74' lang='lat' dir='ltr'>Gallienus</span> <span class='ocrx_word' id='word_1_501' title='bbox 967 3513 1104 3573; x_wconf 78' lang='lat' dir='ltr'>imperator,</span> <span class='ocrx_word' id='word_1_502' title='bbox 1122 3513 1228 3575; x_wconf 76' lang='lat' dir='ltr'>eorporis</span> <span class='ocrx_word' id='word_1_503' title='bbox 1239 3513 1274 3562; x_wconf 87' lang='lat' dir='ltr'>ini</span> <span class='ocrx_word' id='word_1_504' title='bbox 1286 3513 1378 3564; x_wconf 79' lang='lat' dir='ltr'>viribus</span> <span class='ocrx_word' id='word_1_505' title='bbox 1390 3527 1446 3576; x_wconf 76' lang='lat' dir='ltr'>qun</span> <span class='ocrx_word' id='word_1_506' title='bbox 1458 3514 1515 3564; x_wconf 82' lang='lat' dir='ltr'>iacis</span> <span class='ocrx_word' id='word_1_507' title='bbox 1527 3513 1633 3576; x_wconf 77' lang='lat' dir='ltr'>peragis,</span> <span class='ocrx_word' id='word_1_508' title='bbox 1645 3513 1688 3564; x_wconf 84' lang='lat' dir='ltr'>sed</span> <span class='ocrx_word' id='word_1_509' title='bbox 1699 3515 1745 3562; x_wconf 86' lang='lat' dir='ltr'>mi-</span> 
     </span>
     <span class='ocr_line' id='line_1_37' title="bbox 140 3587 1746 3652; baseline 0.003 -17"><span class='ocrx_word' id='word_1_510' title='bbox 140 3587 220 3636; x_wconf 80' lang='lat' dir='ltr'>denuo</span> <span class='ocrx_word' id='word_1_511' title='bbox 236 3587 315 3636; x_wconf 75' lang='lat' dir='ltr'>minis</span> <span class='ocrx_word' id='word_1_512' title='bbox 326 3587 410 3649; x_wconf 75' lang='lat' dir='ltr'>legatis</span> <span class='ocrx_word' id='word_1_513' title='bbox 419 3587 500 3636; x_wconf 78' lang='lat' dir='ltr'>aiebat</span> <span class='ocrx_word' id='word_1_514' title='bbox 513 3603 520 3638; x_wconf 86' lang='grc' dir='ltr'>ε</span> <span class='ocrx_word' id='word_1_515' title='bbox 534 3607 546 3632; x_wconf 80' lang='grc' dir='ltr'>ι</span> <span class='ocrx_word' id='word_1_516' title='bbox 566 3589 640 3649; x_wconf 71' lang='lat' dir='ltr'>igitur</span> <span class='ocrx_word' id='word_1_517' title='bbox 652 3591 725 3639; x_wconf 87' lang='lat' dir='ltr'>ambo</span> <span class='ocrx_word' id='word_1_518' title='bbox 737 3590 849 3652; x_wconf 82' lang='lat' dir='ltr'>singulari</span> <span class='ocrx_word' id='word_1_519' title='bbox 861 3591 923 3640; x_wconf 87' lang='lat' dir='ltr'>inier</span> <span class='ocrx_word' id='word_1_520' title='bbox 967 3589 1049 3638; x_wconf 83' lang='lat' dir='ltr'>litibus</span> <span class='ocrx_word' id='word_1_521' title='bbox 1065 3591 1114 3640; x_wconf 84' lang='lat' dir='ltr'>iuis</span> <span class='ocrx_word' id='word_1_522' title='bbox 1131 3590 1258 3652; x_wconf 82' lang='lat' dir='ltr'>imperans.</span> <span class='ocrx_word' id='word_1_523' title='bbox 1270 3609 1282 3632; x_wconf 82' lang='grc' dir='ltr'>ν</span> <span class='ocrx_word' id='word_1_524' title='bbox 1302 3594 1369 3640; x_wconf 86' lang='lat' dir='ltr'>lianc</span> <span class='ocrx_word' id='word_1_525' title='bbox 1386 3591 1465 3640; x_wconf 81' lang='lat' dir='ltr'>Rufini</span> <span class='ocrx_word' id='word_1_526' title='bbox 1479 3591 1612 3641; x_wconf 81' lang='lat' dir='ltr'>orationem</span> <span class='ocrx_word' id='word_1_527' title='bbox 1624 3590 1746 3640; x_wconf 78' lang='lat' dir='ltr'>Gallienus</span> 
     </span>
     <span class='ocr_line' id='line_1_38' title="bbox 140 3665 1081 3726; baseline 0 -12"><span class='ocrx_word' id='word_1_528' title='bbox 140 3676 274 3726; x_wconf 69' lang='grc' dir='ltr'>ιιοεριιμκ</span> <span class='ocrx_word' id='word_1_529' title='bbox 282 3665 455 3723; x_wconf 71' lang='lat' dir='ltr'>wlnuuma</span> <span class='ocrx_word' id='word_1_530' title='bbox 465 3665 628 3714; x_wconf 75' lang='lat' dir='ltr'>Romanorum</span> <span class='ocrx_word' id='word_1_531' title='bbox 642 3667 719 3716; x_wconf 59' lang='lat' dir='ltr'>eadm</span> <span class='ocrx_word' id='word_1_532' title='bbox 734 3667 783 3716; x_wconf 87' lang='lat' dir='ltr'>ilai.</span> <span class='ocrx_word' id='word_1_533' title='bbox 795 3687 807 3710; x_wconf 78' lang='grc' dir='ltr'>ν</span> <span class='ocrx_word' id='word_1_534' title='bbox 818 3668 860 3717; x_wconf 87' lang='lat' dir='ltr'>ilie</span> <span class='ocrx_word' id='word_1_535' title='bbox 873 3680 923 3716; x_wconf 87' lang='lat' dir='ltr'>rur·</span> <span class='ocrx_word' id='word_1_536' title='bbox 967 3666 1081 3716; x_wconf 77' lang='lat' dir='ltr'>laudavit.</span> 
     </span>
    </p>

    <p class='ocr_par' dir='ltr' id='par_1_4' title="bbox 139 3741 1463 3841">
     <span class='ocr_line' id='line_1_39' title="bbox 139 3741 1463 3841; baseline 0.005 -51"><span class='ocrx_word' id='word_1_537' title='bbox 139 3755 179 3790; x_wconf 84' lang='lat' dir='ltr'>sus</span> <span class='ocrx_word' id='word_1_538' title='bbox 188 3741 328 3805; x_wconf 71' lang='lat' dir='ltr'>roepoudii:</span> <span class='ocrx_word' id='word_1_539' title='bbox 338 3761 351 3786; x_wconf 82' lang='grc' dir='ltr'>ι</span> <span class='ocrx_word' id='word_1_540' title='bbox 364 3745 415 3804; x_wconf 72' lang='lat' dir='ltr'>ligo</span> <span class='ocrx_word' id='word_1_541' title='bbox 430 3755 509 3804; x_wconf 80' lang='lat' dir='ltr'>noque</span> <span class='ocrx_word' id='word_1_542' title='bbox 519 3756 573 3792; x_wconf 79' lang='lat' dir='ltr'>aum</span> <span class='ocrx_word' id='word_1_543' title='bbox 585 3757 662 3805; x_wconf 80' lang='lat' dir='ltr'>neque</span> <span class='ocrx_word' id='word_1_544' title='bbox 674 3746 707 3794; x_wconf 85' lang='lat' dir='ltr'>ini</span> <span class='ocrx_word' id='word_1_545' title='bbox 718 3759 823 3807; x_wconf 78' lang='lat' dir='ltr'>unquam</span> <span class='ocrx_word' id='word_1_546' title='bbox 836 3746 924 3807; x_wconf 80' lang='lat' dir='ltr'>gladia·</span> <span class='ocrx_word' id='word_1_547' title='bbox 1249 3777 1275 3825; x_wconf 43' lang='lat'>3·</span> <span class='ocrx_word' id='word_1_548' title='bbox 1291 3771 1463 3841; x_wconf 82' lang='lat' dir='ltr'><strong>QUINTUS.</strong></span> 
     </span>
    </p>

    <p class='ocr_par' dir='ltr' id='par_1_5' title="bbox 140 3819 923 3882">
     <span class='ocr_line' id='line_1_40' title="bbox 140 3819 923 3882; baseline 0.008 -16"><span class='ocrx_word' id='word_1_549' title='bbox 140 3823 193 3878; x_wconf 73' lang='grc' dir='ltr'>τοις</span> <span class='ocrx_word' id='word_1_550' title='bbox 203 3833 291 3868; x_wconf 80' lang='lat' dir='ltr'>verum</span> <span class='ocrx_word' id='word_1_551' title='bbox 306 3819 350 3869; x_wconf 82' lang='grc' dir='ltr'>Ιιεε</span> <span class='ocrx_word' id='word_1_552' title='bbox 364 3819 515 3881; x_wconf 79' lang='lat' dir='ltr'>provincias,</span> <span class='ocrx_word' id='word_1_553' title='bbox 529 3833 633 3882; x_wconf 86' lang='lat' dir='ltr'>quamn</span> <span class='ocrx_word' id='word_1_554' title='bbox 646 3823 711 3872; x_wconf 82' lang='lat' dir='ltr'>salus</span> <span class='ocrx_word' id='word_1_555' title='bbox 728 3823 785 3871; x_wconf 85' lang='lat' dir='ltr'>mihi</span> <span class='ocrx_word' id='word_1_556' title='bbox 798 3825 847 3872; x_wconf 85' lang='lat' dir='ltr'>aie</span> <span class='ocrx_word' id='word_1_557' title='bbox 858 3835 923 3872; x_wconf 81' lang='lat' dir='ltr'>eom·</span> 
     </span>
    </p>

    <p class='ocr_par' dir='ltr' id='par_1_6' title="bbox 140 3882 1746 4040">
     <span class='ocr_line' id='line_1_41' title="bbox 141 3882 1746 3962; baseline 0.002 -33"><span class='ocrx_word' id='word_1_558' title='bbox 141 3898 212 3946; x_wconf 52' lang='lat' dir='ltr'>mm</span> <span class='ocrx_word' id='word_1_559' title='bbox 224 3898 303 3946; x_wconf 59' lang='lat' dir='ltr'>sumt</span> <span class='ocrx_word' id='word_1_560' title='bbox 330 3898 438 3946; x_wconf 59' lang='lat' dir='ltr'>mavi.</span> <span class='ocrx_word' id='word_1_561' title='bbox 451 3910 466 3946; x_wconf 50' lang='grc' dir='ltr'>η</span> <span class='ocrx_word' id='word_1_562' title='bbox 477 3898 551 3948; x_wconf 65' lang='grc' dir='ltr'>ςηη,</span> <span class='ocrx_word' id='word_1_563' title='bbox 560 3901 641 3948; x_wconf 48' lang='lat' dir='ltr'>,utem</span> <span class='ocrx_word' id='word_1_564' title='bbox 652 3901 743 3949; x_wconf 56' lang='grc' dir='ltr'>,γωγω</span> <span class='ocrx_word' id='word_1_565' title='bbox 754 3913 808 3949; x_wconf 57' lang='lat' dir='ltr'>sum</span> <span class='ocrx_word' id='word_1_566' title='bbox 818 3901 923 3962; x_wconf 54' lang='lat' dir='ltr'>impera,</span> <span class='ocrx_word' id='word_1_567' title='bbox 1000 3888 1021 3932; x_wconf 89' lang='lat'>1.</span> <span class='ocrx_word' id='word_1_568' title='bbox 1034 3882 1141 3933; x_wconf 85' lang='lat' dir='ltr'>simulac</span> <span class='ocrx_word' id='word_1_569' title='bbox 1149 3883 1456 3946; x_wconf 79' lang='lat' dir='ltr'>Quintus‚iiarriniiiiius,</span> <span class='ocrx_word' id='word_1_570' title='bbox 1466 3883 1553 3945; x_wconf 77' lang='lat' dir='ltr'>regiam</span> <span class='ocrx_word' id='word_1_571' title='bbox 1563 3883 1643 3933; x_wconf 78' lang='lat' dir='ltr'>radun</span> <span class='ocrx_word' id='word_1_572' title='bbox 1655 3887 1746 3933; x_wconf 81' lang='lat' dir='ltr'>Emean</span> 
     </span>
     <span class='ocr_line' id='line_1_42' title="bbox 140 3933 1745 4040; baseline 0.004 -37"><span class='ocrx_word' id='word_1_573' title='bbox 140 3979 187 4024; x_wconf 41' lang='lat'>1⁰3,</span> <span class='ocrx_word' id='word_1_574' title='bbox 203 3979 278 4026; x_wconf 61' lang='lat' dir='ltr'>pom</span> <span class='ocrx_word' id='word_1_575' title='bbox 292 3933 352 4024; x_wconf 65' lang='lat' dir='ltr'>¹,th5</span> <span class='ocrx_word' id='word_1_576' title='bbox 373 3933 487 4036; x_wconf 39' lang='lat'>„3⁹32</span> <span class='ocrx_word' id='word_1_577' title='bbox 498 3975 518 4024; x_wconf 76' lang='grc' dir='ltr'>,γ</span> <span class='ocrx_word' id='word_1_578' title='bbox 538 3975 575 4024; x_wconf 64' lang='grc' dir='ltr'>γρ,</span> <span class='ocrx_word' id='word_1_579' title='bbox 588 3976 717 4038; x_wconf 51' lang='lat' dir='ltr'>imperem,</span> <span class='ocrx_word' id='word_1_580' title='bbox 728 3978 770 4040; x_wconf 56' lang='lat' dir='ltr'>qui</span> <span class='ocrx_word' id='word_1_581' title='bbox 782 3991 823 4028; x_wconf 60' lang='lat' dir='ltr'>me</span> <span class='ocrx_word' id='word_1_582' title='bbox 839 3982 924 4040; x_wconf 58' lang='grc' dir='ltr'>φυηρ,</span> <span class='ocrx_word' id='word_1_583' title='bbox 967 3957 1064 4018; x_wconf 71' lang='lat' dir='ltr'>statuit,</span> <span class='ocrx_word' id='word_1_584' title='bbox 1073 3959 1213 4009; x_wconf 80' lang='lat' dir='ltr'>odenathus</span> <span class='ocrx_word' id='word_1_585' title='bbox 1230 3973 1286 4010; x_wconf 87' lang='lat' dir='ltr'>cum</span> <span class='ocrx_word' id='word_1_586' title='bbox 1297 3961 1454 4010; x_wconf 84' lang='lat' dir='ltr'>barbarorum</span> <span class='ocrx_word' id='word_1_587' title='bbox 1468 3959 1623 4010; x_wconf 75' lang='lat' dir='ltr'>mullitudine</span> <span class='ocrx_word' id='word_1_588' title='bbox 1640 3960 1745 4019; x_wconf 79' lang='lat' dir='ltr'>advenit,</span> 
     </span>
    </p>
   </div>
   <div class='ocr_carea' id='block_1_4' title="bbox 140 4034 1748 4194">
    <p class='ocr_par' dir='ltr' id='par_1_7' title="bbox 140 4034 1748 4194">
     <span class='ocr_line' id='line_1_43' title="bbox 140 4034 1743 4118; baseline 0 -35"><span class='ocrx_word' id='word_1_589' title='bbox 140 4055 263 4116; x_wconf 51' lang='lat' dir='ltr'>mm</span> <span class='ocrx_word' id='word_1_590' title='bbox 274 4073 280 4104; x_wconf 89' lang='lat'><strong>:</strong></span> <span class='ocrx_word' id='word_1_591' title='bbox 292 4055 368 4116; x_wconf 54' lang='lat' dir='ltr'>,tque</span> <span class='ocrx_word' id='word_1_592' title='bbox 379 4053 417 4102; x_wconf 67' lang='lat' dir='ltr'>hi,</span> <span class='ocrx_word' id='word_1_593' title='bbox 428 4056 545 4114; x_wconf 51' lang='lat' dir='ltr'><strong>quantum</strong></span> <span class='ocrx_word' id='word_1_594' title='bbox 564 4055 663 4104; x_wconf 60' lang='lat' dir='ltr'>mmm„</span> <span class='ocrx_word' id='word_1_595' title='bbox 674 4059 700 4106; x_wconf 59' lang='lat' dir='ltr'>et</span> <span class='ocrx_word' id='word_1_596' title='bbox 710 4056 802 4106; x_wconf 55' lang='lat' dir='ltr'><strong>„pibus</strong></span> <span class='ocrx_word' id='word_1_597' title='bbox 811 4069 923 4118; x_wconf 54' lang='lat' dir='ltr'><strong>mum,</strong></span> <span class='ocrx_word' id='word_1_598' title='bbox 968 4034 1049 4096; x_wconf 77' lang='lat' dir='ltr'>eisque</span> <span class='ocrx_word' id='word_1_599' title='bbox 1061 4035 1211 4085; x_wconf 75' lang='lat' dir='ltr'>denuntiavit</span> <span class='ocrx_word' id='word_1_600' title='bbox 1226 4039 1252 4084; x_wconf 88' lang='lat' dir='ltr'>ui</span> <span class='ocrx_word' id='word_1_601' title='bbox 1269 4037 1306 4085; x_wconf 82' lang='lat' dir='ltr'>vel</span> <span class='ocrx_word' id='word_1_602' title='bbox 1314 4036 1459 4086; x_wconf 85' lang='lat' dir='ltr'>deditionem</span> <span class='ocrx_word' id='word_1_603' title='bbox 1469 4037 1506 4085; x_wconf 82' lang='lat' dir='ltr'>rei</span> <span class='ocrx_word' id='word_1_604' title='bbox 1517 4049 1620 4098; x_wconf 72' lang='lat' dir='ltr'>prognem</span> <span class='ocrx_word' id='word_1_605' title='bbox 1630 4037 1743 4086; x_wconf 77' lang='lat' dir='ltr'>iacerent.</span> 
     </span>
     <span class='ocr_line' id='line_1_44' title="bbox 140 4113 1748 4194; baseline 0.001 -33"><span class='ocrx_word' id='word_1_606' title='bbox 140 4145 209 4194; x_wconf 60' lang='lat' dir='ltr'><strong>m</strong></span> <span class='ocrx_word' id='word_1_607' title='bbox 219 4133 279 4183; x_wconf 47' lang='lat' dir='ltr'>sm·</span> <span class='ocrx_word' id='word_1_608' title='bbox 293 4149 306 4176; x_wconf 84' lang='lat'>‚</span> <span class='ocrx_word' id='word_1_609' title='bbox 969 4113 1005 4162; x_wconf 89' lang='lat' dir='ltr'>illi</span> <span class='ocrx_word' id='word_1_610' title='bbox 1017 4126 1073 4162; x_wconf 82' lang='lat' dir='ltr'>vero</span> <span class='ocrx_word' id='word_1_611' title='bbox 1084 4113 1388 4176; x_wconf 68' lang='lat' dir='ltr'>reslundernntaaquidris</span> <span class='ocrx_word' id='word_1_612' title='bbox 1397 4114 1525 4176; x_wconf 79' lang='lat' dir='ltr'>palimalle</span> <span class='ocrx_word' id='word_1_613' title='bbox 1534 4127 1607 4176; x_wconf 87' lang='lat' dir='ltr'>quam</span> <span class='ocrx_word' id='word_1_614' title='bbox 1618 4114 1642 4164; x_wconf 90' lang='lat' dir='ltr'>in</span> <span class='ocrx_word' id='word_1_615' title='bbox 1652 4115 1748 4164; x_wconf 86' lang='lat' dir='ltr'>barbari</span> 
     </span>
    </p>
   </div>
   <div class='ocr_carea' id='block_1_5' title="bbox 140 4193 1749 5238">
    <p class='ocr_par' dir='ltr' id='par_1_8' title="bbox 968 4193 1176 4242">
     <span class='ocr_line' id='line_1_45' title="bbox 968 4193 1176 4242; baseline 0 -2"><span class='ocrx_word' id='word_1_616' title='bbox 968 4203 1053 4240; x_wconf 79' lang='lat' dir='ltr'>maniis</span> <span class='ocrx_word' id='word_1_617' title='bbox 1065 4193 1176 4242; x_wconf 83' lang='lat' dir='ltr'>incidere.</span> 
     </span>
    </p>

    <p class='ocr_par' dir='ltr' id='par_1_9' title="bbox 140 4265 1749 5097">
     <span class='ocr_line' id='line_1_46' title="bbox 367 4265 1747 4330; baseline 0.003 -17"><span class='ocrx_word' id='word_1_618' title='bbox 367 4273 394 4322; x_wconf 83' lang='lat'>7,</span> <span class='ocrx_word' id='word_1_619' title='bbox 408 4268 599 4325; x_wconf 74' lang='grc' dir='ltr'><strong>ΟΒΕΝΑΤΗῙ</strong></span> <span class='ocrx_word' id='word_1_620' title='bbox 610 4271 699 4326; x_wconf 80' lang='lat' dir='ltr'>Duo,</span> <span class='ocrx_word' id='word_1_621' title='bbox 999 4275 1022 4316; x_wconf 80' lang='lat'>2.</span> <span class='ocrx_word' id='word_1_622' title='bbox 1038 4268 1139 4318; x_wconf 80' lang='lat' dir='ltr'>carinus</span> <span class='ocrx_word' id='word_1_623' title='bbox 1152 4265 1251 4318; x_wconf 81' lang='lat' dir='ltr'>molesia</span> <span class='ocrx_word' id='word_1_624' title='bbox 1271 4268 1376 4328; x_wconf 77' lang='lat' dir='ltr'>seusu,</span> <span class='ocrx_word' id='word_1_625' title='bbox 1395 4267 1594 4330; x_wconf 79' lang='lat' dir='ltr'>quotiescumque</span> <span class='ocrx_word' id='word_1_626' title='bbox 1605 4268 1747 4318; x_wconf 78' lang='lat' dir='ltr'>odenailms</span> 
     </span>
     <span class='ocr_line' id='line_1_47' title="bbox 630 4344 1747 4406; baseline 0.004 -16"><span class='ocrx_word' id='word_1_627' title='bbox 630 4379 638 4390; x_wconf 82' lang='lat'><strong>.</strong></span> <span class='ocrx_word' id='word_1_628' title='bbox 969 4357 1012 4406; x_wconf 85' lang='lat' dir='ltr'>pro</span> <span class='ocrx_word' id='word_1_629' title='bbox 1025 4347 1137 4394; x_wconf 79' lang='lat' dir='ltr'>Romanis</span> <span class='ocrx_word' id='word_1_630' title='bbox 1144 4344 1266 4394; x_wconf 85' lang='lat' dir='ltr'>beliumse</span> <span class='ocrx_word' id='word_1_631' title='bbox 1274 4357 1355 4406; x_wconf 81' lang='lat' dir='ltr'>gerere</span> <span class='ocrx_word' id='word_1_632' title='bbox 1361 4344 1494 4394; x_wconf 77' lang='lat' dir='ltr'>dictitabat.</span> <span class='ocrx_word' id='word_1_633' title='bbox 1509 4345 1532 4393; x_wconf 90' lang='lat' dir='ltr'>id</span> <span class='ocrx_word' id='word_1_634' title='bbox 1543 4344 1676 4406; x_wconf 74' lang='lat' dir='ltr'>intelligens</span> <span class='ocrx_word' id='word_1_635' title='bbox 1687 4347 1747 4395; x_wconf 89' lang='lat' dir='ltr'>ode·</span> 
     </span>
     <span class='ocr_line' id='line_1_48' title="bbox 170 4412 1748 4483; baseline 0.004 -19"><span class='ocrx_word' id='word_1_636' title='bbox 170 4413 329 4464; x_wconf 84' lang='lat' dir='ltr'>Odeuaihnm</span> <span class='ocrx_word' id='word_1_637' title='bbox 340 4412 461 4463; x_wconf 80' lang='lat' dir='ltr'>seniorem</span> <span class='ocrx_word' id='word_1_638' title='bbox 475 4413 576 4464; x_wconf 79' lang='lat' dir='ltr'>Rufinus</span> <span class='ocrx_word' id='word_1_639' title='bbox 585 4419 699 4478; x_wconf 79' lang='lat' dir='ltr'>tunquam</span> <span class='ocrx_word' id='word_1_640' title='bbox 716 4416 785 4465; x_wconf 86' lang='lat' dir='ltr'>novis</span> <span class='ocrx_word' id='word_1_641' title='bbox 794 4417 865 4466; x_wconf 84' lang='lat' dir='ltr'>rebus</span> <span class='ocrx_word' id='word_1_642' title='bbox 873 4419 924 4466; x_wconf 88' lang='lat' dir='ltr'>stu·</span> <span class='ocrx_word' id='word_1_643' title='bbox 969 4421 1058 4470; x_wconf 76' lang='lat' dir='ltr'>nullius</span> <span class='ocrx_word' id='word_1_644' title='bbox 1068 4423 1183 4470; x_wconf 86' lang='lat' dir='ltr'>carinum</span> <span class='ocrx_word' id='word_1_645' title='bbox 1191 4421 1261 4481; x_wconf 82' lang='lat' dir='ltr'>iussit</span> <span class='ocrx_word' id='word_1_646' title='bbox 1271 4421 1362 4481; x_wconf 81' lang='lat' dir='ltr'>ueridi;</span> <span class='ocrx_word' id='word_1_647' title='bbox 1374 4423 1398 4470; x_wconf 88' lang='lat' dir='ltr'>ei</span> <span class='ocrx_word' id='word_1_648' title='bbox 1414 4421 1444 4470; x_wconf 88' lang='lat' dir='ltr'>de</span> <span class='ocrx_word' id='word_1_649' title='bbox 1455 4435 1500 4470; x_wconf 84' lang='lat' dir='ltr'>auo</span> <span class='ocrx_word' id='word_1_650' title='bbox 1516 4421 1659 4483; x_wconf 77' lang='lat' dir='ltr'>patrimonio</span> <span class='ocrx_word' id='word_1_651' title='bbox 1670 4423 1748 4471; x_wconf 91' lang='lat' dir='ltr'>mulia</span> 
     </span>
     <span class='ocr_line' id='line_1_49' title="bbox 140 4491 1747 4561; baseline 0.006 -23"><span class='ocrx_word' id='word_1_652' title='bbox 140 4491 237 4540; x_wconf 78' lang='lat' dir='ltr'>dentem</span> <span class='ocrx_word' id='word_1_653' title='bbox 253 4491 383 4540; x_wconf 83' lang='lat' dir='ltr'>inieremii.</span> <span class='ocrx_word' id='word_1_654' title='bbox 409 4493 541 4553; x_wconf 81' lang='lat' dir='ltr'>Quumque</span> <span class='ocrx_word' id='word_1_655' title='bbox 551 4493 633 4553; x_wconf 85' lang='lat' dir='ltr'>junior</span> <span class='ocrx_word' id='word_1_656' title='bbox 651 4493 791 4543; x_wconf 76' lang='lat' dir='ltr'>odenathus</span> <span class='ocrx_word' id='word_1_657' title='bbox 812 4495 924 4542; x_wconf 77' lang='lat' dir='ltr'>nulnum</span> <span class='ocrx_word' id='word_1_658' title='bbox 968 4497 1109 4548; x_wconf 83' lang='lat' dir='ltr'>daeraviiin</span> <span class='ocrx_word' id='word_1_659' title='bbox 1123 4500 1195 4549; x_wconf 78' lang='lat' dir='ltr'>funus</span> <span class='ocrx_word' id='word_1_660' title='bbox 1208 4501 1260 4560; x_wconf 83' lang='lat' dir='ltr'>ejus</span> <span class='ocrx_word' id='word_1_661' title='bbox 1275 4499 1431 4560; x_wconf 87' lang='lat' dir='ltr'>insumenda,</span> <span class='ocrx_word' id='word_1_662' title='bbox 1445 4501 1585 4561; x_wconf 74' lang='lat' dir='ltr'>quinetiam</span> <span class='ocrx_word' id='word_1_663' title='bbox 1603 4501 1694 4549; x_wconf 72' lang='lat' dir='ltr'>viventi</span> <span class='ocrx_word' id='word_1_664' title='bbox 1708 4501 1747 4548; x_wconf 87' lang='lat' dir='ltr'>ilie</span> 
     </span>
     <span class='ocr_line' id='line_1_50' title="bbox 141 4565 1748 4638; baseline 0.004 -21"><span class='ocrx_word' id='word_1_665' title='bbox 141 4567 171 4617; x_wconf 79' lang='lat' dir='ltr'>de</span> <span class='ocrx_word' id='word_1_666' title='bbox 179 4567 246 4617; x_wconf 79' lang='lat' dir='ltr'>caede</span> <span class='ocrx_word' id='word_1_667' title='bbox 256 4567 363 4630; x_wconf 74' lang='lat' dir='ltr'>paremio</span> <span class='ocrx_word' id='word_1_668' title='bbox 369 4565 406 4616; x_wconf 83' lang='lat' dir='ltr'>sui</span> <span class='ocrx_word' id='word_1_669' title='bbox 413 4571 561 4628; x_wconf 73' lang='lat' dir='ltr'>accusasset,</span> <span class='ocrx_word' id='word_1_670' title='bbox 574 4568 703 4630; x_wconf 76' lang='lat' dir='ltr'>imperator</span> <span class='ocrx_word' id='word_1_671' title='bbox 712 4569 821 4620; x_wconf 71' lang='lat' dir='ltr'>iocinoris</span> <span class='ocrx_word' id='word_1_672' title='bbox 828 4583 924 4620; x_wconf 76' lang='lat' dir='ltr'>musam</span> <span class='ocrx_word' id='word_1_673' title='bbox 969 4577 1147 4627; x_wconf 79' lang='lat' dir='ltr'>dernensiravii.</span> <span class='ocrx_word' id='word_1_674' title='bbox 1157 4579 1258 4628; x_wconf 82' lang='lat' dir='ltr'>carinus</span> <span class='ocrx_word' id='word_1_675' title='bbox 1268 4580 1414 4627; x_wconf 76' lang='lat' dir='ltr'>autumnum</span> <span class='ocrx_word' id='word_1_676' title='bbox 1431 4579 1479 4626; x_wconf 88' lang='lat' dir='ltr'>rim</span> <span class='ocrx_word' id='word_1_677' title='bbox 1493 4578 1555 4637; x_wconf 78' lang='lat' dir='ltr'>dixit</span> <span class='ocrx_word' id='word_1_678' title='bbox 1569 4578 1669 4626; x_wconf 83' lang='lat' dir='ltr'>inscium</span> <span class='ocrx_word' id='word_1_679' title='bbox 1680 4577 1748 4638; x_wconf 83' lang='lat' dir='ltr'>plane</span> 
     </span>
     <span class='ocr_line' id='line_1_51' title="bbox 141 4644 1748 4716; baseline 0.006 -22"><span class='ocrx_word' id='word_1_680' title='bbox 141 4659 155 4694; x_wconf 91' lang='lat' dir='ltr'>a</span> <span class='ocrx_word' id='word_1_681' title='bbox 166 4644 383 4707; x_wconf 75' lang='lat' dir='ltr'>Rufinoqnaesivii.</span> <span class='ocrx_word' id='word_1_682' title='bbox 392 4645 434 4694; x_wconf 90' lang='lat' dir='ltr'>lile</span> <span class='ocrx_word' id='word_1_683' title='bbox 443 4658 509 4706; x_wconf 78' lang='lat' dir='ltr'>vero,</span> <span class='ocrx_word' id='word_1_684' title='bbox 518 4665 530 4688; x_wconf 77' lang='grc' dir='ltr'>ε</span> <span class='ocrx_word' id='word_1_685' title='bbox 539 4647 635 4695; x_wconf 88' lang='lat' dir='ltr'>Uiinam</span> <span class='ocrx_word' id='word_1_686' title='bbox 645 4683 652 4707; x_wconf 95' lang='lat'>‚</span> <span class='ocrx_word' id='word_1_687' title='bbox 662 4647 751 4708; x_wconf 82' lang='lat' dir='ltr'>inquii,</span> <span class='ocrx_word' id='word_1_688' title='bbox 762 4647 856 4710; x_wconf 83' lang='lat' dir='ltr'>copiam</span> <span class='ocrx_word' id='word_1_689' title='bbox 865 4649 925 4697; x_wconf 79' lang='lat' dir='ltr'>milri</span> <span class='ocrx_word' id='word_1_690' title='bbox 970 4655 1112 4716; x_wconf 73' lang='lat' dir='ltr'>fatuumque</span> <span class='ocrx_word' id='word_1_691' title='bbox 1122 4667 1172 4703; x_wconf 79' lang='lat' dir='ltr'>esso</span> <span class='ocrx_word' id='word_1_692' title='bbox 1184 4655 1335 4704; x_wconf 73' lang='lat' dir='ltr'>odorannum</span> <span class='ocrx_word' id='word_1_693' title='bbox 1346 4671 1354 4705; x_wconf 74' lang='grc' dir='ltr'>ε</span> <span class='ocrx_word' id='word_1_694' title='bbox 1367 4654 1467 4704; x_wconf 76' lang='lat' dir='ltr'>inscium</span> <span class='ocrx_word' id='word_1_695' title='bbox 1480 4655 1591 4716; x_wconf 78' lang='lat' dir='ltr'>quidem,</span> <span class='ocrx_word' id='word_1_696' title='bbox 1602 4654 1659 4714; x_wconf 80' lang='lat' dir='ltr'>quia</span> <span class='ocrx_word' id='word_1_697' title='bbox 1669 4653 1748 4701; x_wconf 74' lang='lat' dir='ltr'>insius</span> 
     </span>
     <span class='ocr_line' id='line_1_52' title="bbox 142 4721 1747 4793; baseline 0.004 -24"><span class='ocrx_word' id='word_1_698' title='bbox 142 4723 230 4772; x_wconf 80' lang='lat' dir='ltr'>iaoeres</span> <span class='ocrx_word' id='word_1_699' title='bbox 247 4721 426 4782; x_wconf 85' lang='lat' dir='ltr'>huncquoque</span> <span class='ocrx_word' id='word_1_700' title='bbox 445 4721 521 4771; x_wconf 85' lang='lat' dir='ltr'>lilium</span> <span class='ocrx_word' id='word_1_701' title='bbox 539 4722 590 4785; x_wconf 83' lang='lat' dir='ltr'>ejus</span> <span class='ocrx_word' id='word_1_702' title='bbox 609 4723 763 4772; x_wconf 82' lang='lat' dir='ltr'>odunuihom</span> <span class='ocrx_word' id='word_1_703' title='bbox 785 4724 923 4785; x_wconf 81' lang='lat' dir='ltr'>occidendi,</span> <span class='ocrx_word' id='word_1_704' title='bbox 969 4731 1351 4793; x_wconf 74' lang='lat' dir='ltr'>occidimus,amicisdonamus;</span> <span class='ocrx_word' id='word_1_705' title='bbox 1370 4733 1477 4792; x_wconf 83' lang='lat' dir='ltr'>ignorare</span> <span class='ocrx_word' id='word_1_706' title='bbox 1487 4734 1568 4779; x_wconf 86' lang='lat' dir='ltr'>antem</span> <span class='ocrx_word' id='word_1_707' title='bbox 1579 4727 1747 4786; x_wconf 72' lang='lat' dir='ltr'>orientium,</span> 
     </span>
     <span class='ocr_line' id='line_1_53' title="bbox 141 4798 1746 4868; baseline 0 -18"><span class='ocrx_word' id='word_1_708' title='bbox 141 4814 213 4862; x_wconf 84' lang='lat' dir='ltr'>quem</span> <span class='ocrx_word' id='word_1_709' title='bbox 222 4801 286 4850; x_wconf 87' lang='lat' dir='ltr'>illico</span> <span class='ocrx_word' id='word_1_710' title='bbox 293 4799 325 4848; x_wconf 87' lang='lat' dir='ltr'>de</span> <span class='ocrx_word' id='word_1_711' title='bbox 335 4798 416 4848; x_wconf 82' lang='lat' dir='ltr'>modio</span> <span class='ocrx_word' id='word_1_712' title='bbox 422 4800 542 4848; x_wconf 76' lang='lat' dir='ltr'>tollerem!</span> <span class='ocrx_word' id='word_1_713' title='bbox 553 4821 564 4843; x_wconf 78' lang='grc' dir='ltr'>ι·</span> <span class='ocrx_word' id='word_1_714' title='bbox 573 4804 646 4849; x_wconf 84' lang='lat' dir='ltr'>Porro</span> <span class='ocrx_word' id='word_1_715' title='bbox 654 4805 704 4850; x_wconf 89' lang='lat' dir='ltr'>erai</span> <span class='ocrx_word' id='word_1_716' title='bbox 712 4801 814 4850; x_wconf 79' lang='lat' dir='ltr'>Rufinus</span> <span class='ocrx_word' id='word_1_717' title='bbox 821 4801 925 4864; x_wconf 76' lang='lat' dir='ltr'>podagra</span> <span class='ocrx_word' id='word_1_718' title='bbox 970 4811 1051 4856; x_wconf 83' lang='lat' dir='ltr'>uirum</span> <span class='ocrx_word' id='word_1_719' title='bbox 1062 4807 1140 4868; x_wconf 81' lang='lat' dir='ltr'>ipsum</span> <span class='ocrx_word' id='word_1_720' title='bbox 1151 4807 1175 4856; x_wconf 89' lang='lat' dir='ltr'>in</span> <span class='ocrx_word' id='word_1_721' title='bbox 1187 4808 1320 4857; x_wconf 87' lang='lat' dir='ltr'>amicorum</span> <span class='ocrx_word' id='word_1_722' title='bbox 1332 4821 1362 4856; x_wconf 85' lang='lat' dir='ltr'>an</span> <span class='ocrx_word' id='word_1_723' title='bbox 1373 4807 1397 4856; x_wconf 91' lang='lat' dir='ltr'>in</span> <span class='ocrx_word' id='word_1_724' title='bbox 1410 4807 1515 4856; x_wconf 77' lang='lat' dir='ltr'>hostium</span> <span class='ocrx_word' id='word_1_725' title='bbox 1525 4818 1626 4854; x_wconf 87' lang='lat' dir='ltr'>numero</span> <span class='ocrx_word' id='word_1_726' title='bbox 1634 4807 1746 4865; x_wconf 76' lang='lat' dir='ltr'>poneret:</span> 
     </span>
     <span class='ocr_line' id='line_1_54' title="bbox 142 4877 1749 4946; baseline 0.001 -22"><span class='ocrx_word' id='word_1_727' title='bbox 142 4879 301 4939; x_wconf 79' lang='lat' dir='ltr'>rbiragnqne</span> <span class='ocrx_word' id='word_1_728' title='bbox 319 4877 459 4938; x_wconf 81' lang='lat' dir='ltr'>correptus,</span> <span class='ocrx_word' id='word_1_729' title='bbox 474 4880 547 4938; x_wconf 84' lang='lat' dir='ltr'>atqua</span> <span class='ocrx_word' id='word_1_730' title='bbox 566 4877 598 4925; x_wconf 86' lang='lat' dir='ltr'>ub</span> <span class='ocrx_word' id='word_1_731' title='bbox 616 4878 682 4926; x_wconf 88' lang='lat' dir='ltr'>omni</span> <span class='ocrx_word' id='word_1_732' title='bbox 700 4881 767 4926; x_wconf 86' lang='lat' dir='ltr'>motu</span> <span class='ocrx_word' id='word_1_733' title='bbox 790 4878 924 4940; x_wconf 80' lang='lat' dir='ltr'>impeditus.</span> <span class='ocrx_word' id='word_1_734' title='bbox 970 4884 1063 4933; x_wconf 77' lang='lat' dir='ltr'>irinum</span> <span class='ocrx_word' id='word_1_735' title='bbox 1077 4897 1148 4944; x_wconf 80' lang='lat' dir='ltr'>vero,</span> <span class='ocrx_word' id='word_1_736' title='bbox 1161 4884 1216 4944; x_wconf 84' lang='lat' dir='ltr'>quia</span> <span class='ocrx_word' id='word_1_737' title='bbox 1227 4897 1299 4945; x_wconf 84' lang='lat' dir='ltr'>quem</span> <span class='ocrx_word' id='word_1_738' title='bbox 1311 4884 1431 4933; x_wconf 81' lang='lat' dir='ltr'>viventem</span> <span class='ocrx_word' id='word_1_739' title='bbox 1447 4883 1625 4946; x_wconf 76' lang='lat' dir='ltr'>spirantemque</span> <span class='ocrx_word' id='word_1_740' title='bbox 1641 4878 1749 4927; x_wconf 80' lang='lat' dir='ltr'>cruciare</span> 
     </span>
     <span class='ocr_line' id='line_1_55' title="bbox 142 4953 1748 5017; baseline -0.001 -14"><span class='ocrx_word' id='word_1_741' title='bbox 142 4953 306 5011; x_wconf 82' lang='lat' dir='ltr'>Quamobrem</span> <span class='ocrx_word' id='word_1_742' title='bbox 319 4955 354 5002; x_wconf 84' lang='lat' dir='ltr'>ait</span> <span class='ocrx_word' id='word_1_743' title='bbox 368 4955 514 5014; x_wconf 78' lang='lat' dir='ltr'>imperator:</span> <span class='ocrx_word' id='word_1_744' title='bbox 528 4975 541 4998; x_wconf 74' lang='grc' dir='ltr'>ι</span> <span class='ocrx_word' id='word_1_745' title='bbox 557 4955 651 5014; x_wconf 85' lang='lat' dir='ltr'>Quibus</span> <span class='ocrx_word' id='word_1_746' title='bbox 662 4955 803 5005; x_wconf 83' lang='lat' dir='ltr'>viribusaui</span> <span class='ocrx_word' id='word_1_747' title='bbox 821 4956 860 5004; x_wconf 91' lang='lat' dir='ltr'>cui</span> <span class='ocrx_word' id='word_1_748' title='bbox 871 4969 924 5005; x_wconf 87' lang='lat' dir='ltr'>cor·</span> <span class='ocrx_word' id='word_1_749' title='bbox 970 4958 1110 5009; x_wconf 79' lang='lat' dir='ltr'>elocridera</span> <span class='ocrx_word' id='word_1_750' title='bbox 1128 4960 1213 5016; x_wconf 80' lang='lat' dir='ltr'>veliet.</span> <span class='ocrx_word' id='word_1_751' title='bbox 1232 4960 1334 5009; x_wconf 85' lang='lat' dir='ltr'>eundem</span> <span class='ocrx_word' id='word_1_752' title='bbox 1351 4963 1473 5008; x_wconf 84' lang='lat' dir='ltr'>morinum</span> <span class='ocrx_word' id='word_1_753' title='bbox 1494 4969 1613 5017; x_wconf 84' lang='lat' dir='ltr'>sensuque</span> <span class='ocrx_word' id='word_1_754' title='bbox 1628 4957 1748 5004; x_wconf 76' lang='lat' dir='ltr'>cateruam</span> 
     </span>
     <span class='ocr_line' id='line_1_56' title="bbox 142 5029 1748 5097; baseline 0.001 -18"><span class='ocrx_word' id='word_1_755' title='bbox 142 5033 192 5092; x_wconf 78' lang='lat' dir='ltr'>pori</span> <span class='ocrx_word' id='word_1_756' title='bbox 205 5033 264 5080; x_wconf 71' lang='lat' dir='ltr'>susus</span> <span class='ocrx_word' id='word_1_757' title='bbox 281 5031 336 5079; x_wconf 72' lang='lat' dir='ltr'>lunc</span> <span class='ocrx_word' id='word_1_758' title='bbox 345 5029 447 5078; x_wconf 77' lang='lat' dir='ltr'>diuisi»</span> <span class='ocrx_word' id='word_1_759' title='bbox 466 5031 509 5079; x_wconf 88' lang='lat' dir='ltr'>illo</span> <span class='ocrx_word' id='word_1_760' title='bbox 525 5031 660 5094; x_wconf 76' lang='lat' dir='ltr'>respondit:</span> <span class='ocrx_word' id='word_1_761' title='bbox 674 5051 686 5075; x_wconf 78' lang='grc' dir='ltr'>ι</span> <span class='ocrx_word' id='word_1_762' title='bbox 702 5035 738 5081; x_wconf 87' lang='lat' dir='ltr'>Ne</span> <span class='ocrx_word' id='word_1_763' title='bbox 748 5031 767 5081; x_wconf 86' lang='lat' dir='ltr'>si</span> <span class='ocrx_word' id='word_1_764' title='bbox 786 5032 926 5081; x_wconf 80' lang='lat' dir='ltr'>incolumior</span> <span class='ocrx_word' id='word_1_765' title='bbox 970 5035 1039 5084; x_wconf 86' lang='lat' dir='ltr'>donis</span> <span class='ocrx_word' id='word_1_766' title='bbox 1049 5035 1166 5084; x_wconf 85' lang='lat' dir='ltr'>honorare</span> <span class='ocrx_word' id='word_1_767' title='bbox 1179 5038 1281 5097; x_wconf 77' lang='lat' dir='ltr'>pararet.</span> <span class='ocrx_word' id='word_1_768' title='bbox 1292 5061 1321 5072; x_wconf 88' lang='lat'><em>-</em></span> <span class='ocrx_word' id='word_1_769' title='bbox 1330 5038 1444 5086; x_wconf 85' lang='lat' dir='ltr'>ceterum</span> <span class='ocrx_word' id='word_1_770' title='bbox 1456 5045 1559 5095; x_wconf 75' lang='lat' dir='ltr'>urrerem</span> <span class='ocrx_word' id='word_1_771' title='bbox 1571 5031 1665 5079; x_wconf 80' lang='lat' dir='ltr'>ionum</span> <span class='ocrx_word' id='word_1_772' title='bbox 1675 5031 1748 5078; x_wconf 74' lang='lat' dir='ltr'>eiiam</span> 
     </span>
    </p>

    <p class='ocr_par' dir='ltr' id='par_1_10' title="bbox 142 5107 1285 5170">
     <span class='ocr_line' id='line_1_57' title="bbox 142 5107 1285 5170; baseline 0.003 -14"><span class='ocrx_word' id='word_1_773' title='bbox 142 5108 237 5170; x_wconf 85' lang='lat' dir='ltr'>quidem</span> <span class='ocrx_word' id='word_1_774' title='bbox 247 5119 324 5170; x_wconf 82' lang='lat' dir='ltr'>quum</span> <span class='ocrx_word' id='word_1_775' title='bbox 333 5107 406 5166; x_wconf 85' lang='lat' dir='ltr'>oiim,</span> <span class='ocrx_word' id='word_1_776' title='bbox 417 5107 603 5169; x_wconf 74' lang='lat' dir='ltr'>uiaiejuveniii,</span> <span class='ocrx_word' id='word_1_777' title='bbox 616 5120 708 5168; x_wconf 83' lang='lat' dir='ltr'>essem,</span> <span class='ocrx_word' id='word_1_778' title='bbox 721 5109 827 5169; x_wconf 83' lang='lat' dir='ltr'>eorporis</span> <span class='ocrx_word' id='word_1_779' title='bbox 837 5108 882 5158; x_wconf 86' lang='lat' dir='ltr'>mei</span> <span class='ocrx_word' id='word_1_780' title='bbox 893 5111 923 5159; x_wconf 81' lang='lat' dir='ltr'>vi·</span> <span class='ocrx_word' id='word_1_781' title='bbox 971 5111 1149 5160; x_wconf 82' lang='lat' dir='ltr'>conversionem</span> <span class='ocrx_word' id='word_1_782' title='bbox 1160 5116 1228 5160; x_wconf 83' lang='lat' dir='ltr'>nucia</span> <span class='ocrx_word' id='word_1_783' title='bbox 1241 5115 1285 5160; x_wconf 85' lang='lat' dir='ltr'>esi.</span> 
     </span>
    </p>

    <p class='ocr_par' dir='ltr' id='par_1_11' title="bbox 1600 5199 1630 5238">
     <span class='ocr_line' id='line_1_58' title="bbox 1600 5199 1630 5238; baseline -0.133 0"><span class='ocrx_word' id='word_1_784' title='bbox 1600 5199 1630 5238; x_wconf 81' lang='lat' dir='ltr'>ia.</span> 
     </span>
    </p>
   </div>
   <div class='ocr_carea' id='block_1_6' title="bbox 0 0 1959 5716">
    <p class='ocr_par' dir='ltr' id='par_1_12' title="bbox 0 0 1959 5716">
     <span class='ocr_line' id='line_1_59' title="bbox 0 0 1959 5716; baseline 0 0"><span class='ocrx_word' id='word_1_785' title='bbox 0 0 1959 5716; x_wconf 95' lang='lat' dir='ltr'> </span> 
     </span>
    </p>
   </div>
  </div>
 </body>
</html>
