3842 5726
248 364 282 412 ro
906 357 1029 421 Pltlscl
1051 359 1205 421 PANlTAE

245 487 390 560 peditant,
413 489 479 542 solis
496 488 641 560 hucusque
663 488 796 543 debemus
815 491 963 564 Excerptis
976 493 1019 546 De
1066 494 1201 548 Romanis
1211 493 1405 568 ignominiosa
1416 489 1503 568 (433).
1518 495 1721 567 —a.Scythae,
1731 499 1827 556 violata

246 575 456 650 legationibus,
472 593 533 646 quae
547 574 698 629 edideram
714 575 848 642 Ursinus,
870 577 1018 646 Schottus,
1066 597 1081 634 a
1094 581 1231 635 Romanis
1243 591 1326 656 pacta
1337 593 1536 655 praetexentes,
1553 580 1672 653 trajecto
1683 587 1767 654 lstro,
1783 589 1827 642 Vi-

246 663 433 729 lloeschelius,
449 662 648 730 eantoclarus,
668 662 810 730 Valesius,
837 663 1017 718 Niebuhrius.
1063 667 1216 722 minacium
1231 669 1362 742 capiant;
1381 669 1494 742 lllargus
1505 669 1572 724 urbs
1591 669 1627 724 ab
1648 673 1779 746 episcopo
1798 677 1828 728 iis

246 753 281 804 At
297 767 359 822 spes
370 761 412 803 est
423 748 483 804 fore
497 750 702 823 utparatahaec
717 751 798 804 noris
809 751 1018 806 accessionibus
1063 754 1196 828 proditur
1210 754 1281 830 (ila
1291 753 1311 832 )
1333 787 1371 798 --
1394 756 1421 813 3.
1439 758 1526 811 Attila
1546 758 1664 830 Scythas
1685 761 1829 833 transfugas

245 847 409 908 augeantur.
417 837 498 892 Certe
508 837 648 891 lllinoidas
659 839 747 891 Minas
757 838 785 892 in
794 837 892 892 eodem
907 838 1017 907 codice,
1064 841 1129 896 dedi
1140 843 1193 898 sibi
1206 844 1394 900 aTheodosio
1407 847 1511 918 poscit.
1531 847 1584 900 lllo
1599 858 1757 916 recusante,
1768 847 1830 904 fines

245 940 279 977 ex
303 941 360 995 quo
379 923 510 996 Polyhii,
532 925 677 996 Dionysii,
693 925 834 996 Polyaeni,
849 927 972 999 Dexippi
992 936 1020 980 et
1063 939 1168 998 vastat,
1199 930 1312 984 castella
1333 931 1469 985 nonnulla
1491 942 1647 1004 expugnat,
1682 935 1828 990 Ratiariam

245 1010 357 1064 ,Eusebii
375 1012 526 1079 nonnulla,
551 1029 612 1084 quae
637 1029 671 1065 ex
696 1011 927 1066 Constantiniana
953 1009 1019 1087 ssepi
1063 1012 1162 1070 urbem
1176 1017 1338 1090 aggreditur
1350 1016 1440 1090 (aaa).
1454 1049 1492 1059 -
1505 1017 1519 1072 3
1531 1035 1557 1072 a.
1571 1017 1678 1090 cyrus,
1691 1022 1829 1094 prefectus

245 1095 470 1174 στρατηγημάτων
486 1100 569 1152 titulo
584 1096 740 1166 fluxerunt,
754 1098 915 1171 descripsit,
933 1099 1018 1153 etiam
1062 1105 1214 1174 praetorio,
1227 1121 1243 1159 a
1257 1123 1372 1160 munere
1382 1115 1545 1160 removetur
1557 1103 1646 1180 (lla).
1660 1139 1693 1148 -
1707 1114 1735 1172 4.
1751 1109 1830 1164 Sena·

246 1186 330 1238 Prisci
353 1186 443 1240 nostri
464 1195 597 1258 excerpta
616 1185 674 1239 duo
693 1203 721 1240 se
741 1186 876 1259 reperisse
892 1196 1017 1240 testatur.
1064 1200 1119 1258 tor,
1134 1192 1178 1244 vir
1190 1193 1364 1260 consularis,
1380 1191 1571 1246 aTheodosio
1586 1193 1692 1266 legatus
1709 1195 1745 1249 ad
1763 1197 1831 1250 Atti-

247 1271 326 1326 Addo
338 1269 840 1348 deniquequaeapudvossium(Hist.
852 1271 902 1326 Gr.
919 1291 950 1346 p.
964 1271 1019 1326 310
1063 1277 1118 1330 lam
1137 1279 1266 1335 mittitur.
1286 1309 1326 1321 -
1349 1277 1376 1333 5.
1399 1280 1466 1334 Post
1489 1279 1598 1334 cladem
1613 1282 1642 1333 in
1665 1281 1830 1336 Chersoneso

245 1357 288 1412 cd.
306 1357 471 1431 western.)
486 1359 618 1432 leguntur
642 1375 649 1414 :
669 1381 680 1404 α
700 1358 818 1413 Videtur
832 1369 925 1414 autern
944 1357 1019 1432 (Pri-
1063 1376 1209 1438 acceptam
1232 1367 1379 1422 Anatolius
1407 1365 1443 1420 ad
1468 1368 1582 1421 Attilam
1601 1369 1731 1426 mittitur.
1757 1371 1831 1428 Pacis

243 1445 321 1518 scus)
335 1445 421 1500 hodie
436 1455 558 1512 exstare,
571 1463 637 1500 sane
653 1447 721 1500 citat
737 1465 801 1501 eum
814 1447 939 1521 Baptista
953 1447 1021 1502 Ful·
1062 1451 1098 1505 ah
1108 1454 1215 1506 llunnis
1226 1455 1379 1528 propositae
1387 1453 1564 1509 conditiones
1571 1454 1733 1512 durissimae.
1746 1457 1831 1511 Theo·

243 1551 326 1604 gosus
340 1535 368 1586 in
379 1532 608 1588 Memorabilium
628 1533 725 1602 libris,
745 1533 831 1606 inque
843 1534 1019 1588 bibliotheca
1062 1537 1156 1592 dosius
1164 1549 1195 1594 ut
1206 1549 1318 1613 pactam
1329 1541 1479 1614 pecaniam
1493 1542 1621 1610 solveret,
1637 1542 1744 1596 tributa
1754 1544 1831 1616 exigit

243 1622 377 1676 Vaticana
398 1637 456 1675 esse
480 1631 581 1674 auctor
601 1630 642 1674 est
667 1621 794 1694 Raphael
820 1621 1019 1676 volaterranus
1061 1642 1173 1694 severe,
1197 1645 1328 1700 novaque
1353 1629 1484 1701 imponit.
1517 1629 1672 1698 Asinuntii,
1706 1633 1753 1702 qui
1784 1633 1830 1685 soli

243 1708 451 1781 Anthropolog.
471 1707 522 1762 lib.
545 1708 627 1762 Xlll.
645 1709 794 1781 Superesse
809 1709 963 1762 etiamnum
978 1709 1019 1762 ait
1062 1713 1172 1768 Hunnis
1181 1713 1291 1770 sortiter
1301 1714 1478 1783 resistebant,
1487 1716 1553 1789 paci
1565 1717 1610 1770 isti
1622 1717 1831 1772 accommodare

243 1797 271 1846 in
288 1793 498 1850 nomenclatore
518 1813 569 1848 suo
587 1795 663 1850 llob.
686 1795 895 1850 Constantinus.
918 1817 931 1844 a
948 1797 1018 1867 Quae
1061 1817 1091 1855 se
1109 1812 1249 1874 coguntur
1271 1799 1378 1878 (litii
1397 1834 1436 1844 -
1458 1803 1487 1858 6·
1502 1805 1589 1858 Milli
1602 1822 1637 1858 ⁸¹
1654 1805 1753 1858 &1³5⁰ss
1768 1807 1830 1874 suis,

243 1893 356 1936 eatenus
381 1899 447 1937 vera
471 1899 528 1970 epse
555 1893 645 1956 puto,
671 1893 809 1955 (prutenus
828 1883 942 1938 titulum
966 1884 1017 1938 ali·
1062 1905 1134 1960 quos
1147 1888 1342 1947 Romanorum
1356 1889 1437 1944 donis
1452 1890 1541 1946 ditare
1552 1892 1654 1965 vellet,
1668 1893 1741 1946 alios
1754 1893 1831 1965 sup'cr

243 1986 326 2041 ιμιενα
341 1971 546 2043 Excerptorum
569 1970 864 2026 Constantinianorum
885 1990 949 2026 cum
970 1973 1017 2026 in·
1058 1973 1123 2030 aliis
1145 1977 1421 2051 Constantinopolim
1432 1975 1542 2052 mittit,
1565 1995 1651 2032 ranas
1671 1981 1831 2052 excogitans

243 2067 321 2129 tegro
335 2057 422 2111 Prisci
433 2074 519 2130 opere
532 2056 838 2113 viriilliconliaderunt.
1060 2060 1233 2134 legationum
1253 2066 1426 2120 occasiones.
1445 2065 1559 2135 Parthi,
1585 2066 1716 2135 Vandali,
1734 2067 1830 2131 lsauri,

513 2195 745 2255 TESTIMONIA·
1060 2149 1502 2309 ggihhmAiholssaffindhidnhd
1511 2151 1663 2296 l'diddten-dt-:s
1673 2154 1831 2314 ἹῑΓιΓιιῗίιίὲίί

280 2327 380 2382 Suidas
403 2344 409 2380 ι
437 2322 600 2401 Πρίσκος,
624 2323 757 2400 Πανίτης,
782 2323 921 2404 αορισής,
940 2346 1015 2404 γεγο-
1059 2325 1178 2398 aliisque
1192 2326 1227 2381 de
1241 2327 1325 2381 rebus
1338 2327 1499 2382 Theodosio
1514 2331 1634 2382 nuntiat.
1650 2331 1735 2383 Hunc
1749 2329 1830 2400 Chry·

243 2411 291 2477 νὼς
307 2412 349 2469 ἐπὶ
365 2415 417 2469 τῶν
434 2411 533 2490 χρόνων
552 2409 692 2470 Θεοδοσίου
717 2415 762 2469 τοῦ
781 2417 890 2490 μικροῦ·
905 2412 1015 2492 ἔγραψεν
1059 2414 1172 2488 saphius
1194 2415 1339 2468 eunuchus
1353 2415 1475 2482 inducit,
1491 2427 1524 2469 ut
1545 2415 1635 2470 redux
1658 2417 1773 2470 Attilam
1797 2415 1828 2468 de

242 2499 370 2579 Ἱστορίαν
386 2498 563 2568 attentasti
580 2497 756 2576 (Βυζαντικὴν
779 2519 839 2556 var.
861 2502 946 2578 lect.)
969 2499 1014 2557 καί
1059 2499 1153 2554 medio
1168 2501 1255 2555 tollat
1274 2501 1448 2556 Theodosius
1469 2503 1653 2556 blaximinum
1666 2503 1701 2556 ad
1718 2503 1829 2558 Attilam

241 2585 274 2643 rh
288 2586 356 2644 κατὰ
372 2587 497 2656 'Art-dhar
509 2585 647 2662 (Ἄτταλον
658 2589 762 2662 codd.)
779 2589 804 2644 ἐν
817 2586 926 2665 βιὸλίοις
935 2585 1014 2659 ὀκτὼ,
1059 2588 1145 2642 mittit
1158 2583 1256 2662 (illi).
1276 2617 1313 2630 -
1329 2588 1357 2643 8.
1373 2591 1542 2644 Maximinus
1555 2609 1620 2644 cum
1639 2591 1731 2662 Bigila
1749 2591 1830 2644 inter·

240 2675 358 2740 Μελέτας
373 2697 401 2732 τε
416 2673 552 2754 ῥητορικὰς
565 2673 611 2732 καί
625 2673 791 2740 Ἐπιστολάς.
1057 2686 1137 2748 prete
1159 2686 1188 2729 et
1205 2677 1300 2730 Prisco
1319 2687 1416 2731 nostro
1438 2677 1475 2732 ad
1497 2679 1612 2731 Attilam
1630 2675 1827 2750 proficiscitur.

282 2766 418 2838 Euagrius
446 2765 518 2818 Hist.
543 2767 649 2822 Eccles.
681 2766 711 2832 I,
745 2783 776 2834 ¹7
804 2783 811 2818 ι
839 2760 887 2821 Ἐν
918 2762 1015 2828 τούτοις
1058 2765 1117 2816 lter
1132 2763 1311 2818 describitur.
1331 2765 1441 2819 insidiae
1452 2766 1544 2820 Attilae
1560 2777 1667 2838 paratae
1680 2783 1734 2838 per
1746 2768 1829 2838 ipsum

240 2853 293 2915 τοῖς
310 2848 412 2928 χρόνοις
427 2852 441 2906 ὁ
455 2847 535 2914 πολὺς
553 2852 591 2928 τῷ
603 2849 673 2927 λόγῳ
686 2847 799 2924 πόλεμος
811 2847 943 2920 ἐκεκίνητο
959 2847 1013 2907 ’At-
1058 2851 1218 2906 Edeconem
1232 2851 1403 2924 produntur.
1425 2853 1536 2926 Legatis
1551 2852 1705 2926 denegatur
1727 2853 1830 2920 aditus,

238 2937 298 2994 τίλα
313 2941 354 2994 τοῦ
372 2940 423 2994 τῶν
438 2937 546 2994 Σκυθῶν
566 2935 708 3013 βασιλέως,
729 2935 757 2992 ὃν
773 2934 913 3015 περιέργοις
930 2935 975 2992 καί
990 2937 1015 3002 ἐς
1058 2955 1142 3010 quam
1156 2939 1205 2992 vix
1219 2939 1331 2994 tandem
1341 2941 1428 2994 Prisci
1439 2950 1466 2994 et
1478 2941 1580 2994 Scottae
1592 2957 1679 3012 opera
1691 2939 1827 2992 obtinent.

240 3024 272 3081 rit
290 3024 405 3100 μάλιστα
428 3023 520 3100 λογίως
541 3023 656 3102 Πρίσκος
676 3026 691 3081 ὁ
712 3023 799 3102 ῥήτωρ
818 3021 928 3103 γράφει,
947 3023 1014 3098 μετὰ
1058 3025 1160 3098 Rigilas
1179 3025 1456 3101 Constantinopolim
1476 3027 1640 3082 remittitur.
1665 3027 1831 3081 lllaximinus

239 3114 338 3183 πολλῆς
357 3115 404 3182 τῆς
420 3109 548 3189 κομψείας
568 3111 735 3188 διηγούμενος
755 3107 824 3175 ὅπως
835 3133 863 3168 τε
882 3107 950 3168 κατὰ
962 3113 1013 3168 τῶν
1058 3113 1163 3186 operiri
1173 3113 1414 3186 cogiturreditum
1425 3115 1567 3188 Onegesii,
1579 3115 1629 3186 qui
1640 3124 1701 3168 tum
1714 3115 1752 3170 ad
1762 3119 1832 3169 Aca-

240 3197 311 3276 ἑῴων
332 3199 377 3257 καλ
397 3197 523 3274 ἑσπερίων
538 3198 726 3278 ἐπεστράτευσε
744 3201 840 3276 μερῶν,
857 3193 912 3265 σίας
930 3198 1014 3256 asaal
1058 3201 1127 3255 tiros
1138 3201 1255 3272 Scythas
1268 3201 1412 3274 profectus
1425 3213 1494 3256 erat.
1507 3205 1549 3257 De
1562 3202 1681 3256 Acatiris
1690 3219 1829 3256 excursus.

239 3288 301 3352 ὅσας
317 3287 403 3352 πολεις
423 3285 487 3343 ἑλὼν
508 3287 656 3362 κατήγαγε,
670 3285 715 3343 καί
735 3283 783 3344 ὅσα
803 3283 946 3364 πεπραχὼς
962 3288 1013 3342 τῶν
1058 3287 1152 3361 Legati
1168 3307 1232 3343 cum
1248 3289 1335 3344 Attila
1346 3291 1559 3363 septemtriones
1571 3307 1666 3343 versus
1680 3289 1715 3343 ad
1730 3291 1831 3362 regiam

240 3377 354 3432 ἐντεῦθεν
369 3373 490 3448 μετέστη.
1058 3375 1186 3430 tendunt.
1204 3377 1237 3430 ln
1252 3378 1316 3430 vico
1330 3377 1455 3449 quodam
1465 3377 1501 3430 ab
1514 3393 1571 3431 una
1582 3395 1618 3431 ex
1630 3375 1722 3430 Bledae
1739 3377 1831 3430 uxori·

280 3465 359 3519 idern
381 3464 426 3530 11,
451 3463 485 3518 16
508 3480 515 3520 :
538 3459 589 3520 Ἐκ
611 3457 752 3536 πρεσὸιίας
773 3457 800 3516 δὲ
820 3461 871 3516 τῶν
886 3459 1013 3536 ἑσπερίων
1057 3461 1111 3514 bus
1119 3462 1308 3534 excipiuntur.
1324 3461 1524 3518 Obviamiiunt
1537 3464 1620 3537 legati
1635 3465 1829 3518 Rornanorum

240 3548 380 3624 Ῥωμαίων
397 3547 526 3622 Ἀνθέμιος
550 3546 671 3625 βασιλεὺς
689 3549 739 3604 τῶν
756 3545 898 3622 Ῥωμαίων
912 3545 1014 3622 ίκπέμ-
1060 3547 1288 3603 occidentalium.
1300 3549 1366 3621 Ejus
1377 3551 1523 3624 legationis
1531 3569 1624 3605 causa.
1636 3551 1733 3624 Regiae
1745 3552 1833 3605 Attilae

240 3657 326 3706 πεται,
338 3625 360 3712 ᾧ
373 3632 523 3711 Μαρκιανὸς
535 3631 647 3713 ὁπριίνην
658 3630 850 3709 βεὸασνλευκὼς
859 3631 907 3704 τὴν
917 3631 1014 3691 οἰκείαν
1059 3633 1225 3708 descriptio.
1247 3637 1402 3691 Puellarum
1416 3637 1495 3692 chori
1511 3647 1539 3692 et
1552 3638 1682 3710 Onegesii
1696 3655 1773 3691 uxor
1784 3637 1834 3691 acl-

240 3719 405 3798 κατηγγύησε
417 3719 511 3778 παῖδα.
528 3717 712 3794 ’metuerent
728 3721 791 3794 (an.
807 3723 877 3794 468)
893 3721 920 3778 δὲ
934 3743 1013 3804 στρα-
1057 3722 1216 3776 venientem
1236 3741 1331 3796 regem
1356 3725 1513 3781 salutantes.
1534 3725 1621 3779 Prisci
1646 3743 1710 3778 curn
1734 3725 1833 3781 Gracco

241 3806 318 3883 τηγὸς
331 3805 400 3865 κατὰ
415 3805 549 3885 Γιζερίχου
563 3805 736 3881 Βασιλίσκος,
757 3809 772 3864 ὁ
790 3811 835 3878 τῆς
847 3807 954 3873 Λίοντος
969 3832 1013 3885 γυ·
1058 3809 1184 3880 quodam
1203 3811 1280 3884 apud
1303 3813 1423 3866 Hunnos
1441 3811 1558 3884 degente
1573 3811 1761 3882 colloquium.
1776 3812 1836 3864 Pri-

240 3893 325 3960 ναικὸς
338 3893 451 3972 Βηρίνης
463 3893 587 3973 ἀδελφὸς,
601 3891 670 3967 μετὰ
684 3894 881 3970 στρατεύματος
898 3895 1013 3974 ἀριστίν-
1057 3897 1349 3970 scusOnegesiodoua
1361 3898 1424 3952 lert.
1435 3898 1512 3969 Quid
1519 3898 1671 3970 Onegesius
1680 3899 1835 3952 Maximino

239 3983 286 4053 δην
311 3981 514 4058 συνειλεγμένου.
535 3979 618 4059 Ἄπερ
643 3975 819 4059 ἀκριὸίστατα
847 3983 956 4064 Πρίσκῳ
977 3987 1014 4063 τῷ
1056 3985 1245 4058 responderit.
1269 3987 1380 4040 Priscus
1399 3986 1508 4052 Cercae,
1528 3985 1622 4039 Attilae
1635 3986 1735 4052 uxori,
1758 3985 1834 4039 dona

241 4067 329 4146 ῥήτορι
343 4068 503 4137 πεπόνηται·
520 4065 590 4133 ὅπως
603 4089 631 4124 τε
653 4067 720 4147 δόλῳ
734 4068 877 4146 περιελθὼν
896 4074 910 4127 ὁ
928 4070 1013 4142 Λέων,
1059 4071 1151 4126 offert.
1169 4073 1235 4144 Ejus
1247 4072 1357 4129 domus.
1373 4074 1460 4128 Prisci
1475 4091 1538 4128 cum
1549 4073 1647 4144 legatis
1658 4073 1745 4128 Rom.
1760 4074 1836 4126 occi-

240 4154 332 4229 μισθὸν
355 4153 444 4235 ὥσπερ
465 4153 601 4220 ἀποδιδοὺς
620 4157 666 4226 τῆς
693 4157 719 4222 ἐς
746 4155 825 4215 αὐτὸν
843 4162 1011 4236 προαγωγῆς,
1059 4159 1212 4214 dentalium
1233 4161 1409 4232 colloquium
1436 4159 1471 4214 de
1499 4161 1670 4213 Hunnorum
1694 4160 1836 4231 imperio,

240 4243 342 4322 ἀναιρεῖ
355 4243 419 4319 (an.
443 4244 515 4318 471)
538 4239 660 4319 Ἄσπαρα
682 4242 730 4314 τλν
751 4243 835 4324 ἀρχὴν
851 4247 921 4325 αὐτῷ
940 4267 1013 4324 περι·
1058 4263 1213 4320 eorumque
1223 4247 1403 4321 expeditione
1412 4247 1707 4302 PersicaConvivium
1716 4246 1747 4298 in
1758 4246 1837 4317 regia

240 4327 332 4399 θέντα,
351 4327 481 4394 παῖδιίςτε
501 4329 578 4387 αὐτοῦ
597 4327 776 4410 Ἀρδαὸσύριον
798 4331 842 4390 καλ
859 4333 1012 4410 Πατρίκιον,
1058 4334 1150 4389 Attilae
1165 4335 1343 4390 describitur.
1368 4334 1462 4389 Attilae
1477 4351 1580 4390 mores.
1598 4337 1772 4406 Legatorum
1789 4351 1836 4385 re-

239 4415 267 4474 ὅν
281 4413 395 4496 καίσαρα
415 4416 542 4486 πεποίητο
552 4415 687 4496 πρότερον,
704 4416 747 4475 ίνα
761 4417 808 4487 τλν
824 4415 955 4496 Ἄσπαρος
973 4419 1013 4477 εί·
1057 4419 1133 4474 dinis
1147 4418 1234 4498 (448).
1249 4451 1285 4463 -
1299 4441 1327 4494 9.
1344 4423 1386 4476 De
1398 4421 1491 4474 Attilae
1510 4421 1597 4494 regia.
1622 4447 1655 4456 —
1677 4437 1721 4473 ro.
1737 4419 1839 4472 Martis

241 4525 311 4561 sorar
326 4501 461 4573 κτήσηται
1056 4507 1182 4580 gladium
1196 4507 1342 4580 quomodo
1354 4509 1439 4563 Attila
1454 4507 1572 4581 adeptus
1584 4507 1630 4560 sit.
1648 4535 1688 4547 —
1705 4525 1750 4560 11.
1769 4507 1837 4560 Zcr·

494 4637 751 4695 ARGUMENTUM
1058 4613 1129 4664 con,
1142 4613 1240 4650 scurra
1252 4594 1344 4650 Bledae
1356 4595 1438 4668 regis.
1452 4624 1492 4636 ·-
1510 4607 1555 4650 ta.
1571 4593 1658 4648 Attila
1669 4592 1797 4648 Orestem
1810 4603 1839 4646 et

757 4680 762 4690 '
1058 4681 1148 4736 Eslam
1161 4682 1198 4737 ad
1217 4681 1409 4736 Theodosium
1427 4681 1528 4748 mittit,
1544 4681 1594 4753 qui
1610 4677 1836 4752 Chrysaphium,

280 4769 326 4824 Fr.
345 4787 370 4827 1.
386 4770 461 4834 ilua,
478 4771 646 4823 Hunnorum
660 4785 720 4840 rex,
737 4768 828 4822 lislam
841 4769 964 4842 legatum
979 4769 1015 4824 ad
1058 4767 1260 4840 conjurationis
1273 4779 1433 4840 auctorem,
1447 4777 1609 4842 exposcant.
1623 4765 1702 4821 ldem
1715 4767 1837 4837 Chrysa·

240 4859 385 4910 Romanos
397 4856 495 4921 mittit,
511 4855 617 4910 bellum
630 4855 779 4922 minitans,
794 4855 848 4909 nisi
860 4855 1015 4930 transfugas
1058 4855 1141 4929 phius
1165 4873 1182 4910 a
1202 4857 1316 4914 Zenone
1338 4854 1374 4910 ad
1398 4873 1512 4929 poenam
1531 4855 1659 4929 poscitur
1681 4851 1772 4928 (448).
1796 4882 1836 4894 -

240 4943 370 4997 reddant.
380 4945 443 4999 Ilua
453 4941 599 5011 defuncto,
609 4943 754 5016 Attilaque
764 4961 828 4998 cum
838 4943 922 4998 lileda
930 4943 1015 5000 fratre
1063 4943 1107 4998 13.
1121 4945 1228 4999 Nomus
1240 4954 1267 4998 et
1275 4943 1421 4998 Anatolius
1433 4942 1469 4997 ad
1480 4943 1592 4998 Attilam
1604 4939 1834 5015 proficiscuntur,

242 5029 425 5094 succedente,
447 5032 567 5083 Romani
581 5031 617 5084 de
635 5047 705 5103 pace
720 5030 854 5085 servanda
874 5031 1014 5085 Plinthum
1058 5043 1090 5084 ut
1110 5032 1180 5086 iram
1194 5030 1254 5102 ejus
1272 5032 1302 5084 in
1321 5031 1526 5104 chrysaphium
1539 5030 1652 5102 placent
1668 5022 1775 5100 (449).
1794 5055 1835 5066 —-

243 5126 270 5169 et
286 5117 452 5186 Dionysium
467 5117 572 5190 legatos
595 5119 719 5174 mittunt.
738 5118 817 5172 Pacis
839 5117 1015 5173 conditiones
1063 5125 1105 5183 il.
1122 5120 1196 5174 Felix
1210 5119 1268 5190 ejus
1277 5119 1423 5192 legationis
1433 5133 1573 5172 successus
1581 5115 1713 5190 (llgl.-
1725 5110 1768 5166 ιδ.
1785 5117 1834 5165 At·
