3908 5732
816 373 1065 436 nnnnnnnnn.
1681 389 1741 439 m

135 505 294 587 Θευδέριχον
313 502 571 584 προχειρίζεται,τδν
586 505 766 586 ἐπιλεγόμενον
781 505 913 586 Στραθδν,
963 507 1116 588 Μαρκιανδν
1130 507 1237 568 ένίκιον·
1248 505 1440 582 ἐπιλαθομένης
1458 505 1544 578 δέτῆς
1559 507 1663 578 νυκτδς,
1685 508 1741 571 Ἰλ-

136 596 284 674 δωριαῖςτε
296 593 493 658 αύτδνπολλαῖς
513 593 654 672 σύμμαχον
670 595 714 653 καί
736 594 810 673 φίλον
822 593 914 664 ἐποιή-
961 595 1021 663 λαῦς
1037 596 1081 654 διδ
1094 595 1216 674 προνοίας
1235 593 1294 662 τοῖις
1308 597 1338 654 ἐκ
1351 598 1397 666 τῆς
1419 595 1584 666 Χαλκηδόνος
1608 595 1741 676 Ἰσαύραυς

135 707 211 744 σατο.
222 682 257 744 ‘0
265 682 292 740 δέ
298 681 396 746 Ἰλλοῖῖς
407 678 451 738 τδν
464 679 512 755 μὲν
521 679 655 740 Ἐπίνικαν
671 681 739 741 κατδι
759 681 807 754 τήν
823 681 915 742 Ἰσαύ-
962 684 1103 750 πωλιανοῖς
1114 683 1247 743 διεύέύασε
1259 681 1369 752 πλοίοις,
1384 685 1435 740 τῶν
1442 684 1524 742 έκεῖσε
1537 683 1740 764 διαπορθμευόν-

136 795 187 853 ρων
211 769 314 849 έπεμψε
339 767 530 848 φυλάττεσθαι,
554 767 630 836 αύτδς
652 767 680 827 δέ
705 768 848 846 λαθόμενος
869 772 915 826 τοῦ
961 793 1013 828 των
1024 772 1074 830 ύπδ
1089 776 1136 830 τοῦ
1152 774 1306 849 Μαρκιανοῦ
1319 769 1620 849 προκαταλελημμένων,
1635 769 1681 830 άτε
1695 771 1741 831 καῖ

134 857 255 918 τεθνάναι
274 859 300 916 oi
322 855 366 914 τδν
392 853 501 934 άδελρδν
516 853 671 934 Ἀσκάλων,
694 854 779 924 ίξοδον
804 854 915 925 αἰτήσας
962 857 1050 937 κυρίου
1062 858 1133 926 ὄντος
1151 863 1195 916 τοῦ
1207 859 1290 916 ἐκεῖσε
1313 855 1424 930 λιμένος.
1445 857 1499 916 Καὶ
1512 861 1545 934 τῇ
1559 858 1683 939 ύστεραίρ
1695 863 1741 918 τοῦ

134 945 209 1027 παρίε
228 949 274 1004 τοῦ
288 941 431 1024 βασιλέως,
450 942 599 1022 άμορμήθη.
625 942 680 1004 Καὶ
698 941 767 1003 κατά
781 939 827 1014 τήν
844 943 914 1019 ἐνεγ-
964 945 1092 1024 βασιλέως
1109 945 1167 1012 τοὺς
1180 948 1207 1004 ἐν
1220 943 1290 1004 τίλει
1305 944 1404 1010 πάντας
1417 944 1617 1022 συναγαγόντας,
1628 947 1673 1004 καί
1688 948 1743 1004 ἐπι·

135 1033 254 1110 καμένην
275 1029 427 1108 γενόμενος,
446 1029 492 1086 καὶ
511 1032 549 1108 τῷ
566 1027 695 1110 Ἐπινίκῳ
722 1028 854 1108 ἐντυχὼν,
870 1028 915 1087 καί
962 1031 1069 1112 σχόντος
1082 1035 1108 1092 ἐν
1119 1037 1176 1100 ταῖς
1187 1031 1326 1113 βασιλείοις
1340 1034 1447 1104 αὐλαῖς,
1459 1022 1515 1090 ε’ίτα
1526 1034 1741 1114 καλστρατιωτε-

135 1118 211 1200 γνοῖις
230 1117 255 1188 ἐξ
273 1118 353 1176 αὐτοῦ
371 1114 405 1175 τέι
421 1119 468 1186 τῆς
487 1115 627 1187 όπιύουλῆς
648 1119 719 1196 αύτῷ
740 1115 791 1175 ὑπὸ
804 1115 916 1195 Βηρίνητ
962 1120 1010 1190 κὴν
1025 1119 1165 1200 ἐπαρέντος
1174 1124 1267 1200 χεῖρα,
1283 1118 1405 1198 τρέπεται
1417 1118 1447 1177 τὸ
1458 1125 1503 1178 τοῦ
1516 1123 1671 1200 Μαρκιανοῖι
1691 1121 1740 1198 μέ-

136 1207 310 1284 συνταγέντα,
327 1202 539 1284 προσεποιήσατο
559 1203 635 1284 ἄχρις
654 1195 683 1263 οδ
704 1203 813 1276 Ζήνων,
833 1225 913 1280 μετα·
963 1228 1017 1282 ρος,
1040 1207 1085 1266 καί
1099 1207 1203 1287 ρεύγει,
1224 1208 1329 1266 πολλῶν
1349 1205 1375 1274 ἐξ
1390 1205 1520 1286 έκατέρων
1539 1207 1739 1286 ἀναιρεθέντων.

135 1295 305 1378 πεμψάμενσς
314 1290 438 1366 αύτδν,έκ
451 1295 497 1362 τῆς
510 1290 650 1368 συμόάσης
660 1291 711 1350 nni
722 1294 836 1368 σεισμῶν
846 1313 915 1367 συμ-
963 1293 1063 1371 Ὀλέγοε
1074 1293 1102 1354 δέ
1114 1317 1180 1376 τινες
1191 1298 1243 1354 τῶν
1254 1293 1376 1374 φυγάδων
1390 1293 1491 1366 καλιήν
1506 1292 1592 1355 Ἰλλοῦ
1606 1296 1741 1377 ἐπίμπρα·

134 1393 215 1464 φορᾶς
237 1383 262 1442 ⁴⁸.
287 1380 334 1446 Ὦς
359 1380 386 1438 δέ
406 1379 451 1438 τδν
475 1378 653 1460 Παμπρίπιον
675 1379 836 1457 ίπαγόμενος
859 1377 915 1439 Ἰλ·
961 1405 1011 1441 σαν
1020 1381 1116 1445 οὶκίαν.
1452 1439 1455 1446 ,

134 1467 305 1548 λοῦς,άνδρα
318 1470 348 1527 ix
361 1470 407 1538 τῆς
422 1465 510 1532 Πανὸς
529 1463 686 1545 ὡρμημένον
707 1463 809 1533 πόλεως
831 1463 913 1544 Αίγύ·
1003 1490 1026 1528 ε.
1049 1468 1141 1548 Ὁμέν
1156 1461 1200 1529 σύν
1208 1468 1310 1542 Ζήνων,
1320 1473 1365 1540 τῆς
1377 1468 1503 1550 ἐμφυλίου
1514 1474 1742 1550 ταραχῆςπεπαυ-

135 1579 220 1627 πτου,
235 1551 422 1634 γραμματικήν
438 1552 467 1611 δδ
479 1551 615 1630 μετιόντα,
630 1554 675 1612 καί
693 1555 721 1612 ίκ
735 1555 832 1612 πολλοῦ
846 1551 914 1612 κατδι
963 1556 1113 1634 μένης,τδν
1127 1555 1282 1637 Μαρκιανδν
1292 1561 1318 1616 ἐν
1328 1565 1380 1624 τοῖς
1396 1557 1544 1634 λεγομένοις
1557 1558 1741 1639 πρεσβυτέροις

134 1644 182 1715 τήν
197 1641 332 1714 Ἑλλήνων
347 1640 505 1716 οἰκήσαντα,
519 1631 598 1712 ἧκεν·
610 1644 703 1720 πρῶτα
712 1639 760 1717 μίν
770 1639 848 1700 αύτδν
860 1640 915 1711 Ζή·
962 1645 1130 1718 κατατάττει,
1142 1645 1188 1704 καί
1200 1641 1289 1716 είςτήν
1298 1645 1486 1704 Καππαδοκῶν
1496 1645 1656 1725 Καισάρειαν
1667 1647 1742 1706 έλαύ-

135 1756 186 1792 νων
198 1729 357 1809 άποδίχεται
372 1726 418 1786 σὺν
437 1737 503 1786 πᾶσι
522 1731 576 1794 τοῖς
590 1726 677 1786 τέλεσι
685 1725 736 1808 πρδ
750 1727 912 1798 πεντήκοντά
961 1755 1008 1806 νει,
1020 1732 1065 1792 καὶ
1079 1732 1126 1804 τήν
1138 1730 1229 1792 τούτου
1236 1739 1347 1809 γυναῖκα
1360 1729 1484 1792 Δεοντίαν
1494 1734 1520 1790 ἐν
1528 1739 1580 1798 τοῖς
1591 1733 1739 1812 λεγομένοις

135 1843 187 1879 που
201 1817 313 1878 σταδίων
324 1820 373 1887 τ’ής
380 1814 565 1888 Χαλκηδόνος·
578 1815 668 1875 έπειτα
678 1814 826 1894 [τέε]ἐκτοίῖ
842 1813 916 1876 Ἐπι-
962 1819 1123 1898 Ἀκοιμήτοις
1146 1825 1276 1899 ρυγοῖσαν
1293 1817 1506 1895 καταλιμπάνει,
1523 1817 1582 1887 τούς
1595 1819 1621 1878 δέ
1636 1820 1741 1890 λοιπούς

135 1908 207 1967 νίκου
228 1907 259 1965 λε
279 1903 354 1964 θέντα
371 1903 548 1982 ἀπαγγείλας,
570 1901 616 1961 καί
638 1901 853 1981 διαλογισάμενος
867 1904 915 1962 οὒκ
962 1906 1024 1987 πρὸς
1033 1907 1193 1987 Θευδέριχον
1205 1906 1369 1988 ἀποδράντας
1382 1908 1532 1988 άραιρεῖται
1543 1910 1596 1966 τῶν
1605 1909 1740 1987 ὑπαρχόν·
1807 1957 1809 1964 .

136 1991 250 2076 άσραλές
259 1929 330 2052 δίναι
345 1992 416 2070 αύτῷ
427 1989 834 2068 ἐπιύαίνειντῇΚωνσταντένου,
850 1990 916 2060 έξαι·
962 2018 1024 2055 των.
1038 1993 1115 2054 Κατέι
1129 1995 1156 2054 δέ
1170 1994 1214 2052 τὸν
1231 1994 1308 2054 αύτδν
1323 1994 1412 2076 καιρδν
1427 1993 1473 2053 καί
1486 1992 1596 2072 δέτερος
1616 1995 1741 2076 θευδίρι·

135 2085 175 2142 τεῖ
185 2082 234 2153 τήν
248 2079 376 2160 Βηρίναν·
388 2079 434 2137 καί
448 2075 536 2137 λαθὼν
549 2077 631 2148 αύτήν
644 2078 717 2159 παρδι
732 2083 777 2138 τοῖν
795 2077 915 2150 Ζήνωνος
961 2105 1023 2162 χος,
1037 2087 1052 2141 δ
1065 2081 1230 2162 Ούαλίμερος
1251 2081 1295 2140 ἐπί
1308 2081 1356 2154 τήν
1373 2081 1433 2140 νέαν
1447 2079 1575 2159 Ἤπειρον
1594 2082 1742 2162 ἐκδραμὼν,

135 2171 249 2241 έκδοτον,
262 2169 442 2247 Ματρωνεανῷ
458 2164 625 2226 κατατίθεται
639 2169 676 2244 τῷ
697 2170 744 2237 τῆς
757 2170 850 2226 ἑαυτοῦ
865 2191 914 2243 γα·
963 2165 1090 2248 ἐγκρατής
1106 2168 1206 2246 γίνεται
1222 2169 1319 2236 πόλεως
1333 2167 1492 2249 Δυρραχίου,
1507 2165 1626 2248 Ἱσαυροί
1638 2192 1666 2228 τε
1679 2170 1743 2230 Κύι-

136 2262 216 2336 μετ-’ῆς
226 2257 344 2337 ἀδελφῷ·
356 2254 383 2322 θς
396 2253 440 2314 ἐπί
454 2251 502 2326 τήν
515 2252 646 2333 Ἰσαυρίαν
661 2252 707 2312 σδν
720 2251 815 2324 πλήθει
825 2256 915 2336 πολλῷ
964 2279 1041 2337 ρυκον
1053 2256 1099 2315 καί
1112 2253 1252 2327 Σεύαστήν
1263 2260 1309 2328 τῆς
1324 2256 1444 2336 Κιλικίας
1456 2247 1533 2316 εἶλον.
1546 2256 1601 2316 Καὶ
1614 2260 1723 2337 Μαρκια
1731 2291 1742 2304 -

134 2346 234 2417 ταύτην
249 2340 364 2422 ἀγαγὼν,
379 2343 406 2400 ἐν
417 2339 529 2418 τῇκατδ
539 2343 565 2400 Τ
566 2339 646 2420 αρσδν
656 2339 782 2421 ἐκκλησίᾳ
790 2346 914 2420 καθιεροῖ,
961 2345 1003 2411 νὸς
1013 2343 1039 2402 δὲ
1052 2341 1167 2423 άποδρέις
1178 2342 1237 2410 τούς
1248 2347 1438 2424 φρουροῦντας,
1450 2342 1495 2401 καῖ
1506 2341 1553 2400 σὺν
1565 2345 1656 2423 πολλῷ
1668 2343 1740 2418 πλή-

136 2432 234 2494 ἐκεῖθέν
244 2455 273 2490 τε
287 2433 312 2498 ές
324 2426 489 2488 Δολίοοῑνδον
500 2425 629 2507 ίφροῦρῑῑ-
697 2481 699 2486 ,
962 2436 1000 2490 θει
1019 2434 1153 2510 γεωργικῷ
1179 2431 1293 2490 ίπελθὼν
1314 2433 1347 2510 τῇ
1367 2429 1435 2488 κατδι
1456 2431 1588 2490 Γαλατίαν
1608 2431 1740 2512 Ἀγκύρρ,

175 2541 199 2582 α.
223 2519 277 2580 Καί
293 2521 307 2576 δ
322 2517 421 2582 Ἰλλοῖῖς
439 2512 497 2592 ἅμα
513 2513 615 2586 Ζήνωνι
640 2514 685 2572 καί
705 2514 866 2595 τῇβασιλίδι
890 2518 915 2582 ές
963 2515 1740 2599 ἀπεκρούσθηΤροκούνδουπροκαταλαύύντος[τδ]χωρίσν,

135 2608 186 2680 τήν
201 2603 399 2669 Κωνσταντίνου
419 2602 495 2661 πόλιν
518 2601 741 2682 παραγενόμενος,
765 2602 914 2680 παραυτίκα
962 2606 1008 2665 καὶ
1021 2604 1063 2664 δεδι
1084 2607 1136 2664 τῶν
1149 2607 1227 2664 αθτοῖι
1242 2603 1390 2684 δορυφόρων
1406 2604 1566 2682 κρατηθέντα
1582 2611 1671 2664 τοῦτον
1684 2605 1742 2684 ἅμα

135 2699 174 2775 τῷ
187 2692 317 2774 Ἐπινίκιρ
330 2688 377 2763 τήν
394 2689 502 2750 κάθοδον
514 2688 683 2769 διεπράξατο,
699 2694 746 2760 τῆς
758 2689 915 2767 καταμηνύ-
961 2691 1064 2770 γυναικί
1078 2692 1124 2751 καί
1135 2691 1226 2750 παισίν
1240 2691 1275 2758 εῖς
1284 2715 1311 2748 τι
1324 2689 1444 2773 φρούριον
1456 2695 1508 2749 τῶν
1520 2693 1546 2750 ἰν
1559 2689 1678 2774 Ἰσαυρίρ
1689 2715 1741 2750 κα·

136 2804 203 2849 σεως
215 2781 304 2861 χάριν.
319 2783 366 2860 Τῷ
377 2778 405 2838 δέ
422 2777 593 2860 Παμπρεπίηι
606 2776 636 2838 εδ
649 2776 739 2838 λοιπδν
750 2780 776 2836 ἐν
787 2777 861 2857 πόση
871 2781 916 2840 εθ-
961 2780 1124 2850 ταστῆοαι”.
1137 2777 1219 2839 Ὀθιν
1228 2783 1241 2837 δ
1251 2778 1372 2858 βασιλεὺς
1384 2779 1542 2860 Θιυδέριχυν
1554 2778 1599 2838 τὸν
1614 2779 1741 2860 Τριαρίου

137 2869 195 2950 ροίρ
207 2869 240 2928 τδ
250 2868 393 2949 πράγματα
407 2857 451 2944 ήν,
471 2865 606 2944 τιμηθέντι
617 2865 662 2925 καί
683 2867 715 2944 τῇ
728 2871 773 2926 τοῦ
784 2869 915 2928 κοιαίστο-
962 2865 1117 2948 παραλύσας
1132 2869 1284 2946 τῆςέρχῆς,
1299 2870 1324 2927 Τ
1326 2863 1466 2946 ροκούνδην
1479 2865 1683 2945 προγειρίζεται,
1695 2865 1742 2924 καί

137 2981 179 3037 ρος
194 2955 263 3037 ἀξία.
279 2955 398 3026 Συνέστη
417 2951 445 3012 δέ
461 2953 507 3013 καί
521 2953 634 3031 πόλεμος
658 2954 781 3034 ἐμρύλιος
800 2956 864 3035 πρὸς
877 2959 915 3036 τῷ
963 2955 1058 3016 Ἀέτιον
1069 2957 1123 3015 τῶν
1134 2957 1161 3014 ἐν
1172 2953 1291 3034 Ἰσαυρίρ
1307 2956 1389 3012 τελῶν
1401 2951 1558 3033 προκαθίξει.
1568 2945 1742 3034 Ἔνῷχρύνῳ

135 3045 204 3102 τίλει
218 3047 263 3115 τῆς
272 3042 389 3114 Ζήνωνος
407 3040 532 3108 ὑπατείας
550 3039 621 3121 (ειν),
638 3041 689 3100 ini
703 3045 857 3122 Μαρκιανοῦ
870 3043 915 3102 καί
963 3042 1127 3120 συνωμοσίαν
1151 3041 1322 3118 ποιησάμενοι
1341 3039 1474 3107 Ἐπένεκός
1494 3061 1523 3098 τε
1542 3038 1587 3097 καί
1609 3037 1741 3107 Διονύσιος

137 3129 288 3208 Προκοπίου
304 3133 356 3188 τῶν
378 3129 507 3209 ἀδελφῶν,
521 3126 564 3188 διδ
580 3129 628 3201 τήν
646 3127 776 3209 πρόφασιν
791 3128 913 3208 Βηρίνης.
963 3129 1080 3210 ὕπαρχος
1094 3133 1141 3201 τῆς
1155 3130 1237 3199 αὐλῆς
1249 3127 1297 3207 ὢν,
1307 3126 1354 3186 καί
1373 3126 1550 3207 Θραυστήλας
1564 3124 1740 3206 στρατηγικὴν

138 3217 192 3278 Καὶ
208 3218 306 3287 πλῆθος
320 3214 483 3293 ἀθροίσαντες
498 3215 640 3295 βαρδάρων,
664 3215 720 3292 ἅμα
744 3217 849 3283 πολλοῖς
863 3220 914 3274 τῶν
963 3217 1068 3286 ἀξίωσιν
1086 3216 1163 3296 ίχων,
1179 3215 1283 3282 ἁλόντες
1296 3214 1347 3272 nari
1366 3219 1411 3274 τοῖῖ
1432 3214 1558 3291 βασιλέως
1577 3212 1742 3292 ἐτιμωρήθη,

136 3307 255 3364 πολιτῶν
266 3302 330 3384 πρὸς
344 3301 391 3372 τήν
412 3303 558 3384 Καισαρίου
575 3301 716 3382 λεγομένην
736 3303 819 3364 οίκίαν
831 3326 915 3383 στρα-
963 3327 1023 3364 σειν.
1047 3304 1103 3364 Καὶ
1127 3307 1209 3374 ἡτῶν
1223 3303 1389 3382 Θευδερίχων
1410 3301 1517 3378 συζυγία
1532 3291 1603 3369 αύθις
1614 3300 1648 3360 τέι
1669 3299 1742 3361 Ῥω-

136 3391 331 3453 τοπεδεύουσιν·
348 3389 443 3449 ἐκεῖθέν
457 3413 486 3449 τε
497 3395 511 3449 ὁ
523 3387 570 3468 μέν
585 3393 611 3450 έν
622 3391 675 3457 τοῖς
693 3389 833 3470 βασιλείοις
846 3388 914 3450 κατά
964 3391 1049 3470 μαίων
1064 3391 1204 3470 ἐτάραττε,
1214 3390 1259 3450 καί
1270 3389 1317 3457 τδς
1329 3389 1390 3469 περὶ
1405 3387 1451 3460 τήν
1462 3388 1574 3469 Θρᾴκην
1585 3389 1672 3456 πόλεις
1686 3387 1740 3457 ἐξα·

137 3487 182 3540 τοῦ
197 3479 315 3552 Ζήνωνος
331 3476 519 3552 ἐπανίσταται,
533 3482 547 3537 θ
561 3478 588 3538 δί
601 3475 685 3558 θτερος
698 3478 767 3536 κατδ
787 3479 873 3539 Ἰλλοῦ
885 3481 911 3538 ἐν
961 3479 1064 3561 πόρθεέ,
1077 3481 1114 3547 ὣς
1123 3481 1318 3557 ἀναγκασθῆναι
1324 3477 1369 3536 τὸν
1381 3476 1491 3548 Ζήνωνα
1500 3475 1557 3536 τότε
1572 3481 1674 3557 πρῶτον
1683 3476 1742 3545 τοὺς

137 3566 345 3646 τοῖςλεγομένοες
354 3565 504 3647 Ούαράνου.
519 3561 593 3646 Ἄρτι
609 3589 638 3624 τε
652 3570 697 3636 τῆς
708 3565 806 3645 ήμέρας
818 3565 914 3643 μεσού·
963 3565 1139 3646 καλουμένους
1151 3566 1315 3646 Βουλγάρους
1325 3567 1360 3632 είς
1373 3565 1529 3644 συμμαχίαν
1535 3565 1739 3646 προτρέψασθαι.

138 3681 205 3729 σης,
218 3656 265 3714 καί
279 3657 331 3713 τῶν
348 3653 488 3733 βασιλείου
507 3651 682 3734 ἠρεμούντων,
697 3654 834 3734 ἐφίσταται
846 3653 915 3712 κατά
1001 3677 1025 3717 n.
1049 3653 1160 3725 Ἐπειδή
1171 3653 1197 3714 δδ
1207 3653 1364 3735 Θευδέριχος
1373 3656 1387 3711 θ
1397 3652 1522 3732 Τριαρίου
1533 3652 1665 3732 ἐπιτυχὼν
1676 3651 1741 3732 πρὸς

137 3743 185 3816 τήν
199 3746 245 3803 τοῦ
257 3741 391 3822 Δελρακος
405 3738 492 3813 στοάν,
504 3742 531 3798 ἐν
545 3731 563 3820 ᾗ
570 3743 593 3798 οἱ
605 3738 728 3822 Δελρικοῖ
739 3739 821 3807 κίονες
835 3739 915 3812 έστή-
963 3743 1022 3812 τοδς
1035 3742 1134 3810 Οὔνους
1145 3740 1241 3822 έπραξε
1254 3739 1379 3822 πολέμῳ,
1397 3740 1443 3799 καῖ
1456 3744 1497 3800 ἐπ’
1511 3739 1592 3812 αὐτήν
1606 3743 1653 3811 τήν
1664 3743 1742 3802 Κων·

137 3855 216 3903 εσσε,
234 3828 351 3890 ποοιίλοο
362 3825 499 3908 χρώματος
513 3827 591 3894 ὄντος.
606 3827 660 3888 Καί
676 3826 852 3904 συμπεσόντες
864 3831 916 3894 τοῖς
961 3831 1096 3891 εταντίνοιι
1108 3832 1182 3892 πόλιν
1192 3830 1329 3910 ὥρμησεν·
1342 3828 1387 3889 καί
1401 3828 1497 3900 ταύτην
1511 3827 1604 3907 ῥαδίως
1621 3827 1654 3886 δν
1670 3830 1740 3899 ίπη·

137 3921 271 3999 φρουροῖς,
283 3915 393 3982 πολλοὺς
414 3915 601 3996 διεχειρίσαντο
611 3918 663 3973 τῶν
682 3914 762 3988 ένδαν,
778 3915 822 3974 καῖ
837 3917 915 3976 αὐτοῦ
964 3918 1105 3996 γάγετο,εῖ
1122 3916 1159 3993 μή
1170 3922 1184 3976 ὁ
1197 3918 1297 3984 Ἰλλοῦς
1307 3913 1666 3992 προκαταλαδδιντέεςαύλας
1678 3914 1739 3996 έρύ·

137 4007 165 4066 δί
181 4011 226 4065 τοῦ
241 4003 368 4084 βασιλέως
385 4002 532 4083 ίοῑρᾶοησαλ
545 4001 586 4074 ἂν,
603 4004 626 4061 ῑί
642 4001 679 4080 μθ
697 4002 789 4082 impii
802 4002 916 4082 ἀποδρὰς
963 4008 1069 4066 λαττεν·
1092 4005 1188 4065 ἐκεῖθέν
1204 4028 1233 4064 τε
1255 4005 1299 4065 ἐπὶ
1314 4002 1361 4070 τέες
1374 4005 1514 4082 λεγομένας
1530 4002 1616 4070 Συκδς
1632 4005 1740 4084 διαδρα·

138 4093 260 4166 διεσώθη.
277 4091 446 4170 Συνεμάγουν
461 4089 487 4149 δέ
504 4089 601 4157 τούτοις
618 4089 770 4158 Βουσαλόός
785 4115 823 4158 τις
834 4091 916 4169 ήγού-
964 4093 1031 4172 μὼν,
1049 4085 1121 4162 αὖθις
1137 4097 1184 4166 τῆς
1204 4091 1374 4174 ἐγχειρήσεως
1389 4090 1519 4170 ἥμαρτεν·
1536 4095 1571 4158 ὡς
1589 4092 1679 4151 λοιπὸν
1695 4089 1739 4150 ἐπὶ

138 4204 215 4260 μενος
226 4184 412 4262 στρατιωτικοῦ
427 4177 569 4255 τάγματος,
578 4177 624 4236 καί
634 4176 915 4260 ΝικήταςκαῖύΤρια·
962 4180 1006 4239 τὸν
1020 4181 1091 4262 Πρὸς
1104 4179 1222 4250 Ἐστίαις
1232 4179 1311 4248 τόπον
1323 4179 1405 4238 καὶτὸ
1415 4175 1574 4254 καλούμενον
1595 4179 1740 4239 Δωσθένιον

138 4271 195 4354 ρίου
209 4267 374 4348 Θευδέριγος.
389 4265 444 4327 Καί
459 4270 473 4324 ὁ
486 4270 532 4337 τῆς
545 4265 645 4333 πολεως
663 4265 752 4344 ὅμιλος
762 4267 792 4324 ἐκ
803 4269 854 4324 τῶν
868 4267 917 4325 δια·
963 4269 1080 4339 διελθεῖν,
1103 4268 1148 4328 καί
1171 4267 1428 4348 διαπορθμεύσασθαι
1455 4264 1524 4324 κατέε
1546 4263 1594 4336 τήν
1617 4266 1740 4326 Βιθυνίαν

138 4358 230 4436 μάτων
240 4355 282 4416 διδ
294 4356 382 4428 πάσης
390 4355 453 4426 ύλης
471 4353 564 4434 θχιύρει
585 4353 654 4412 κατέε
664 4357 717 4412 τῶν
728 4352 793 4433 ὑπὲρ
805 4359 851 4412 τοῦ
867 4357 916 4432 βα·
962 4357 1097 4435 ἐγχειρεῖν.
1110 4355 1189 4416 Ἀλλέε
1202 4356 1246 4415 καί
1259 4354 1328 4414 κατέε
1343 4353 1494 4434 ναυμαχίαν
1505 4353 1641 4429 ήττηθεές,
1656 4351 1742 4434 ᾤχετο

138 4444 231 4512 τελέως
243 4440 447 4521 ἀγωνιζομένων.
456 4439 532 4520 Ἄχρι
545 4439 592 4518 μέν
603 4431 646 4500 σύν
658 4444 711 4520 φῶς
719 4431 761 4514 ήν,
770 4443 793 4499 οῖ
804 4439 864 4515 περὶ
874 4440 916 4499 τὸν
963 4442 1027 4522 πρὸς
1040 4441 1088 4514 τήν
1099 4441 1223 4523 Θράκην·
1239 4445 1335 4501 ἐκεῖθέν
1346 4464 1375 4500 τε
1390 4441 1433 4500 iai
1452 4441 1499 4512 τήν
1517 4440 1637 4526 Ἑλλάδα
1655 4443 1739 4522 ἀραρ-

138 4641 169 4650 -
181 4611 197 4675 §
209 4619 230 4661 ε.
246 4611 329 4674 ἄχρις
343 4609 375 4659 ού
397 4607 475 4671 κτλ.].
497 4609 589 4658 Dixisse
601 4609 685 4656 auctor
705 4607 821 4656 videtur:
840 4627 852 4650 «
873 4607 930 4658 iiius
951 4609 983 4657 ab
998 4609 1096 4670 Εμῖσῖοο
1116 4609 1147 4660 dn
1167 4610 1262 4660 verina
1283 4609 1374 4660 insidiis
1389 4609 1503 4670 edoctus,
1523 4623 1573 4658 rem
1592 4607 1742 4659 dissimilavit

137 4695 216 4745 usqne
227 4680 258 4730 nd
267 4679 326 4730 iliud
347 4681 502 4741 tempusque
515 4673 609 4736 zenon,
622 4680 676 4740 posi
686 4680 757 4726 terra}
771 4680 863 4726 mnium
875 4678 1081 4741 constantinopoli
1093 4679 1270 4728 chalcedonem
1284 4679 1414 4740 protenus,
1426 4691 1481 4728 enm
1495 4677 1623 4734 εενοσενῖε.
1638 4697 1650 4720 ι
1661 4680 1742 4728 Teme

137 4756 243 4802 εειοῑυεει
254 4749 399 4813 Theophane
411 4762 434 4812 ρ.
448 4753 491 4799 198
497 4784 508 4816 ,
521 4755 529 4797 1
540 4748 672 4809 animatur
682 4746 706 4796 d.
718 4755 748 4796 25
758 4749 824 4810 sepi.
834 4747 890 4796 anni
900 4747 942 4810 qni
954 4748 1058 4798 reditum
1075 4749 1177 4800 zenonis
1191 4749 1335 4800 subnecniun
1345 4751 1395 4810 σεε,
1408 4748 1425 4798 i.
1437 4763 1459 4800 e.
1471 4749 1527 4798 εειιιῖ
1542 4753 1587 4798 ⁴78
1607 4748 1656 4808 (ni.
1669 4747 1742 4797 nine-

138 4824 216 4872 mont
228 4833 251 4883 ρ.
264 4822 318 4868 491.
338 4817 406 4879 509).
417 4847 448 4859 -
466 4814 666 4878 Δαλίσαυδον]
682 4816 759 4876 nujus
770 4817 816 4866 ioci
828 4817 900 4866 eiiam
917 4817 1002 4878 capito
1015 4817 1040 4867 in
1059 4818 1121 4868 libro
1136 4819 1213 4881 primo
1230 4817 1387 4868 Ιεαιιεῖωειιω
1404 4819 1549 4868 mentionem
1566 4817 1631 4866 iunii.
1646 4817 1742 4866 Ροεῖεε-

137 4905 212 4956 ηυεειε
226 4889 360 4938 Μετοῖεσιιε
378 4885 473 4936 rebeliis
485 4887 509 4934 in
526 4885 647 4948 Papirium
665 4885 790 4935 castelium
806 4885 912 4936 inclusus
931 4890 1007 4949 εοεαε,
1021 4887 1104 4938 eodem
1118 4889 1191 4938 eiiam
1204 4889 1291 4938 verina
1303 4889 1408 4939 abducta
1419 4895 1467 4948 εει,
1479 4890 1541 4938 inste
1553 4885 1679 4936 Theodoro
1695 4889 1742 4936 ις.

137 4967 207 5013 olore
221 4974 245 5022 μ.
260 4957 586 5022 ααῚ,α1ἰιι(ν.Τῑ11εωοοε.
605 4971 629 5018 p.
649 4959 720 5018 509).
733 4981 762 4993 -
776 4957 791 5020 §
803 4962 825 5007 Ιι.
845 4953 1045 5020 Καισάρειαν]
1064 4958 1099 5006 sic
1116 4960 1188 5008 eiiam
1201 4959 1309 5008 Eusiaih.
1319 4961 1406 5022 Epiph.
1418 4962 1446 5012 ft.
1461 4965 1484 5020 3,
1497 4972 1520 5022 1ο.
1535 4961 1586 5008 nio.
1602 4957 1743 5010 Theodorus

138 5035 225 5084 nector
237 5032 262 5078 et
274 5028 430 5089 Τειεορειειιοε
441 5039 485 5088 pro
496 5028 603 5074 cmm
614 5025 735 5087 Papirium
747 5028 872 5076 castelium
886 5029 1034 5086 memorant,
1046 5029 1081 5076 ιεεῖ
1091 5029 1150 5078 dixi.
1161 5059 1192 5072 -
1203 5031 1217 5077 ο
1228 5031 1302 5093 ῖτερος
1314 5032 1450 5092 θιυοεριχος
1458 5028 1489 5093 ]ὁ
1501 5031 1521 5078 i.
1534 5027 1672 5090 οεοδώριχος
1685 5029 1740 5080 cod,

138 5102 175 5152 ei.
190 5100 275 5152 iinicini
286 5100 315 5147 ir.
329 5101 352 5146 ο.
362 5098 426 5146 Cum
436 5095 465 5145 iis
477 5108 532 5157 quae
541 5093 653 5156 deinceps
662 5093 693 5144 de
704 5096 825 5146 Marciano
835 5101 964 5146 narrantur
973 5099 1004 5147 es.
1015 5097 1116 5148 Candidi
1133 5099 1215 5161 fragm.
1226 5127 1256 5140 ·-
1267 5099 1466 5163 καταστῆσαι]
1479 5101 1521 5162 leg.
1535 5099 1741 5160 καταστήσαντος,

138 5169 283 5238 n'niniiqnid
298 5168 396 5221 excidii.
415 5195 444 5204 -
457 5171 512 5218 τῶν
524 5163 723 5234 θευδερῖχων]
741 5183 763 5218 τ.
783 5167 927 5234 θευδωρίχων
946 5167 1000 5218 cod.
1017 5167 1106 5218 Endera
1118 5170 1236 5235 scripturn
1253 5169 1278 5219 in
1295 5183 1360 5234 seqq.
1374 5169 1443 5222 εούῖε.
