3908 5732
175 366 231 416 att
759 343 918 404 tosuuts
939 339 1172 401 ΑΝΤΙΟΕΗΕΝΙ

175 482 310 556 δουλειίθη.
333 482 386 542 Καὶ
400 483 429 540 ἐκ
441 479 487 557 μέν
508 483 554 538 τοῦ
568 474 713 554 συμποσίου
727 477 761 540 ὣς
776 471 821 531 καλ
834 475 944 550 θπερκο-
990 467 1024 529 ‘0
1040 467 1066 526 δέ
1076 469 1160 546 λέγει·
1173 465 1317 540 ιοὗ·ἐμοῦ
1332 464 1382 544 γδρ
1397 463 1592 542 παρισταμένου
1607 465 1643 530 εἷς
1656 463 1702 522 τὸν
1719 457 1770 525 οὖῗ

176 571 220 651 φής
242 569 320 645 μέθης
332 567 498 638 ἐξεκομίσθη,
520 564 561 624 διδ
576 563 603 622 δέ
617 567 663 632 τῆς
676 561 766 627 νυκτθς
781 557 946 630 ἐτελεύτησε,
992 555 1066 636 ρανδν
1079 553 1219 634 ἀνελήφθη.
1232 579 1243 604 ν
1258 551 1394 630 ’ίέρώτησε
1408 552 1435 608 δὲ
1446 549 1543 608 καὶτὸν
1557 551 1684 624 Πιλάτον,
1693 554 1770 621 ποῖός

176 655 272 735 βιώσας
287 655 332 725 ἐτη
344 654 365 723 ξ’
377 628 423 714 κάλ
435 653 459 730 γ’
472 653 516 711 καί
527 655 611 726 μῆνας
628 647 662 726 β’,
676 645 776 724 ἡμέρας
789 645 835 722 ιγ’,
850 645 946 722 αθταρ-
992 645 1060 701 ἐστιν
1068 644 1097 702 ἐκ
1108 643 1206 700 τούτων
1216 639 1371 716 θλεγόμενος
1382 638 1501 714 Χριστός.
1517 637 1569 696 Καὶ
1578 627 1659 696 εἶπεν·
1673 667 1685 690 ι
1696 644 1769 700 Οὖδέ

174 743 259 822 χήσας
275 741 302 800 δέ
320 741 365 812 ἐτη
383 740 398 797 ι’
418 739 463 798 καὶ
474 739 508 814 γ’.
525 740 617 797 ’ἐαῦτα
635 733 818 811 ήἏγρικπίνα
837 735 945 801 ποιῆσαι
992 721 1041 796 είς·
1056 732 1069 786 δ
1084 727 1131 805 μὲν
1143 727 1192 805 γάρ
1208 726 1305 804 Πέτρος
1317 725 1521 802 μαθητήςαῦτοῦ
1536 723 1640 802 γέγονε,
1656 726 1770 786 καλείσ-

174 829 303 900 ἠδυνήθη,
317 827 356 886 δτι
376 825 419 885 τδν
434 827 583 905 Νάρκισσον
601 820 697 892 συνίδη
720 819 794 898 [μή]
808 825 945 898 παρεῖναι,
991 815 1088 894 ηνέχθη
1110 813 1172 892 παρ’
1191 812 1248 882 ἐμοὶ
1269 817 1303 878 ὥς
1322 813 1439 886 μαθητής
1457 813 1550 882 αὐτοῦ,
1568 811 1613 870 καί
1634 815 1770 892 ἠρνήσατο

175 916 232 976 ἐπεὶ
241 915 367 996 παρόντος
380 916 457 972 αὐτοῦ
468 917 515 971 οὐκ
524 909 570 988 [ἀν
579 909 727 989 ]ἐδεδριίκιι
738 912 826 966 τοῦτο·
838 903 949 970 τοιοῦτός
993 901 1068 960 αὐτὸν
1078 901 1176 976 λέγων·
1189 927 1201 952 ι
1212 901 1270 959 Οὐκ
1283 891 1340 958 οἶδα
1352 898 1395 958 τὸν
1407 899 1557 976 ἀνθρωπον·
1570 895 1637 956 νκαλ
1648 901 1771 960 ἀπέλυσα

175 1026 214 1070 τις
228 1002 310 1084 φύλαξ
325 1008 369 1060 τοῦ
380 998 504 1060 δεσπότου
514 991 556 1070 ήν.
571 995 750 1060 Ἀποθανόντος
760 993 787 1052 δέ
802 997 847 1051 τοῦ
866 995 949 1052 Κλαυ·
993 987 1080 1046 αὐτόν.
1095 977 1178 1054 otro<
1193 987 1219 1044 δέ
1235 989 1249 1043 6
1263 987 1354 1063 Σίμων
1371 987 1490 1061 οὐθαμῶς
1505 984 1632 1062 luam?
1646 1009 1709 1062 μοι,
1724 991 1771 1046 οὗ·

176 1091 247 1166 δίου,
261 1089 305 1148 καί
319 1087 396 1154 αὐτὸς
407 1087 479 1152 εὐθὺς
494 1083 631 1166 διεφθάρη,
642 1082 714 1160 παρὰ
729 1085 766 1160 τῷ
782 1077 948 1148 Μεσσαλίνης
994 1075 1084 1148 δεμίαν
1096 1071 1122 1132 δέ
1134 1074 1189 1151 ἔχει
1204 1074 1344 1148 ὁμοιότητα
1359 1072 1422 1152 πρδς
1436 1073 1548 1132 ἐκεῖνον·
1563 1071 1619 1131 ἐστι
1634 1072 1687 1153 γάρ
1697 1065 1773 1143 οὗτος

177 1179 297 1255 μνημείῳ
312 1175 341 1234 lx
353 1197 419 1240 τινος
431 1171 582 1250 συντυχίας,
593 1169 656 1250 ὅπερ
667 1171 702 1235 είς
713 1166 841 1246 τιμωρίαν
851 1165 949 1234 ἐκείνης
993 1163 1038 1222 καὶ
1050 1159 1189 1236 Αἰγύπτιος
1197 1159 1242 1218 καί
1256 1159 1391 1236 ἐμπληθής
1405 1159 1449 1218 καὶ
1463 1157 1661 1235 κατόκομοςκαί
1672 1161 1773 1237 μέλας,

176 1261 309 1338 ἐνομίσθη.
325 1261 380 1320 Καὶ
393 1257 521 1324 κλαύδιος
536 1257 583 1335 μὲν
597 1256 704 1326 ὑπὸτῆς
718 1253 885 1332 Ἀγριππίνης
902 1254 950 1322 τῆς
993 1250 1125 1314 παντελῶς
1135 1252 1180 1318 τῆς
1194 1245 1290 1304 ἐκείνου
1308 1250 1409 1326 μορφῆς
1426 1245 1591 1325 ἀλλότριοι-ν
1606 1247 1771 1322 ’Asusamu-

176 1345 293 1421 γνναικθς
305 1351 351 1416 τῆς
363 1369 392 1404 τε
407 1347 533 1424 ἀδελφῆς,
547 1341 580 1400 δι’
592 1341 623 1412 ἢν
633 1340 667 1400 τοί
678 1363 706 1398 τε
718 1339 787 1398 ἀλλα
801 1339 846 1396 καὶ
862 1337 950 1414 ἐπιόρ-
995 1357 1042 1400 σας
1055 1327 1099 1393 οθν
1114 1339 1127 1392 θ
1143 1333 1262 1413 βασιλεὺς
1272 1335 1340 1392 κατὰ
1351 1335 1398 1410 μέν
1409 1339 1454 1392 τοῦ
1469 1334 1604 1410 Σίμωνος,
1616 1338 1651 1401 ὡς
1667 1339 1772 1414 ψευσα-

177 1457 264 1507 κησιν,
275 1431 446 1502 ἐπεόουλεῦθη
461 1434 487 1489 ἐν
500 1433 537 1511 τῷ
549 1427 637 1508 σιτίῳ,
652 1427 697 1486 καλ
709 1427 832 1505 διεφθάρη
843 1427 947 1494 κακῶς,
995 1421 1070 1496 μένου
1084 1420 1345 1490 καὶείπόντοςέαυτθν
1354 1421 1474 1498 Χριστόν·
1483 1419 1551 1478 κατά
1565 1421 1592 1480 δὲ
1600 1427 1644 1480 τοῦ
1656 1425 1771 1504 Πέτρου,

176 1520 219 1578 ἐνα
235 1543 263 1579 τι
276 1525 289 1578 θ
301 1521 353 1586 υίὸς
368 1521 447 1590 αὐτῆς
463 1517 635 1596 μοναρχήσῃ,
655 1515 699 1573 καλ
710 1519 724 1574 δ
735 1512 905 1594 Βρεττανικὸς
923 1509 951 1568 σί
994 1513 1029 1576 ὡς
1050 1509 1230 1587 ἀρνησαμένου
1255 1508 1298 1568 τὸν
1311 1510 1477 1583 διδάσκαλον,
1492 1508 1611 1575 ἐξέθαλεν
1625 1511 1718 1578 αὐτοὺς
1741 1513 1773 1570 ἐκ

176 1630 205 1665 τε
220 1607 329 1688 ἀδελφαί
341 1608 419 1666 αὐτοῦ
428 1607 587 1664 ἀπολωνται.
995 1601 1039 1653 τοῦ
1052 1595 1184 1672 συνεδρίου
1191 1595 1211 1672 ]
1225 1594 1269 1652 τὸν
1282 1593 1308 1651 δέ
1319 1593 1432 1653 Πιλάτον
1444 1598 1491 1663 τῆς
1502 1598 1616 1671 κεφαλῆς
1628 1596 1771 1673 ἀπέτεμεν,

995 1686 1030 1747 άις
1041 1683 1192 1752 τηλικοῦτον
1205 1680 1340 1760 ἄνθρωπον
1352 1683 1451 1740 ἀνελεῖν
1461 1680 1633 1754 τολμήσαντα
1648 1682 1710 1762 δίχα
1726 1690 1774 1763 βα-

543 1765 590 1819 90·
996 1771 1096 1838 σιλικῆς
1108 1767 1259 1833 κελεύσεως.
1271 1765 1326 1825 Καί
1338 1765 1404 1843 μετά
1414 1771 1498 1824 ταῦτα
1511 1769 1611 1848 Πέτρον
1620 1769 1774 1846 μένε’σταό-

496 1889 625 1950 NEPssN
997 1878 1076 1935 ρωσε,
1092 1857 1198 1913 Παῦλον
1212 1853 1241 1912 δέ
1253 1859 1299 1924 τῆς
1311 1855 1425 1934 κεφαλῆς
1434 1853 1557 1930 ἀπέτεμε.

628 1933 635 1948 ’
1037 1941 1091 2001 Καὶ
1104 1942 1133 1999 τὸ
1154 1941 1202 2018 μέν
1216 1941 1341 2020 πρότερον
1358 1946 1466 1998 τοιαῦτα
1489 1940 1614 2020 ίπραττεν
1633 1942 1768 2022 δΝέρων.

217 2037 287 2092 Eue.
302 2033 418 2089 Devirt.
433 2049 463 2105 p.
478 2030 534 2104 809
548 2047 555 2086 τ
570 2025 634 2088 Ὀτι
652 2025 831 2105 βασιλεύοντος
839 2026 897 2084 νέου
907 2031 952 2086 τοῦ
997 2028 1075 2087 Ἐπεί
1094 2027 1121 2086 δέ
1138 2031 1246 2106 τρυφαῖς
1264 2026 1310 2086 καί
1328 2026 1425 2102 κώμοις
1447 2032 1629 2106 καθημερινοῖς
1646 2033 1660 2086 θ
1680 2031 1773 2112 Νέρων

180 2117 298 2200 Νέρωνος
314 2122 424 2196 Βοῦρρος
437 2115 481 2174 καί
502 2115 613 2180 Σενέκας
625 2113 733 2194 διῴκουν
745 2113 778 2172 τά
796 2114 950 2192 πράγματα.
998 2115 1131 2196 ἐντραφείς
1141 2116 1263 2193 πράττειν
1279 2116 1335 2190 (τε)
1350 2114 1384 2172 τά
1396 2117 1442 2184 τῆς
1457 2118 1539 2193 ἀρχῆς
1551 2117 1605 2194 ]ἐφ’
1617 2109 1665 2194 ἧς]
1680 2119 1773 2176 ἑαυτὸν

180 2205 214 2266 ‘0
229 2206 256 2265 δέ
281 2207 365 2283 λόγοις
381 2204 506 2282 ἐσχόλαζε
528 2203 687 2282 φιλοσόφοις,
711 2201 755 2260 καί
773 2199 806 2259 τά
825 2203 885 2280 περὶ
908 2207 953 2262 τοῦ
997 2201 1085 2272 ἠξίου,
1101 2199 1167 2278 ταχὺ
1177 2201 1206 2258 τὸ
1219 2201 1311 2276 σεμνὸν
1321 2200 1367 2259 καὶ
1379 2199 1575 2280 μεγαλοπρεπὲς
1586 2205 1633 2272 τῆς
1641 2206 1692 2260 τῶν
1706 2203 1776 2264 Ῥω-

180 2295 297 2372 Χριστοῦ
311 2293 515 2367 κατεμάνθανεν.
529 2288 590 2348 Ἔτι
603 2289 654 2367 γάρ
672 2289 785 2364 ἐνόμιζεν
809 2289 886 2346 αὐτὸν
901 2298 952 2353 τοῖς
1001 2287 1085 2361 μαίων
1096 2287 1234 2366 ἡγεμονίας
1244 2291 1279 2352 είς
1291 2287 1321 2345 τὸ
1330 2287 1445 2364 ἀκοσμόν
1457 2311 1485 2345 τε
1500 2287 1544 2346 καί
1557 2290 1679 2348 ταπεινὸν
1696 2315 1775 2366 μετε-

179 2381 321 2460 ἀνθρώποις
348 2377 608 2456 συναναστρέφεσθαι.
641 2375 693 2434 Καὶ
722 2375 811 2450 μαθὼν
836 2374 876 2434 ὅτι
903 2377 953 2434 ὑπὸ
999 2375 1136 2446 δέθληκεν,
1154 2374 1221 2446 ἀήθη
1234 2373 1293 2432 τινά
1305 2374 1399 2450 μετιὼν
1413 2374 1458 2432 καί
1466 2376 1615 2454 δαπανηρὸν
1629 2379 1774 2446 ἀκολασίας

178 2471 230 2525 τῶν
245 2467 378 2528 Ἰουδαίων
393 2465 556 2542 ἐσταυρώθη,
569 2463 746 2540 ἠγανάκτησε.
760 2461 813 2520 Καὶ
827 2461 954 2540 προσέτα-
999 2461 1102 2541 τρόπον,
1123 2461 1256 2536 ἐκθέσμοις
1277 2483 1306 2519 τε
1328 2461 1373 2519 καλ
1390 2463 1551 2539 παρανόμοις
1571 2466 1695 2542 anessae
1712 2466 1777 2543 δρά-

182 2553 222 2621 ξεν
237 2556 318 2612 ἐλθεῖν
337 2551 395 2617 τοὺς
409 2552 483 2630 ἱερεῖς
493 2551 585 2609 Ἄνναν
613 2548 658 2606 καί
682 2546 804 2628 Καϊάφαν
818 2548 863 2605 καὶ
877 2548 954 2606 αὐτὸν
1001 2571 1080 2626 μασι·
1099 2547 1206 2626 λουτρὸν
1221 2548 1268 2623 μέν
1284 2547 1335 2628 γάρ
1353 2541 1385 2619 ήν
1406 2551 1476 2623 αὐτῷ
1490 2552 1608 2620 ζηλοῦται
1628 2555 1674 2621 τῆς
1694 2555 1777 2612 πολυ-

182 2640 307 2710 Πιλάτον,
322 2639 364 2698 τὸν
375 2637 488 2718 ἄρχοντα
499 2637 556 2695 τότε
572 2636 718 2712 γενόμενον,
734 2635 952 2716 σιδηροδεσμίους.
999 2636 1099 2704 τελείας
1124 2635 1363 2707 καίέκδιαιτήσεως
1383 2643 1427 2695 τοῦΙ
1444 2637 1597 2713 Καλιγολα,
1622 2643 1672 2718 οὐχ
1696 2639 1778 2722 ὕδωρ,

181 2726 236 2786 Καὶ
249 2723 375 2803 [καθίσας
396 2723 439 2781 ἐπὶ
455 2728 500 2794 τῆς
514 2723 680 2801 συγκλήτου]
694 2721 726 2779 τά
741 2722 800 2800 περί
815 2725 893 2780 αὐτοῦ
909 2745 955 2780 πε·
1001 2722 1068 2782 ἀλλά
1085 2723 1175 2801 μύρον,
1193 2723 1221 2780 εδ
1237 2723 1284 2798 μέν
1298 2723 1510 2803 θερμαινόμενον,
1520 2725 1549 2782 τὸ
1569 2723 1597 2782 δέ
1618 2727 1779 2805 ψυχόμενον,

181 2811 319 2889 πραγμένει
336 2808 537 2884 κατεμάνθανεν.
558 2811 592 2868 Οί
608 2800 650 2866 etv
668 2809 728 2886 περὶ
743 2808 786 2866 τὀν
802 2807 896 2866 Ἄνναν
911 2809 955 2866 καί
1001 2811 1088 2877 καίείς
1102 2809 1226 2888 ἑκατέραν
1238 2811 1285 2881 τήν
1296 2809 1386 2890 χρείαν
1396 2816 1439 2868 τοῦ
1449 2814 1557 2889 λουτροῦ
1573 2817 1778 2890 παρασκευαζό·

183 2899 307 2977 Καίάφαν
323 2897 421 2974 ἐλιγον,
439 2896 501 2956 δτι·
516 2895 607 2972 Ἡμεῖς
621 2899 674 2962 τοῖς
687 2895 773 2971 νόμοις
784 2895 861 2953 αὐτὸν
874 2917 955 2973 παρε·
1002 2918 1086 2972 μενον.
1099 2896 1216 2975 Ἐχρῆτο
1232 2898 1260 2954 δέ
1272 2896 1382 2962 δικτύοις
1390 2897 1464 2974 παρά
1474 2897 1519 2964 τάς
1529 2897 1612 2977 ἀγρας
1620 2904 1672 2958 τῶν
1679 2903 1780 2980 ἰχθύων

182 2983 313 3062 δώκαμεν,
325 2985 370 3042 καί
391 2987 426 3050 είς
446 2983 600 3041 καθοσίωσιν
615 2985 664 3060 οὐχ
680 2983 843 3058 ἡμάρτομεν.
860 2981 891 3042 Ὁ
906 2982 955 3062 γάρ
1003 2983 1122 3060 χρυσοῖς,
1136 2983 1245 3050 ἐξέλκων
1259 2981 1439 3050 τοίιςκολπους
1457 2987 1508 3042 τῶν
1520 2983 1629 3042 δικτύων
1640 2988 1782 3054 καλωδίοις

183 3073 299 3137 Πιλάτος
327 3069 363 3128 ὢν
386 3069 474 3149 ἄρχων
498 3069 548 3128 ὅσα
572 3069 706 3141 ήὸουλήθη
733 3070 838 3146 ἔπραξε.
865 3094 877 3121 ν
902 3069 955 3129 Καὶ
1002 3068 1029 3136 ἐξ
1043 3069 1111 3148 ἐρίου
1131 3069 1329 3146 πεποιημένοις,
1345 3071 1566 3150 ἀστράπτουσιτῇ
1584 3077 1657 3152 βαφῇ
1673 3079 1720 3146 τῆς
1734 3077 1781 3134 κό-

181 3163 270 3216 τοῦτον
290 3161 364 3237 ἐντῷ
376 3157 545 3236 δεσμωτηρίῳ
557 3157 722 3229 κατέκλεισε,
734 3155 829 3223 τοδςδέ
841 3157 956 3234 περίτδν
1001 3157 1079 3234 χλου.
1096 3155 1141 3222 Ἐς
1154 3157 1229 3215 τοῦτό
1242 3180 1272 3235 γε
1283 3157 1334 3233 μὴν
1349 3157 1445 3236 προῖὼν
1463 3159 1572 3224 ἀτοπίας
1591 3159 1727 3233 ἐλήλυθεν,
1744 3167 1782 3232 δις

182 3243 274 3304 Ἄνναν
293 3246 337 3304 καὶ
355 3245 480 3324 Καϊάφαν
493 3245 628 3304 ἀπέλυσεν.
644 3243 784 3322 [Ἤκμαζε
799 3242 826 3300 δέ
840 3243 897 3300 τότε
912 3243 956 3300 καί
1003 3241 1123 3320 παριέναι
1141 3241 1187 3318 μέν
1202 3245 1237 3308 είς
1253 3241 1300 3314 τὴν
1313 3243 1422 3319 σκηνήν,
1445 3244 1495 3302 δπθ
1514 3244 1541 3304 δέ
1554 3249 1587 3325 τῇ
1602 3245 1709 3306 πάντων
1721 3249 1782 3330 όψει

183 3333 297 3410 Σίμωνθ
310 3331 408 3408 Μάγος.
424 3331 476 3392 Καί
488 3330 676 3408 διαλεγομένων
693 3330 794 3409 Πέτρου
807 3332 853 3388 καὶ
865 3330 956 3406 Σίμω-
1003 3328 1135 3408 ὀρχεῖσθαί
1149 3330 1231 3388 τεκαὶ
1242 3331 1310 3410 ᾠδός
1325 3355 1395 3398 τινας
1412 3331 1529 3400 διεξιέναι
1540 3335 1783 3410 ,ἀναλαμόάνοντα

182 3443 223 3485 νος
236 3419 367 3499 παρουσία
378 3420 513 3496 Νέρωνος,
527 3417 597 3496 ἤχθη
613 3417 727 3481 Πιλάτος
740 3417 846 3475 ἀπὸτοῦ
858 3419 957 3492 δεσμω·
1003 3415 1097 3485 σκευήν
1111 3421 1155 3474 νῦν
1170 3417 1218 3494 μέν
1235 3421 1399 3496 κιθαριστῶν,
1413 3423 1456 3476 νδν
1477 3419 1504 3476 δὲ
1518 3421 1664 3498 τραγῳδίας
1671 3425 1782 3500 ὑποκρε·

182 3505 285 3586 τηρίου·
308 3505 353 3564 καί
378 3504 580 3580 παρισταμένων
605 3507 657 3561 τῶν
680 3507 757 3583 τριῶν
781 3507 818 3582 τῷ
844 3501 958 3581 Νέρωνι,
1003 3507 1067 3562 τῶν.
1082 3502 1160 3562 Ἀλλδι
1173 3509 1256 3562 ταῦτα
1279 3503 1325 3580 μέν
1341 3507 1363 3562 εί
1377 3504 1422 3562 καί
1441 3505 1541 3584 σφόδρα
1555 3505 1603 3577 τήν
1621 3508 1707 3586 ἀρχὴν
1723 3511 1785 3566 ἐλυ-

183 3595 268 3673 έρωτᾷ
279 3593 323 3650 τὸν
338 3593 485 3666 Σίμωνα·ι
505 3591 544 3652 Σθ
558 3581 610 3649 εἶθ
627 3590 750 3669 Χριστός,
763 3615 776 3642 ν
790 3589 825 3649 ‘0
842 3589 868 3646 δὲ
878 3589 957 3666 λέγει·
1004 3587 1125 3665 μαίνετο,
1143 3589 1244 3666 γέλωτά
1267 3613 1296 3666 γε
1319 3589 1389 3666 ὅμως
1407 3591 1453 3650 καὶ
1477 3591 1572 3662 ἡδονὴν
1593 3595 1706 3673 παρεῖχε
1730 3601 1785 3663 τοῖς

184 3707 196 3732 π
211 3678 272 3739 Ναί.
287 3706 298 3730 ν
312 3668 377 3738 Εἶτα
391 3681 475 3758 ἐρωτᾷ
488 3677 530 3735 τὸν
544 3675 653 3754 Πέτρον·
670 3705 682 3730 ι
701 3675 739 3735 Σὺ
755 3666 801 3734 εἶθ
811 3675 959 3754 Χριστός;ν
1005 3675 1150 3751 θεωμένοις.
1166 3677 1206 3736 Τδ
1220 3676 1247 3734 δέ
1259 3677 1364 3735 πάντων
1377 3678 1512 3757 αἴσχιστον
1525 3680 1570 3738 καί
1582 3682 1730 3740 δεινότατον
1741 3683 1783 3742 δτι

214 3848 254 3894 Fr.
270 3851 308 3896 89.
325 3847 355 3894 θ’.
374 3845 416 3893 Dio
431 3847 485 3903 Lx,
500 3849 538 3893 at.
554 3842 658 3906 μέθης]
673 3845 731 3903 01ος
749 3844 806 3905 μέθῃ
823 3842 876 3891 ead.
891 3843 983 3898 -ἐτη
1002 3841 1038 3904 ἐτ’
1052 3841 1129 3905 κτλ]
1147 3843 1190 3891 Dio
1204 3860 1211 3890 ι
1225 3845 1295 3900 ζήσας
1308 3843 1323 3899 ξ’
1339 3845 1378 3892 καὶ
1390 3843 1410 3905 γ’
1422 3845 1476 3905 ἐτη,
1487 3845 1636 3908 αὺταρχήσας
1650 3847 1691 3904 ἐτη
1709 3847 1725 3896 ι’
1741 3852 1784 3898 καὶ

184 3917 205 3975 γ’
224 3916 264 3964 καὶ
275 3921 347 3977 μῆνας
362 3915 425 3964 διιτὼ
441 3917 480 3962 καὶ
498 3915 585 3976 ἡμέρας
599 3915 630 3961 κ’.
650 3913 766 3974 -παρὰ
779 3915 848 3972 τῷ...
864 3913 1021 3975 ἐνομίσθη]
1031 3913 1111 3962 Dehis
1122 3913 1180 3961 nihil
1191 3913 1253 3975 spuet
1266 3915 1413 3962 Dianesn.-
1423 3914 1453 3962 τά
1468 3931 1493 3963 τε
1503 3915 1577 3979 ἀλλα]
1595 3916 1696 3965 uerbum
1715 3919 1785 3967 esci-

184 3984 247 4032 disse
257 3984 359 4032 vtdetur.
1670 4001 1679 4014 ·

216 4058 256 4104 Fr.
271 4059 309 4104 αι).
328 4053 434 4102 Primam
447 4053 517 4115 hujus
530 4053 653 4116 fragmenti
668 4053 776 4114 μετέστη,
788 4064 843 4112 ηοω
855 4051 885 4100 sle
900 4051 974 4100 Pilato
985 4053 1034 4112 est,
1047 4051 1131 4100 suidas
1142 4065 1239 4114 quoque
1254 4053 1352 4102 exhibet
1366 4066 1389 4101 τ.
1405 4055 1493 4117 Νέρων.
1504 4081 1534 4090 -
1546 4055 1585 4103 καὶ
1598 4055 1668 4106 αιἰτδν
1681 4057 1784 4106 Πιλᾶτον

164 4145 168 4154 .
186 4127 225 4173 τὸν
235 4125 290 4186 ἀφχ.
302 4141 324 4171 τ.
334 4123 456 4186 γινόμενον
464 4123 496 4186 ]e
508 4125 586 4172 suida.
597 4123 679 4171 Codex
689 4123 746 4170 ιιίΙιίΙ
757 4121 799 4169 nisi
812 4140 818 4168 :
836 4124 875 4170 καὶ
886 4125 926 4171 τὸν
938 4121 1045 4171 ΙΙιλιὶτον.
1057 4125 1222 4176 -καθίσας
1241 4123 1260 4172 t.
1277 4139 1299 4170 τ.
1312 4124 1429 4186 συγκλ]
1446 4123 1525 4172 addidi
1541 4125 1646 4173 esutds.
1656 4131 1785 4188 -ἡμεῑς

186 4199 247 4248 τοῖς
255 4193 371 4255 νόμοις]
382 4197 428 4248 τοῖς
436 4195 481 4256 γὰρ
489 4193 567 4254 νόμοις
576 4193 661 4241 suidas
670 4204 692 4240 v.
701 4190 855 4250 καθοσίωσις,
865 4192 904 4239 ubi
917 4193 1003 4239 iterum
1014 4191 1052 4238 Ιείο
1063 4191 1247 4240 Ιοιιιεειιοειετείί.
1256 4192 1322 4240 -'0
1332 4193 1391 4260 sata
1401 4195 1420 4242 ΙΙ
1428 4193 1510 4241 ιλάτο
1518 4210 1558 4248 ς...
1571 4193 1786 4258 κατέκλεισεν]

187 4261 316 4322 λσίοςςτίοτα
326 4265 382 4310 sunt
394 4275 448 4322 ηοω
460 4261 544 4310 suidas
556 4261 628 4310 habet
642 4282 647 4309 ι
660 4263 674 4308 ὁ
685 4262 729 4322 γὰρ
738 4260 842 4314 ἐξουσίαν
855 4260 930 4322 ἔχων,
942 4261 988 4310 ὅσα
999 4262 1129 4321 ἡδουλήθη,
1142 4263 1244 4322 ἔπραξεν.
1256 4262 1427 4322 Ἄγσνακτήσας
1439 4261 1479 4310 οὖν
1490 4265 1502 4312 θ
1512 4264 1590 4323 Νέρων
1601 4263 1703 4312 Πιλάτον
1715 4265 1739 4313 έν
1751 4273 1786 4328 τῷ

188 4330 337 4394 δεσμωτηρίῳ
351 4331 442 4380 svessa
460 4356 492 4367 —
501 4333 552 4379 καὶ
567 4329 715 4391 Καιάφαν]
730 4329 830 4378 ιιλιΙὶιλίο
842 4329 927 4390 suida,
939 4331 1009 4378 sicuti
1025 4343 1052 4379 σε
1066 4343 1122 4390 qaus
1136 4330 1246 4391 deinceps
1259 4333 1391 4391 sequuntur
1405 4331 1498 4379 uncinis
1514 4331 1686 4381 αἰσθητικαί.
1702 4334 1785 4382 λΙαΙαΙ.

187 4417 211 4464 μ.
221 4407 273 4451 τοι.
281 4400 364 4450 codex
371 4401 457 4448 Valesii
465 4403 517 4462 past
526 4399 637 4452 ἀπελυσεν
646 4401 720 4460 pergit
731 4419 737 4448 ι
747 4401 856 4460 ’λ’στιρον
863 4399 887 4448 δέ
894 4401 932 4447 τδν
942 4399 1040 4448 Ιλιλάτον
1049 4404 1089 4456 τῆς
1098 4401 1195 4460 κεφαλῆς
1205 4398 1317 4460 ἀπέτεμεν
1327 4400 1376 4448 κτλ.
1385 4403 1431 4448 Pro
1438 4400 1526 4462 quibus
1534 4413 1565 4448 ex
1573 4401 1647 4450 suida
1654 4399 1767 4451 dedimus
1778 4417 1785 4450 :

188 4469 258 4517 τὸνδὶ
271 4467 371 4516 Πιλάτον
381 4468 430 4514 κτλ.
440 4495 470 4506 -
479 4467 657 4529 κελεύσιως]
668 4466 813 4528 προστάξεως
822 4467 913 4514 suidas.
924 4467 1100 4527 -πράττειν
1110 4469 1156 4532 τε]
1166 4469 1225 4519 illud
1233 4486 1257 4517 τε
1265 4471 1379 4520 abundat.
1390 4475 1499 4521 Fortasse
1508 4473 1623 4521 σοιναιιΙΙιι
1631 4473 1785 4522 exciderunt.

188 4542 246 4588 Mox
254 4535 328 4585 etism
337 4535 411 4583 verba
421 4537 454 4598 ἐφ’
464 4537 491 4596 ης
501 4537 568 4585 aneis
577 4536 669 4586 inclusi.
682 4537 734 4597 Legi
745 4536 817 4596 possit
828 4535 861 4596 ἐφ’
875 4535 1014 4607 taasstslte
1023 4549 1049 4584 re
1058 4539 1090 4587 et.
1102 4539 1146 4588 Dia
1159 4540 1306 4602 (xiphilin.)
1317 4544 1366 4590 Lx!
1376 4578 1384 4600 ‚
1394 4546 1407 4590 t
1418 4555 1453 4602 sq.
1465 4542 1554 4590 Deinde
1564 4555 1688 4590 aerosum
1698 4547 1788 4594 Nostro

189 4607 367 4670 componendus
378 4607 504 4668 Eutropius
516 4611 573 4665 vn,
587 4615 601 4657 9
615 4627 621 4656 ι
634 4609 758 4656 Successit
769 4606 829 4655 tute
839 4609 917 4659 Nero,
968 4610 1014 4666 qut
1024 4610 1159 4670 emperiam
1171 4613 1313 4659 Romanum
1323 4615 1348 4659 et
1358 4611 1515 4670 deformavit
1528 4615 1554 4660 et
1566 4611 1695 4662 dtmtnutt
1706 4627 1715 4660 .·
1726 4617 1787 4662 tau·

189 4680 276 4728 ueste
286 4677 399 4725 luxuria
408 4679 619 4738 sumptuumque,
631 4679 661 4725 ut
671 4678 716 4738 qut
729 4674 844 4736 exempta
856 4675 912 4735 cajt
924 4676 1049 4736 Cattautss
1057 4679 1150 4728 calidis
1160 4683 1184 4728 et
1194 4679 1305 4740 srtqs'ds‘s
1315 4681 1416 4730 lavaret
1426 4684 1576 4744 unquentis,
1588 4681 1688 4730 retibus
1698 4687 1788 4732 aurets

190 4750 344 4810 piscaretur,
355 4757 414 4807 quoe
424 4745 527 4794 διαθέσει
539 4745 650 4806 suutbus
659 4745 819 4794 extrahebat.
834 4745 985 4806 (ἐπανείλατο
999 4751 1101 4808 partem
1110 4753 1216 4796 senatus
1227 4749 1370 4811 interjectu
1382 4751 1453 4800 tants
1469 4750 1588 4798 οιιιπεθιιε
1606 4749 1688 4798 hastas
1699 4752 1787 4812 suit.)

190 4816 229 4866 Aa
240 4818 394 4877 postremum
406 4825 432 4862 se
449 4817 522 4863 tauta
537 4813 656 4863 dedecere
667 4817 815 4876 prostituit,
829 4818 859 4863 ut
875 4815 985 4864 saltaret
995 4820 1021 4865 et
1029 4821 1148 4868 cantaret
1158 4821 1184 4866 tu
1195 4833 1286 4880 scena,
1296 4821 1462 4870 caesaraeam
1474 4820 1566 4868 taattu
1580 4820 1619 4869 set
1630 4823 1739 4880 ιτσρίοο.
1757 4851 1788 4862 -

191 4881 339 4944 ζηλοῦντι]
351 4885 405 4932 Post
418 4883 479 4930 Ιιεειο
491 4896 573 4932 vocem
585 4883 699 4932 excidisse
711 4883 805 4932 videtur
814 4885 963 4933 aecusativus
971 4886 1069 4948 atiquis;
1080 4889 1124 4936 atsi
1137 4887 1207 4935 scribi
1218 4891 1276 4938 νελίε
1284 4891 1327 4939 sut
1336 4890 1378 4948 τήν
1387 4891 1534 4938 πολυτέλειαν
1543 4892 1589 4937 ete.
1598 4925 1605 4946 ,
1614 4890 1657 4935 sut
1666 4893 1707 4945 της
1717 4891 1788 4938 πολυ·

191 4953 276 5009 τελείας
294 4969 317 5000 κ.
337 4953 357 5002 ἐ,
373 4953 413 5000 τδν
435 4953 573 5014 Κσλιγόλαν.
591 4953 629 5000 Cf.
653 4954 696 5001 aio
712 4955 778 5012 LXI,
797 4959 810 5001 5
830 4971 836 5000 ι
854 4956 886 5008 ὡς
906 4953 924 5002 δ’
937 4954 998 5010 ἀπαξ
1014 4959 1116 5011 ζηλιῖισαι
1132 4956 1201 5004 αὐτὸν
1219 4959 1382 5020 (Caligulam)
1405 4959 1550 5020 ἐπεθύμησε,
1564 4959 1604 5006 καί
1620 4957 1785 5018 ὑπερεῦέλετο.

191 5046 223 5057 -
239 5022 266 5078 ἐς
283 5021 371 5071 τοῦτο’
387 5039 418 5085 γε
435 5022 502 5086 κτλ]
517 5028 629 5086 excerpta
644 5038 675 5073 σε
691 5027 761 5074 Diua.
781 5027 844 5085 LXI,
864 5029 887 5074 17
904 5038 940 5086 sq.
958 5055 986 5067 -
1008 5024 1202 5090 ὁπλομαχεῖν]
1224 5032 1364 5090 μονομαχεῖν
1381 5039 1430 5078 seu.
1442 5029 1512 5077 Dion.
1527 5039 1550 5076 c.
1573 5031 1610 5088 17,
1628 5041 1653 5090 p,
1670 5031 1727 5090 997,
1748 5031 1788 5078 ἐλ.
