3908 5732
849 337 1095 398 FRAGMENTA.
1704 346 1761 398 58⁹

155 471 232 546 ξατο,
243 466 301 534 τούς
310 491 338 526 τε
350 466 451 547 ίατρούς
466 465 590 541 μέλισσα,
601 465 627 524 οἳ
640 464 677 542 με]
689 464 839 536 ὑπήκουσαν
856 468 934 543 αὐτῷ·
983 471 1090 524 τοιαῦτα
1110 473 1220 546 φρουρᾷ.
1263 463 1345 531 Τέλος
1368 463 1395 523 δέ
1418 464 1454 539 με]
1471 463 1555 544 φέρων
1570 466 1583 524 ό
1598 464 1762 543 Ἀντωνῖνος,

154 559 208 638 ίδίιρ
219 581 248 615 τε
263 556 353 636 δώροις
363 553 407 613 καί
423 553 547 631 μεγάλαις
562 552 719 632 ὑποσχέσεσι
730 551 787 620 τοὺς
798 557 849 612 τῶν
861 576 938 634 στρα-
984 553 1042 612 ἀλλ’
1057 553 1163 626 ὑπὸτῆς
1175 553 1235 633 περί
1249 553 1296 624 τήν
1311 553 1456 632 μοναρχίαν
1472 553 1608 629 ἐπιθυμίας
1622 555 1763 632 ἐλαυνόμε·

152 648 253 704 τιωτῶν
265 642 397 722 ἡγεμόνας
408 641 573 720 ἐθεράπευεν,
588 643 623 706 ὡς
633 639 665 698 δν
675 644 752 716 μόνον
768 641 844 699 αὐτόν
860 643 935 699 αὐτο·
984 665 1039 712 νος,
1063 639 1106 698 διό
1129 640 1214 721 ξίφους
1236 639 1363 720 ἐχώρησε,
1390 639 1436 698 καί
1450 639 1493 698 τδν
1515 641 1623 720 ἀδελφόν
1647 640 1691 700 ἐπί
1710 650 1764 708 τοῖς

153 731 270 810 κρότορα
286 728 465 797 ἀποδείξωσιν.
479 729 519 788 Οὐ
535 727 586 802 μὴν
600 727 683 785 ἔπειθε
698 727 728 786 τὸ
742 727 936 806 στρατιωτικόν.
984 727 1088 798 στήθεσι
1103 733 1147 798 τῆς
1162 727 1258 806 μητρὸς
1272 727 1454 806 καταφυγόντα
1467 727 1634 808 διεχρήσατο.

153 816 327 895 Μεμνημένοι
348 815 399 894 γίιρ
413 820 459 874 τοῦ
481 813 618 894 Σεόήρου,
632 813 692 883 ἐσην
714 813 800 880 αὐτοῖς
813 813 892 890 τιμήν
908 835 937 871 τε
1023 838 1046 876 ι.
1071 815 1299 896 Κατεργασθέντος
1319 807 1363 874 οὐν
1378 819 1449 896 αὐτῷ
1470 819 1514 872 τοῦ
1536 816 1626 896 φόνου,
1640 819 1765 899 προπηδᾷ

153 905 198 964 καί
206 904 307 963 εὔνοιαν
317 901 484 981 παρείχοντο.
498 900 532 962 Ὁ
543 900 570 959 δὲ
578 901 734 973 Ἀντωνῖνος,
746 899 803 959 ἐπεί
813 899 849 976 μὴ
861 923 937 981 προσ·
983 908 1029 960 τοὺ
1047 903 1118 962 οέκου
1134 904 1207 974 θέων,
1220 902 1358 983 φερόμενός
1373 925 1401 960 τε
1416 904 1449 960 δι’
1467 901 1533 960 όλων
1548 906 1598 960 τῶν
1615 905 1763 981 βασιλείων,

153 991 248 1072 αχώρει
272 993 344 1070 αὐτῷ
363 988 397 1048 τέι
417 992 468 1047 τῶν
492 987 687 1068 στρατοπέδων,
702 987 876 1064 σπεισάμενος
901 991 936 1045 εί·
984 989 1047 1048 έόόα
1063 989 1146 1068 μέγαν
1161 989 1277 1048 κίνδυνον
1289 988 1491 1068 ἐκπεφευγέναι,
1505 987 1578 1065 μόλις
1591 1013 1620 1047 τε
1633 995 1763 1062 σωθῆναι·

155 1081 235 1160 ρήνην
251 1081 287 1146 εἰς
304 1079 360 1143 τοὺς
377 1076 538 1157 βαρόοίρους,
554 1075 597 1133 ἐπί
618 1075 664 1146 τήν
678 1075 785 1152 Ῥώμην
802 1075 935 1154 ἠπείγετο.
983 1076 1042 1144 τούς
1058 1101 1085 1136 τε
1101 1079 1262 1157 στρατιώτας
1277 1076 1302 1134 οἳ
1316 1081 1455 1156 φρουροῦσι
1468 1075 1501 1134 τίι
1518 1075 1652 1154 βασίλεια,
1665 1079 1764 1138 κελεύει

155 1165 209 1226 Καί
231 1163 320 1234 ἐπειδή
334 1163 465 1222 κατέλαὺε
479 1161 527 1234 τὴν
549 1163 651 1240 μητέρα
671 1162 716 1220 καί
728 1161 770 1220 τόν
787 1161 895 1242 ἀδελφὸν
911 1165 938 1220 ἐν
985 1164 1251 1246 αὐτόνωῖρποίσαντας
1275 1165 1385 1241 ἀπέχειν
1404 1165 1440 1230 εές
1459 1163 1489 1222 τό
1511 1164 1695 1238 στρατόπεδον.
1713 1170 1764 1227 sst-

153 1255 206 1320 τοῖς
221 1251 348 1331 μεθορίοις
361 1255 407 1321 τῆς
421 1249 542 1326 Ῥώμης,
557 1249 613 1325 όίμα
633 1250 718 1316 αὐτοῖς
739 1249 780 1308 ἐπί
802 1249 849 1319 τήν
863 1249 937 1330 πόλιν
984 1254 1136 1318 στεύσαντές
1154 1275 1182 1311 τε
1197 1254 1305 1328 ἐκεῖνοι,
1318 1251 1347 1309 τό
1365 1251 1419 1328 [τε]
1438 1251 1620 1330 πεπραγμένον
1631 1252 1702 1312 ἔνδον
1718 1256 1765 1313 οὐκ

155 1340 273 1420 αἰφὺιετο.
286 1339 336 1405 Ὣς
348 1339 375 1396 δί
387 1337 479 1403 αὐτούς
489 1340 503 1395 ὁ
515 1337 596 1412 δῆμος
608 1336 778 1416 δαφνηφορῶν
790 1335 937 1409 ὑπεδέξατο,
985 1339 1078 1404 εἰδότες
1083 1381 1092 1412 ,
1104 1339 1186 1396 θέοντι
1201 1341 1272 1416 αὐτῷ
1290 1337 1478 1417 συνεξέδραμον
1498 1339 1603 1404 πάντες·
1617 1339 1722 1419 ταραχή
1735 1363 1764 1398 τε

153 1427 171 1498 ἥ
185 1451 215 1485 τε
227 1423 371 1504 σύγκλητος
382 1423 574 1502 αὐτοκράτορας
587 1420 813 1500 προσηγόρευσεν·
828 1421 874 1480 καί
888 1446 936 1494 κη·
984 1424 1028 1483 τὸν
1040 1427 1121 1502 δῆμον
1134 1433 1265 1503 κατεῖχεν,
1278 1427 1386 1503 ὁρῶντες
1397 1425 1457 1503 περί
1473 1425 1558 1497 δείλην
1571 1425 1615 1483 διίι
1627 1425 1708 1502 μέσης
1719 1451 1765 1508 φει-

155 1514 292 1580 δεύσαντες
304 1514 348 1570 τόν
360 1510 462 1589 πατέρα
476 1511 585 1580 ἀνῆλθον
605 1511 640 1575 εἷς
657 1509 691 1566 τδι
707 1509 840 1588 βασίλεια·
856 1509 937 1568 διελό·
986 1513 1091 1592 ρόμενον
1108 1517 1152 1582 τῆς
1167 1513 1266 1578 πόλεως
1283 1511 1372 1591 δρόμῳ
1385 1511 1428 1569 τὸν
1450 1511 1569 1590 βασιλέα.
1584 1511 1634 1580 Ὡς
1650 1513 1677 1571 δέ
1694 1518 1765 1574 είσε-

155 1623 229 1679 μενοι
242 1599 269 1658 δέ
280 1598 347 1658 αὐτὰ
356 1597 475 1678 ἐκότερος
485 1597 557 1676 ᾤκει,
570 1595 802 1675 παρσφροίττεσθαι
814 1596 939 1668 κελεύσας
985 1599 1100 1670 πήδησαν
1115 1602 1151 1665 εἷς
1170 1599 1200 1656 τὸ
1223 1598 1397 1677 στρατόπεδον
1420 1597 1444 1664 ές
1458 1621 1486 1656 τε
1501 1598 1544 1656 τόν
1558 1599 1631 1674 ναὸν,
1652 1599 1713 1658 ἔνθα
1731 1602 1764 1660 τέι

154 1687 242 1753 πόσας
261 1686 388 1758 εἰσόδους,
402 1685 426 1743 εί
440 1708 506 1752 τινες
521 1683 695 1744 λανθάνουσαι
715 1673 792 1754 ἦσαν·
808 1685 899 1759 μόναις
911 1683 939 1743 δέ
985 1690 1082 1762 σημεῖα
1098 1685 1197 1763 ἐκειτο,
1212 1685 1288 1766 ρίψας
1302 1683 1393 1742 ἑαυτὸν
1409 1686 1457 1762 [εἰς
1467 1687 1528 1763 γῆν]
1543 1686 1671 1763 ὡμολόγει
1687 1688 1764 1768 χόρι-

155 1776 248 1854 [ταῖς]
262 1773 399 1852 δημοσίαις
409 1775 534 1852 ἐχρῶντο,
546 1770 612 1837 ἰδίας
622 1770 733 1852 φρουρέις
743 1771 938 1844 ἐπιστήσαντες,
984 1795 1030 1839 τας
1042 1777 1088 1842 τῆς
1099 1771 1241 1851 σωτηρίας·
1251 1771 1297 1830 καὶ
1307 1774 1359 1838 τοῖς
1374 1771 1420 1846 μέν
1431 1771 1603 1851 στρατιώταις
1611 1773 1640 1832 τό
1649 1774 1764 1852 πραχθέν

154 1861 214 1922 οὑδέ
228 1861 370 1932 συνιόντες,
386 1860 427 1937 [εἰ
442 1858 479 1935 μὴ
494 1857 558 1939 πρός
580 1859 675 1936 ὀλίγον,
692 1857 751 1917 όσον
773 1858 887 1936 δημοσίᾳ
903 1859 938 1916 εί·
985 1861 1034 1938 οὐχ
1048 1859 1178 1934 ὡμολόγει
1188 1881 1195 1896 ·
1207 1859 1329 1918 ἐόούλετο
1342 1856 1393 1936 γὺρ
1404 1863 1516 1917 νοεῖσθαι
1527 1859 1654 1936 μᾶλλονῆ
1670 1861 1765 1920 οἰκούεη

154 1973 219 2010 ποτε
231 1951 351 2028 ὀφθῆναι.
368 1945 541 2006 Ἐπετέλεσαν
554 1946 581 2003 δὲ
597 1945 648 2024 πρὸ
661 1944 803 2023 ἁπάντων]
818 1943 865 2015 τήν
877 1945 939 2025 πρὸς
986 1949 1063 2003 σθαι·
1079 1942 1125 2002 καί
1145 1942 1188 2002 διδι
1206 1951 1281 2004 τοῦτο
1299 1944 1348 2002 ὅσα
1371 1946 1397 2002 ἐν
1423 1941 1530 2023 [ἔτεσι]
1553 1945 1587 2015 ιη’
1608 1948 1622 2003 ὁ
1648 1945 1765 2024 Σεόῆρος

154 2037 198 2096 τόν
210 2035 312 2116 πατέρα
325 2033 415 2110 τιμήν.
430 2032 500 2112 [Ἐξ
518 2032 615 2092 ἐκείνου
636 2030 681 2108 δέ]
709 2031 861 2100 ἐστασίαζον
876 2030 939 2112 πρὸς
984 2030 1112 2109 ἤθροισεν,
1131 2031 1157 2087 ἐν
1178 2039 1226 2109 μιᾷ
1240 2029 1327 2112 ἡμέρᾳ
1348 2033 1384 2098 είς
1406 2029 1465 2097 τούς
1479 2029 1641 2111 στρατιώτας
1655 2031 1764 2111 ἐξέχεεν,

157 2123 301 2194 ἀλλήλους,
322 2121 427 2198 ἐμίσουν
444 2143 472 2178 τε
486 2118 531 2178 καί
545 2118 713 2178 έόουλεὺοντο
727 2117 784 2177 κατ’
809 2117 938 2192 ἀλλήλων,
984 2117 1027 2176 ἵνα
1040 2117 1084 2176 τὸν
1103 2119 1213 2198 ἀδελφοῦ
1228 2119 1338 2176 θάνατον
1352 2117 1503 2198 κυρώσωσι,
1515 2117 1561 2176 καί
1579 2124 1669 2178 τοῦτον
1687 2123 1765 2178 αὐτο-

155 2211 201 2270 καῖ
212 2207 316 2288 [πάντα
327 2205 453 2287 ἐπραττεν
465 2206 584 2285 ἑκάτερος
594 2206 622 2282 ,]
636 2204 673 2272 τίς
683 2209 785 2284 πρῶτος
796 2203 839 2264 τόν
852 2203 938 2286 ἐτερον
985 2205 1097 2286 πρόσορα
1109 2206 1284 2285 ψηφίσωνται.

155 2294 374 2355 ἐποσκευοῖσεται.
392 2293 559 2372 Ἔμερίζοντο
572 2291 598 2351 δέ
611 2292 655 2351 καί
668 2293 772 2351 πόντων
785 2297 813 2351 αί
826 2297 938 2371 γνῶμαι,
1024 2311 1047 2353 ε.
1072 2291 1127 2350 Καὶ
1141 2291 1234 2358 ἐπιόόις
1256 2298 1300 2350 τοῦ
1326 2292 1429 2370 θρόνου,
1445 2296 1490 2350 τοὺ
1510 2315 1539 2350 τε
1555 2293 1666 2373 ἀδελφοῦ
1679 2292 1766 2352 πολλὰ

156 2381 212 2441 ὅσοι
225 2384 252 2440 ἐν
270 2381 416 2457 ἀξιώμασιν
432 2372 512 2453 ἦσαν.
984 2378 1136 2459 κατηγόρει,
1152 2379 1197 2438 καί
1217 2385 1275 2445 τοὺς
1291 2383 1369 2439 αὐτοῦ
1385 2379 1472 2456 φίλους
1487 2377 1580 2458 δριμέα
1602 2379 1762 2443 δεεόλέπετο.

196 2489 220 2528 ε.
243 2467 276 2528 Ὁ
287 2467 394 2548 μένγίιρ
405 2467 487 2535 Γέτας
501 2466 641 2532 ἐπιεικείας
652 2464 748 2546 τρόπον
763 2465 936 2544 ἐπεδείκνυτο,
985 2470 1020 2526 Οἱ
1034 2465 1061 2524 δὲ
1084 2467 1129 2525 καί
1146 2465 1296 2544 ὀδυρόμενοι
1321 2466 1364 2525 έπί
1388 2474 1442 2534 τοῖς
1460 2465 1664 2546 πεπραγμένοις,
1688 2469 1765 2524 αὑτο-

156 2555 212 2614 ὑδὲ
228 2555 373 2622 Ἀντωνῖνος
387 2556 532 2631 ὠμότητος.
553 2552 666 2620 Τούτους
681 2553 708 2612 δέ
722 2558 739 2624 ἡ
754 2553 842 2633 μήτηρ
857 2555 938 2632 [συν-
985 2554 1100 2632 κρότορα
1118 2554 1195 2612 αὑτὸν
1216 2553 1261 2612 καί
1285 2553 1418 2634 μονόρχην
1432 2554 1658 2634 προσηγόρευσαν.
1682 2553 1717 2613 Ὁ
1737 2553 1765 2612 δέ

157 2642 229 2720 όγειν
244 2641 384 2720 ἐπειρᾶτο]
396 2641 539 2718 μέλλοντας
550 2641 705 2719 διαιρεῖσθαι
716 2637 763 2710 τὴν
777 2639 869 2719 ἀρχήν.
884 2639 938 2700 Καὶ
985 2643 1129 2706 Ἀντωνῖνος
1150 2639 1293 2718 τρέμοντας
1315 2640 1360 2699 καί
1377 2642 1529 2720 ὠχριῶντας
1552 2640 1609 2708 τοὺς
1629 2640 1766 2709 πλείστους

157 2734 203 2788 τοῦ
217 2725 264 2805 μέν
277 2728 428 2788 Ἀντωνένου
438 2727 525 2786 ποίντα
539 2727 572 2786 τίι
584 2727 627 2785 ὑπ’
641 2729 771 2806 Εὐρώπην
785 2728 936 2806 δεχομένου,
984 2726 1147 2803 καταλιπών,
1165 2725 1308 2804 ἀνέδραμεν
1331 2727 1376 2785 ἐπί
1390 2727 1424 2784 τὰ
1440 2729 1577 2806 βασιλεια·
1592 2727 1648 2787 όσοι
1672 2751 1700 2786 τε
1720 2733 1767 2800 τῆς

157 2818 204 2872 τοῦ
227 2811 254 2871 δέ
270 2813 339 2873 Γέτα
353 2812 402 2884 τὴν
417 2813 597 2891 ἀντικειμένην
610 2812 717 2892 ἤπειρον
740 2812 827 2873 Ἀσίαν
842 2818 937 2872 καλου·
985 2812 1130 2891 συγκλήτου
1154 2817 1260 2890 βουλῆς,
1279 2812 1324 2871 καί
1349 2811 1404 2872 όσοι
1430 2815 1497 2890 γένει
1515 2813 1532 2884 ή
1547 2815 1652 2896 πλούτῳ
1668 2817 1766 2894 περιεῖ·

159 2901 239 2978 μένην
254 2911 351 2974 πᾶσαν,
365 2901 460 2980 ἤρεσκε
475 2900 519 2960 τδν
537 2903 584 2978 μὲν
605 2901 753 2960 Ἀντωνῖνον
769 2901 813 2960 έπί
830 2905 867 2982 τῷ
883 2905 937 2962 Βυ-
985 2924 1041 2980 χον,
1053 2901 1252 2979 [ἀνηροῦντο,]
1266 2900 1311 2958 καί
1332 2901 1482 2975 ἡέίομόδου
1504 2900 1612 2980 ἀδελφὴ,
1624 2902 1766 2983 πρεσόὺτις

157 2987 253 3068 ζαντίῳ
264 2991 367 3068 ἱδρῶσαι
381 2987 411 3046 τό
425 2988 610 3068 στρατόπεδον,
625 2987 668 3046 τὸν
684 2986 710 3046 δέ
723 2985 806 3048 Γέταν
819 2989 845 3046 έν
856 2989 937 3048 Χαλ-
984 2988 1036 3059 ήδη
1050 2986 1095 3046 καί
1109 2986 1160 3046 ὑπδ
1178 2987 1284 3044 πόντων
1300 2990 1335 3052 ὡς
1350 2985 1461 3066 Μοίρκου
1483 2985 1598 3066 θυγοίτηρ
1615 2988 1765 3062 τιμωμένη,

159 3077 249 3146 κηδόνι
260 3080 306 3148 τῆς
324 3075 460 3142 Βιθυνίας·
472 3073 540 3134 οὑτω
550 3097 579 3134 τε
590 3073 638 3146 τήν
651 3097 678 3134 τε
691 3072 835 3152 σύγκλητον
849 3075 938 3133 καὶτὰ
987 3073 1188 3154 προσαπώλετο,
1203 3072 1241 3131 διό
1255 3071 1381 3151 ἐδάκρυσε
1398 3072 1515 3151 παρίει-ᾗ
1531 3073 1609 3152 μητρί
1625 3075 1704 3132 αὐτοῦ
1722 3074 1766 3133 ἐπί

158 3163 218 3236 έθνη
231 3162 276 3221 καὶ
288 3163 346 3230 τοὺς
360 3158 521 3244 στρατιώτας
533 3163 699 3242 μερίσασθαι.
988 3165 1025 3240 τῷ
1036 3166 1080 3220 τοῦ
1094 3159 1186 3225 παιδός
1200 3160 1279 3240 φόνῳ.
1295 3159 1352 3230 Τήν
1371 3182 1399 3218 τε
1417 3162 1528 3239 γυναῖκα
1544 3159 1683 3236 γενομένην
1695 3163 1766 3240 αὐτῷ

198 3272 222 3309 ³.
235 3252 329 3309 Ταῦτα
340 3249 367 3308 δέ
380 3251 464 3308 αὐτῶν
479 3249 681 3326 διατυπούντων,
692 3251 715 3308 οἱ
729 3247 775 3326 μέν
787 3248 861 3308 ἄλλοι
872 3249 939 3307 πύν·
986 3247 1168 3325 Πλαυτίλλαν,
1183 3238 1262 3305 οὖσαν
1274 3250 1300 3306 ἐν
1317 3246 1439 3327 Σικελίιρ,
1450 3246 1495 3304 καί
1508 3246 1551 3304 τὸν
1567 3247 1670 3328 ἀνεψιόν
1686 3251 1765 3308 αὑτοῦ

158 3359 201 3402 τες
212 3341 373 3416 σκυθρωποῖς
384 3335 532 3417 προσώποις
550 3338 585 3402 είς
606 3335 653 3407 τήν
673 3341 722 3414 γῆν
743 3336 865 3395 ἔνευσαν·
879 3342 896 3408 ἡ
912 3335 939 3395 δέ
988 3332 1101 3415 Σεόήρῳ
1112 3357 1140 3394 τε
1159 3335 1296 3411 ὁμώνυμον
1316 3334 1361 3392 καὶ
1375 3333 1419 3394 τύν
1433 3333 1591 3413 Περτίνακος
1605 3335 1668 3408 υίδν,
1680 3340 1725 3407 τῆς
1736 3359 1765 3394 τε

160 3423 271 3496 Ἰουλία,
286 3451 298 3476 α
314 3427 367 3495 Γῆν
382 3423 440 3500 μέν,
455 3423 522 3504 ἔφη,
536 3411 557 3481 ῶ
569 3423 660 3494 τέκνα,
672 3423 716 3482 καί
727 3423 860 3481 θάλασσαν
873 3423 939 3502 εὑρί-
990 3423 1110 3498 Κομόδου
1132 3424 1245 3502 ἀδελφῆς
1258 3423 1404 3493 Λουκίλλης
1421 3422 1486 3494 υἱὸν,
1504 3420 1550 3480 καί
1566 3423 1589 3480 εί
1606 3445 1632 3480 τι
1645 3421 1718 3500 γένος
1732 3414 1764 3494 ήν

161 3532 236 3568 σκετε
247 3510 316 3578 όπως
335 3510 468 3588 νείμησθε,
481 3510 528 3580 τὴν
539 3509 566 3567 δέ
583 3509 684 3590 μητέρα
697 3513 752 3576 πῶς
765 3509 796 3568 διν
807 3509 940 3583 διέλοισθε,
988 3509 1122 3587 βασιλικόν
1135 3507 1178 3586 [ἢ]
1195 3511 1220 3566 ἐν
1235 3507 1373 3589 συγκλήτῳ
1385 3508 1411 3576 ἐξ
1422 3511 1582 3586 εὐπατριδῶν
1596 3509 1765 3585 καταόαῐνον,
1806 3528 1811 3538 ·

160 3597 206 3656 καί
218 3603 300 3671 πῶςή
316 3597 392 3656 ἀθλία
403 3601 439 3664 εἷς
453 3597 575 3676 ἑκάτερον
586 3599 661 3673 ὑμῶν
669 3596 824 3674 νεμηθείην,
837 3601 939 3676 πρῶτον
987 3603 1040 3653 πᾶν
1054 3593 1182 3674 ἐξέκοψεν.
1198 3593 1245 3661 Είς
1258 3617 1285 3652 τε
1299 3594 1332 3652 τδι
1346 3593 1405 3668 ἐθνη
1417 3595 1528 3672 πέμπων
1539 3597 1669 3673 ἡγεμόνας
1681 3619 1710 3654 τε
1722 3595 1767 3654 καὶ

161 3683 194 3756 δὴ
209 3685 255 3760 ἐμέ
268 3683 423 3767 φονεύσατε,
441 3684 486 3742 καί
507 3682 631 3750 διελόντες
645 3683 764 3764 ἑκάτερος
778 3687 840 3764 παρ’
856 3686 940 3764 ἑαυτῷ
988 3681 1154 3760 ἐπιτρόπους,
1177 3684 1211 3748 ώς
1233 3683 1329 3740 ἐκείνου
1351 3681 1453 3762 φίλους,
1476 3681 1632 3762 διεχρήσατο
1654 3683 1763 3748 πάντας.

160 3771 191 3830 τύ
208 3772 283 3851 μέρος
306 3771 436 3831 θαπτέτω.
455 3798 467 3822 ν
490 3774 584 3830 Ταῦτα
605 3771 718 3848 λέγουσα
737 3771 803 3848 μετδι
824 3771 941 3850 δακρύων
989 3769 1069 3830 fland
1083 3792 1111 3828 τε
1126 3768 1169 3838 νὺξ
1184 3769 1257 3848 ἐφερε
1271 3769 1360 3849 φόνους
1371 3771 1545 3830 παντοδαπῶν
1557 3769 1708 3851 ἀνθρώπων,
1721 3769 1767 3828 καί

161 3859 207 3918 καί
222 3861 350 3936 οἰμωγῆς,
366 3857 520 3938 ἀμφοτέροις
529 3881 557 3916 τε
571 3857 617 3924 τθις
633 3861 724 3938 χεῖρας
737 3858 941 3936 περιόόλλουσα,
988 3860 1015 3915 ἐν
1023 3858 1183 3937 ίπποδρομίορ
1198 3857 1308 3924 πολλοὺς
1320 3856 1464 3937 ἐφόνευσεν.

162 3943 208 4002 καί
229 3943 280 4002 ὑπό
296 3943 342 4013 τδς
365 3945 483 4023 ἀγκάλας
507 3945 638 4016 λαόοῦσα,
662 3945 781 4023 συνοίγιιν
807 3947 939 4025 ἐπειρᾶτο.

164 4031 271 4100 Πάντας
282 4033 309 4091 δέ
321 4033 408 4093 οίκτου
418 4032 556 4104 λαθόντας,
569 4033 671 4105 διελύθη
685 4033 714 4092 τθ
725 4033 863 4109 συνέδριον,
872 4033 902 4091 τὸ
915 4033 942 4092 δί

165 4127 243 4194 μῖσος
261 4121 306 4178 καί
319 4124 336 4190 ἡ
348 4119 438 4188 στάσις
449 4119 551 4190 ηὔξετο.
570 4123 613 4186 ίίἐς
633 4121 719 4178 πάντα
729 4119 779 4198 γὰρ
794 4119 826 4178 τδι
838 4119 942 4178 ἐναντία
1029 4123 1095 4178 Exc.
1113 4123 1155 4176 De
1168 4123 1235 4176 virt.
1251 4139 1283 4195 p.
1300 4119 1356 4176 825
1379 4137 1386 4178 :
1405 4117 1470 4179 Ὀτι
1490 4119 1534 4177 ἐπὶ
1554 4119 1702 4178 Ἀντωνίνου
1722 4124 1767 4179 τοὺ

164 4208 286 4278 ἀλλήλοις
296 4207 426 4286 ἐφρόνουν,
439 4206 484 4265 καί
496 4207 624 4286 οἰνοχόους
635 4205 680 4266 καί
691 4204 828 4284 ὐ]οποιούς
839 4191 941 4264 ἐνέπει·
990 4207 1045 4263 υἱοῦ
1063 4205 1180 4283 Σεόήρου
1194 4205 1257 4277 πρὸς
1271 4213 1323 4270 τοῖς
1337 4203 1423 4272 σίλλοις
1445 4209 1534 4272 κακοῖς
1550 4205 1595 4264 καί
1618 4213 1674 4272 ταῖς
1695 4228 1767 4283 μιαι-

164 4297 207 4352 θον
222 4293 347 4370 ἐμόαλεῖν
368 4293 513 4374 δηλητήρια
528 4295 665 4374 φάρμακα.
684 4295 723 4352 Οὐ
746 4291 840 4372 ῥᾳδίως
853 4293 880 4350 δὲ
895 4295 942 4350 αὐ-
990 4293 1089 4374 φονίαις
1104 4293 1149 4352 καί
1163 4296 1186 4351 οἱ
1212 4296 1386 4373 στρατιῶται,
1406 4299 1451 4351 τοῦ
1467 4293 1599 4371 βιάζεσθαί
1612 4317 1640 4352 τε
1654 4293 1700 4354 καί
1719 4295 1768 4374 ἄρ·

163 4383 215 4439 τῶν
229 4381 353 4460 οὐδετέρῳ
367 4380 528 4462 προύχώρει·
543 4383 629 4460 πολλῇ
643 4378 693 4460 γὰρ
708 4382 822 4458 ἐχρῶντο
833 4379 893 4458 περί
911 4379 944 4438 τίι
990 4380 1081 4448 παίζειν
1095 4379 1218 4446 λαθόντες
1229 4378 1354 4454 ἐξουσίαν,
1363 4379 1514 4438 οὐκέτικατ’
1524 4380 1596 4438 οὐδέν
1605 4381 1767 4459 διεκρίνοντο·

1347 3997 1412 4057 ε3ο.

163 4563 234 4596 κοντο
244 4549 275 4603 είς
286 4549 328 4605 τήν
335 4549 437 4610 Ῥώμην,
446 4549 460 4596 ό
471 4565 497 4597 τε
506 4549 579 4610 δῆμος
588 4547 671 4603 αὐτοὺς
681 4549 831 4609 δαφνηφορῶν
841 4549 965 4602 ὑπεδέξατο
974 4548 989 4605 ἦ
1000 4563 1024 4595 τε
1033 4547 1161 4608 σύγκλητος
1170 4548 1363 4610 προσηγόρευσεν.
1376 4551 1447 4610 Seqq.
1457 4561 1488 4598 ex
1501 4549 1636 4598 Herodiano
1646 4549 1767 4599 resarcivi.

167 4615 219 4678 -§
229 4623 252 4665 2.
262 4617 301 4664 ὑπ’
310 4615 440 4678 Εὐρώπην]
451 4618 538 4666 Herod.
548 4617 618 4681 χὺπὲρ
628 4617 683 4677 Εὑρ.
694 4615 779 4664 codex.
790 4615 872 4664 -ίπί
881 4622 919 4680 τῷ
933 4617 1096 4681 Βυζαντίῳ]
1111 4621 1181 4678 Ιῖεε.;
1190 4619 1226 4666 ἐπί
1234 4619 1260 4667 τό
1271 4619 1391 4676 Βυζάντιον
1401 4618 1455 4668 eod.
1466 4619 1548 4682 —-§³.
1559 4619 1685 4684 νεῖμησθε]
1694 4621 1767 4679 Hem

164 4688 270 4750 νεῖμεσθε
281 4689 334 4738 md.
346 4717 375 4730 -
385 4690 549 4753 θιέλοισθε]
560 4693 630 4749 fler„
640 4689 745 4746 διέλησθε
755 4688 808 4737 md.
822 4687 956 4750 -ὑμῶν]
967 4689 1038 4747 ίῖσε.,
1053 4690 1119 4750 ἡμῶν
1129 4686 1183 4736 cod.
1193 4695 1346 4750 -πρῶτον
1361 4688 1410 4748 δὴ]
1422 4693 1534 4752 Ιῖοε.,πρ.
1545 4690 1632 4739 δὲοοιῖ.
1647 4721 1677 4732 -
1689 4705 1768 4752 περι·

165 4759 333 4823 θάλλουσα]
349 4763 422 4822 Ποπ,
435 4758 846 4823 περιόαλοῦσαοοό,-συνάγειν
863 4757 1017 4821 ἐπειρᾶτο]
1028 4775 1053 4807 σ.
1064 4775 1088 4808 τε
1100 4760 1137 4808 ἐπ.
1151 4759 1205 4806 cod.
1216 4785 1244 4794 —
1256 4759 1271 4822 §
1285 4764 1308 4809 ό.
1322 4761 1658 4824 εῖσεπήδησεν]ἐσε’πεσεν
1671 4765 1727 4812 Her.
1738 4791 1769 4804 -

166 4829 379 4893 θόέπιὸὰςτοῡ
391 4829 547 4892 θρόνου]εο.
555 4831 578 4878 in
586 4833 679 4888 senatu,
689 4829 713 4876 in
723 4841 795 4889 quem
803 4829 842 4878 die
851 4829 1072 4879 οωόειυευίκεοουῑο
1082 4842 1107 4880 σε
1116 4828 1226 4878 οοιιῑυΙῖῖ.
1234 4833 1265 4878 V.
1277 4829 1366 4880 Herod.
1375 4832 1417 4887 iv,
1426 4835 1540 4880 5.-καὶ
1552 4833 1616 4881 όσοι
1628 4831 1769 4894 γένει]καῑ

166 4900 219 4948 ὅσοι
229 4898 329 4948 delenda
339 4902 404 4961 puto.
417 4899 543 4948 Herodian.
551 4902 593 4959 lv,
604 4906 619 4948 6
630 4903 685 4955 ιτῆς
695 4913 720 4946 τε
731 4901 862 4960 συγκλήτου
870 4901 953 4962 βουλῆς
963 4899 1014 4948 ὅσοι
1022 4900 1082 4958 γένει
1093 4899 1209 4962 ὴπλούτιρ
1216 4901 1344 4962 ὑπερεῖχον.
1354 4901 1444 4950 -ὑπδ
1456 4901 1596 4964 πάντων]
1606 4902 1662 4964 πῶς
1675 4901 1769 4950 πάντων

168 4969 284 5030 βασιλέων
296 4967 320 5017 in
330 4971 386 5018 Her.
396 4967 490 5030 legitur.
498 4997 528 5010 -
537 4968 724 5018 Ιίλαυτίλλαν
733 4966 742 5030 ]
750 4969 867 5018 Πλαυτίαν
875 4970 939 5031 συός
948 4970 1019 5020 scribi
1029 4971 1100 5020 etiam
1107 4971 1196 5032 possit.-
1207 4973 1351 5020 [Ιλαιντιανοῦ
1361 4971 1490 5034 [θυγατέρα
1497 4969 1592 5032 ]οὑσαν,
1601 4973 1635 5021 uti
1645 4975 1681 5020 οεί
1689 4973 1711 5020 in
1725 4975 1770 5021 He·

168 5039 405 5102 rodim-lma
417 5041 520 5104 φόνους
531 5041 727 5090 παντοδαπῶν
739 5040 954 5104 ἀνθρώπων]εκ
965 5042 1064 5101 Μαι-σός
1077 5041 1141 5104 ἐφερε
1148 5045 1194 5090 τῶν
1206 5042 1332 5111 ᾁνθρώπων
1351 5042 1433 5102 φόνους
1445 5043 1538 5091 πάντων
1548 5043 1674 5105 ἀνθρώπων
1684 5041 1769 5090 codex.

200 5112 241 5160 Fr.
259 5116 310 5160 1³2.
326 5110 415 5160 Eadem
428 5110 523 5162 brevius
532 5109 617 5162 δολίου
632 5124 655 5161 v,
667 5109 806 5168 Ἀντωνῖνος.
825 5112 885 5163 vide
902 5113 1029 5163 Herodian.
1043 5115 1092 5173 w,
1109 5117 1195 5160 6-12.
1212 5136 1244 5148 -
1259 5111 1418 5174 βιάζεσθαί
1432 5109 1539 5175 τεκαὶ]
1556 5128 1581 5160 τε
1589 5125 1640 5161 om.
1659 5111 1726 5162 suid.
1737 5140 1768 5153 -
