3830 5720
203 345 255 396 182

198 465 298 540 pulos,
322 465 360 521 ad
380 466 544 521 servitutem
562 464 729 539 prolapsos,
745 480 872 538 persaepe
893 463 980 520 etiam

200 557 328 609 virorum
341 555 457 608 minime
470 553 611 606 malorum
628 551 738 606 animos
752 549 862 606 invadit
880 565 887 608 ι
904 569 980 626 quo-

199 660 264 698 rum
278 642 391 696 bonitas
406 659 441 696 co
458 651 566 694 tantum
580 640 688 707 elucet,
704 638 784 712 quod
802 656 895 710 neque
913 657 981 694 cru-

201 729 301 783 deliter
312 740 400 802 agunt
411 747 564 782 numorum
577 745 673 795 causa,
688 744 781 800 neque
790 723 838 796 jus
850 727 959 780 violant
973 745 979 779 :

201 818 299 889 quales
312 828 376 870 sunt
391 816 448 871 sere
466 815 552 888 siqui
573 815 647 868 inter
658 816 764 870 Turcas
778 814 833 867 viri
850 812 921 866 boni
935 812 982 867 di-

202 913 315 958 cuntur.
328 906 362 958 ln
373 922 431 976 quo
446 919 548 978 genere
560 901 666 956 illustre
681 902 840 974 ereniplum
853 909 914 954 erat
922 917 984 955 me-

201 992 293 1046 moria
306 1007 370 1046 mea
383 988 595 1046 hloharnmedes
606 1005 706 1055 senex,
724 989 843 1061 Algeriae
857 997 980 1060 satrapa.

201 1079 278 1134 Nihil
292 1079 347 1133 hoc
362 1080 425 1133 viro
437 1079 547 1144 mitius,
562 1075 680 1150 ejusque
689 1073 745 1132 fide
757 1075 824 1130 data
834 1074 905 1129 nihil
918 1091 984 1130 san-

203 1167 275 1220 ctius
289 1183 296 1224 :
311 1177 340 1220 at
352 1166 429 1221 idcm
439 1183 498 1219 non
509 1165 614 1234 solum,
624 1165 678 1219 nisi
690 1181 792 1238 pacem
805 1163 841 1218 ab
853 1181 888 1218 eo
899 1162 983 1218 rede—

202 1257 313 1324 misses,
326 1255 477 1328 piraticam
487 1253 652 1321 exercebat3
666 1251 846 1324 violataque,
860 1253 919 1306 sine
932 1269 984 1306 sua

204 1344 306 1416 culpa,
322 1359 412 1417 pace,
428 1342 556 1416 gavisum
575 1358 634 1396 esse
657 1339 760 1408 cred03
779 1357 880 1394 verum
900 1341 984 1394 etiam

203 1431 332 1502 quotidie
349 1449 402 1506 per
422 1447 570 1504 vesperam
583 1429 676 1483 aureis
692 1427 874 1482 numerandis
886 1445 916 1482 se
931 1427 984 1482 de-

203 1518 336 1574 lectabat.
348 1517 526 1574 Praedivitem
536 1526 612 1572 certe
625 1515 709 1570 fuisse
721 1517 836 1570 Petrum
845 1515 911 1570 iude
924 1515 985 1568 col·

203 1607 331 1679 ligimus,
345 1605 423 1679 quod
436 1604 678 1672 insulaAconitis,
691 1605 721 1657 in
733 1621 790 1676 qua
800 1605 873 1659 cotis
883 1603 985 1658 fodinae

204 1693 419 1762 exercebantur,
434 1693 544 1766 integra
557 1709 612 1766 pro
627 1691 716 1747 lundo
731 1691 769 1746 ad
783 1710 848 1747 eum
859 1693 985 1766 pertine-

203 1781 255 1836 bat
271 1781 320 1856 (V.
336 1782 439 1837 testim.
459 1779 524 1852 ιι).
542 1779 648 1834 Eadem
659 1780 801 1834 servitutis
814 1779 968 1834 miseria
941 1798 987 1832 vr-

203 1889 252 1926 ros
265 1871 395 1944 quamvis
417 1868 510 1924 bonos
529 1868 731 1922 immanissima
750 1869 889 1942 principis
909 1867 987 1940 jussa

203 1975 258 2033 pro
281 1959 405 2012 cruminis
428 1957 551 2011 oraculis
574 1956 689 2028 exsequi
703 1957 796 2029 cogit,
813 1957 894 2028 quasi
915 1955 987 2010 nihil

205 2045 325 2101 arbitrio
344 2063 396 2100 suo
410 2045 542 2099 relictum
556 2043 592 2098 sit
612 2060 619 2100 ι
636 2044 733 2116 itaque
754 2060 913 2098 asseverare
926 2061 987 2097 non

204 2132 338 2188 auderem
351 2132 522 2186 calumniam
531 2149 589 2186 csse
598 2131 735 2205 Procopii
743 2131 883 2186 narrantis
892 2131 987 2186 Theo-

205 2220 350 2276 dahabum
364 2237 381 2274 a
395 2219 479 2273 Petro
496 2216 533 2272 ad
547 2218 754 2273 amalasunthae
767 2237 867 2274 necem
882 2220 987 2274 incita·

205 2319 332 2362 tumesse
348 2306 491 2380 (Procop.
508 2304 617 2359 Anccd.
636 2305 681 2374 16,
692 2324 723 2379 p.
742 2304 795 2379 47)
813 2323 820 2363 ι
834 2309 887 2361 uisi
901 2323 987 2362 causa

205 2413 291 2468 quarn
306 2394 388 2450 allert
399 2412 451 2448 cur
462 2393 613 2448 Theodora
625 2395 741 2448 exitium
754 2395 876 2450 infelicis'
884 2395 987 2469 reginae

203 2484 369 2538 machinata
388 2490 459 2536 esset
481 2492 538 2535 tam
553 2498 655 2554 parum
679 2480 822 2537 credibilis
845 2482 934 2552 foret,
955 2493 989 2538 ut

204 2572 260 2626 hoc
273 2587 390 2643 quoque
400 2571 508 2624 crimen
515 2568 673 2623 maledictis
686 2587 794 2624 vesauae
804 2571 987 2645 impudentiae

206 2660 350 2714 accenseri
363 2675 446 2733 posse
461 2655 615 2712 confidam.

250 2747 365 2802 «Petro
385 2745 510 2800 Patricio
528 2744 629 2800 Suidas
642 2741 756 2822 ἱστορίας
768 2745 897 2801 tribuit·
889 2789 896 2803 .
912 2747 988 2802 uude

205 2837 299 2910 petitae
322 2835 426 2908 cclogae
449 2834 480 2886 in
499 2842 624 2905 utroque
645 2834 727 2887 titulo
744 2833 779 2888 de
798 2833 989 2906 legationibus

208 2933 333 2991 exstant,
349 2939 471 2994 quarum
484 2921 578 2995 prima
594 2919 630 2974 ad
644 2921 795 2994 imperium
810 2921 929 2990 Tiberii,
944 2922 989 2976 ul-

152 3004 156 3010 ’
210 3013 278 3065 tima
291 3010 327 3066 ad
339 3027 383 3064 res
396 3027 414 3064 a
426 3010 540 3064 Juliano
555 3008 648 3064 adhuc
661 3010 767 3065 Caesare
788 3009 840 3064 sub
855 3011 989 3084 auspiciis

208 3099 366 3158 Constantii
386 3098 416 3152 in
429 3097 520 3154 Gallia
537 3107 628 3170 gestas
642 3098 776 3171 pertinet.
793 3098 901 3168 Quodsi
915 3099 990 3153 ulte-

208 3187 267 3242 rius
283 3203 449 3261 progressus
462 3196 549 3254 esset,
567 3185 591 3239 is
604 3186 654 3257 qui
666 3187 779 3260 eclogas
796 3185 920 3241 coniecit
931 3204 990 3240 uon

207 3275 298 3348 magis
320 3274 349 3327 in
369 3275 454 3328 Petro
468 3289 555 3347 qnam
577 3272 607 3328 in
626 3273 727 3327 ceteris
747 3273 876 3328 ultimam
896 3276 990 3349 operis

208 3372 319 3437 partem
333 3361 519 3435 neglexisset:
535 3361 632 3433 itaque
646 3378 711 3414 eum
724 3357 811 3415 finem
824 3361 989 3418 secisseubi

208 3448 354 3522 Eunapius
362 3465 407 3502 res
418 3447 501 3521 plene
511 3464 626 3502 narrare
637 3445 793 3521 incipiebat
803 3465 863 3501 nou
875 3445 987 3502 dtibito.

208 3539 313 3592 Verum
326 3535 356 3588 in
371 3551 429 3606 quo
445 3543 573 3607 tempore
585 3534 710 3589 historiae
722 3552 778 3588 suae
791 3535 903 3590 initium
918 3553 991 3590 con-

209 3623 347 3689 stituerit,
360 3638 394 3676 ea
406 3621 523 3694 quaestio
536 3639 595 3676 non
609 3639 689 3694 aeque
703 3631 779 3678 certe
793 3621 922 3696 expediri
936 3641 992 3696 po·

210 3720 264 3765 test
277 3729 284 3764 :
300 3727 399 3782 regum
413 3719 506 3762 tamen
517 3708 658 3782 liberique
672 3711 773 3784 populi
784 3711 908 3766 Romani
920 3723 993 3766 tem-

209 3814 282 3872 pora
307 3807 440 3852 tractasse
464 3813 524 3852 non
548 3797 733 3868 crediderim
761 3815 850 3871 quum
872 3810 992 3875 propter

210 3887 374 3961 eclogarum
384 3883 620 3940 exuuiversohoc
629 3895 758 3960 tempore
768 3886 921 3957 deiectum,
931 3900 993 3943 tum

210 3976 278 4046 quia
290 3992 349 4028 non
357 3973 442 4027 video
455 3972 526 4044 quid
535 3973 681 4030 hominem
692 3976 878 4048 Byzantiuum
890 3977 993 4051 impel-

210 4063 268 4117 lere
280 4062 408 4136 potucrit
423 4060 460 4116 ad
476 4061 628 4118 scribenda
644 4082 725 4136 quae,
740 4065 904 4138 utquisque
920 4084 992 4139 pro-

211 4151 293 4204 lixius
303 4160 352 4204 aut
360 4148 475 4203 brevius
484 4161 599 4204 narrata
611 4163 760 4224 quaereret,
768 4153 855 4226 vulgo
864 4153 994 4209 invenie-

850 327 962 392 rurut
983 327 1155 390 ιιιιιιιι
1236 301 1242 314 ’

1025 473 1164 538 qnantum
1185 463 1278 540 spatia
1298 461 1393 519 metiri
1413 462 1496 532 licet,
1520 480 1578 518 uon
1594 464 1704 520 inultum
1717 468 1778 524 inira

1025 552 1239 607 Constantinum
1251 552 1291 606 hl.
1306 551 1500 621 descenderit,
1516 569 1574 606 uon
1589 555 1722 609 temeraria
1733 555 1778 610 ha-

1025 641 1177 698 riolatione
1192 639 1262 694 mibi
1274 640 1401 713 persuasi
1415 657 1480 694 eum
1494 657 1552 693 non
1566 639 1698 694 diversum
1708 659 1723 694 ιι
1734 643 1778 697 Pe-

1026 738 1071 782 tro
1092 745 1151 783 esse
1172 747 1179 782 ι
1203 726 1348 800 adquam
1372 725 1540 782 firmandam
1562 727 1682 783 nonnihil
1706 746 1778 784 acce·

1027 814 1123 882 deret,
1138 815 1161 868 si
1179 814 1358 888 exploratum
1375 823 1447 868 esset
1468 814 1665 887 imperatorum
1683 817 1781 870 nomina
1880 853 1881 874 ,

1027 903 1132 975 quibus
1155 902 1210 956 ista
1232 901 1310 976 apud
1333 902 1440 956 Maium
1460 917 1514 974 pro
1544 901 1677 954 lemmatis
1699 899 1782 954 distin-

1026 1000 1152 1064 guuntur
1174 991 1205 1044 in
1219 989 1320 1044 codice
1340 990 1380 1044 sic
1401 989 1495 1062 posita
1517 1005 1575 1042 esse
1596 1005 1603 1041 ι
1624 1005 1685 1042 narn
1701 988 1783 1042 eadem

1027 1081 1138 1135 ratione
1151 1079 1350 1153 grammaticus
1372 1078 1419 1132 ille
1433 1077 1483 1150 qui
1504 1076 1539 1132 de
1552 1078 1658 1148 syntaxi
1673 1079 1783 1151 scripsit,

1027 1169 1102 1223 Petri
1117 1185 1190 1242 opus
1201 1168 1231 1222 in
1240 1177 1335 1242 partes
1346 1166 1512 1221 distinctum
1524 1165 1628 1220 invenit
1641 1183 1648 1218 :
1661 1175 1784 1220 certenou

1028 1257 1167 1312 librorum
1187 1257 1329 1324 numeris,
1351 1271 1441 1329 quos,
1464 1263 1497 1308 ut
1512 1269 1623 1328 semper
1640 1251 1719 1321 alias,
1738 1271 1786 1326 po-

1028 1345 1138 1399 suisset.

1072 1455 1083 1480 ι
1096 1433 1235 1488 Praeterea
1246 1430 1322 1487 idem
1333 1427 1435 1486 Suidas
1444 1431 1529 1485 Petro
1544 1445 1616 1502 opus
1627 1423 1689 1504 Περὶ
1701 1424 1786 1481 colin-

1029 1521 1076 1588 αῆς
1095 1515 1279 1583 καταπόσεως
1300 1518 1438 1574 adscribit
1458 1535 1464 1571 :
1483 1514 1563 1589 quod
1581 1515 1621 1568 ill.
1640 1513 1785 1569 Maiusillos

1029 1608 1164 1680 anonymi
1187 1608 1334 1682 scriptoris
1355 1607 1436 1662 dere
1461 1604 1580 1680 publica
1601 1601 1721 1674 dialogos
1739 1617 1788 1654 esse

1030 1696 1146 1767 conjicit
1163 1713 1287 1769 quonam
1306 1695 1426 1750 Photius
1446 1691 1512 1748 cod.
1539 1692 1575 1762 37
1595 1689 1728 1756 meminit,
1742 1689 1790 1760 ipse

1029 1793 1124 1838 autem
1137 1784 1346 1858 epalimpsesto
1359 1782 1497 1838 Vaticano
1519 1780 1615 1853 ampla
1628 1777 1712 1832 edidit
1723 1775 1791 1847 lrag-

1029 1881 1123 1925 menta
1136 1866 1201 1948 Περὶ
1212 1869 1345 1937 πολιτιαης
1357 1857 1522 1942 incomptae
1513 1868 1661 1941 inscripta.
1672 1862 1793 1937 Equidem

1030 1959 1223 2033 inscriptionis
1233 1959 1425 2015 diversitatem
1437 1959 1570 2012 omittam
1579 1971 1688 2026 neque
1696 1950 1792 2026 negabo

1030 2047 1114 2102 Petro
1128 2048 1241 2121 placere
1251 2048 1377 2121 potuisse
1390 2056 1423 2101 ut
1435 2045 1524 2100 libros
1539 2045 1602 2098 sine
1615 2042 1724 2096 nomine
1736 2037 1794 2092 edc-

1029 2145 1074 2189 ret
1095 2153 1102 2189 :
1128 2145 1252 2190 attamen
1272 2137 1320 2190 vix
1339 2133 1477 2190 credibile
1499 2131 1617 2188 videtur
1638 2147 1696 2184 rem
1715 2125 1795 2182 Suide

1031 2234 1207 2297 compertam
1221 2223 1309 2277 docto
1332 2223 1505 2295 curiosoque
1528 2220 1635 2275 Photio
1655 2233 1710 2271 non
1722 2215 1795 2269 inno-

1031 2311 1130 2378 tuisse3
1145 2321 1194 2364 aut
1206 2320 1321 2378 contra,
1338 2308 1454 2365 Suidam
1465 2309 1581 2362 silentio
1594 2305 1728 2361 transiisse
1739 2299 1797 2355 illud

1032 2416 1105 2482 opus
1118 2417 1177 2471 quo
1188 2399 1287 2452 Petrus
1298 2397 1401 2472 Lydo
1392 2397 1399 2444 l
1410 2415 1439 2450 v.
1456 2396 1565 2451 testim.
1582 2390 1691 2469 tlteste
1705 2389 1736 2444 de
1747 2405 1798 2442 rna

1031 2487 1146 2559 gisterio
1167 2484 1329 2546 officiorum
1344 2485 1500 2559 exposuit:
1517 2501 1610 2554 quum
1629 2480 1658 2535 id
1673 2489 1758 2532 tamen
1774 2477 1798 2528 in

1030 2575 1179 2628 hominum
1192 2573 1323 2627 manibus
1337 2583 1498 2626 versaretur
1512 2570 1628 2626 decimo
1640 2565 1746 2622 saeculo.
1758 2565 1799 2618 Et-

1031 2663 1106 2718 enim
1124 2661 1272 2716 manifesto
1292 2658 1378 2731 hujus
1398 2670 1493 2734 partes
1514 2669 1584 2714 sunt
1603 2669 1801 2730 quaecumquee

1031 2751 1116 2806 Petro
1139 2752 1274 2824 magistro
1288 2759 1400 2803 exstant
1416 2749 1521 2802 inserta
1537 2742 1726 2802 caeremoniali
1736 2741 1801 2796 Con-

1031 2839 1147 2891 stantini
1164 2835 1433 2911 porphyrogeniti.
1451 2834 1561 2888 habent
1576 2843 1670 2888 autem
1686 2847 1746 2884 eum
1758 2843 1802 2879 au-

1033 2935 1142 2980 ctorem
1162 2943 1221 2979 nou
1237 2925 1330 2979 solum
1354 2923 1450 2997 capita
1469 2941 1560 2996 prrmr
1582 2919 1650 2976 libri
1668 2917 1701 2982 st,
1718 2925 1746 2971 et
1758 2910 1803 2979 85,

1033 3012 1174 3086 quibus'
1151 3031 1210 3085 eJus
1225 3030 1330 3071 nomen
1349 3009 1498 3086 praefixum
1516 3009 1624 3065 diserte
1641 3007 1748 3080 legitur,
1762 3019 1805 3056 re-

1032 3119 1096 3155 rum
1111 3102 1196 3156 etiam
1207 3099 1306 3156 decem
1318 3117 1381 3173 quae
1394 3100 1532 3154 continuo
1545 3105 1714 3170 sequuntur,
1727 3105 1806 3161 usque

1034 3188 1070 3244 ad
1084 3186 1132 3264 95
1143 3188 1194 3244 ubi
1205 3207 1336 3263 saepe,v
1351 3207 1395 3262 gr.
1411 3185 1459 3243 86.
1479 3185 1528 3256 87.
1541 3183 1600 3259 95,
1612 3183 1649 3240 de
1662 3179 1805 3237 Justimanc

1034 3287 1169 3350 tanquam
1178 3277 1337 3352 imperante
1344 3293 1433 3348 quum
1443 3275 1498 3328 ista
1508 3271 1715 3336 scriberentur,
1726 3281 1807 3321 semro

1034 3376 1085 3420 est.
1102 3366 1192 3420 Petita
1205 3375 1301 3420 autem
1317 3380 1376 3419 esse
1389 3363 1449 3417 haec
1464 3362 1564 3416 omnia
1581 3378 1597 3415 e
1613 3358 1689 3414 libro
1706 3355 1739 3411 de
1752 3349 1808 3408 otti-

1035 3454 1080 3508 cio
1092 3453 1219 3526 magistri
1231 3453 1298 3507 satis
1309 3451 1376 3506 inde
1388 3450 1533 3524 colligitur
1544 3446 1628 3522 quod
1639 3455 1737 3501 auctor
1746 3459 1809 3515 pre-

1036 3541 1120 3614 cipue
1132 3539 1161 3596 id
1180 3539 1253 3614 agit,
1266 3548 1300 3594 ut
1317 3537 1420 3593 doceat
1435 3555 1497 3611 quae
1510 3545 1612 3611 partes
1625 3531 1750 3607 magistri
1764 3528 1811 3582 sint

1034 3629 1064 3684 in
1088 3627 1175 3683 rebus
1190 3645 1261 3700 quas
1278 3637 1398 3695 tractat3
1423 3627 1688 3698 magistrorumque
1707 3617 1812 3673 nomina

1034 3717 1131 3790 ponit,
1147 3715 1198 3788 qui
1219 3715 1250 3770 in
1264 3731 1298 3770 ea
1323 3715 1461 3788 dignitate
1478 3712 1589 3766 luerint
1602 3713 1672 3783 'quo
1696 3717 1826 3779 tempore.

1035 3805 1160 3872 Leones,
1175 3821 1245 3858 avus
1259 3813 1288 3858 et
1300 3819 1408 3876 nepos,
1422 3800 1648 3872 Anastasiusque
1659 3804 1686 3851 et
1699 3793 1813 3851 lustinus

1035 3892 1186 3966 imperium
1198 3900 1392 3965 susceperunt.

1080 4001 1092 4028 ι
1106 3979 1209 4034 Utrum
1222 3979 1321 4034 hocin
1335 3976 1480 4031 volumine
1489 3991 1525 4030 au
1536 3973 1611 4028 alibi
1626 3973 1726 4027 Petrus
1734 3984 1815 4040 expo·

1036 4067 1124 4122 suerit
1137 4085 1200 4138 qnae
1214 4085 1280 4122 cum
1293 4065 1420 4121 Chosroe
1434 4061 1469 4122 de
1484 4079 1557 4136 pace
1570 4055 1770 4134 componenda
1777 4055 1816 4107 lo-

1037 4163 1119 4208 cums
1132 4164 1202 4209 esset
1223 4151 1275 4226 (V.
1289 4149 1423 4208 Menand.
1445 4149 1551 4223 han),
1574 4167 1632 4223 pro
1647 4148 1816 4217 incomperta

210 4238 326 4292 bantur.
335 4237 400 4292 Non
412 4246 530 4292 tamena
541 4238 656 4294 Tiberio
667 4240 816 4314 incepisse,
824 4271 865 4282 -
875 4240 905 4295 id
915 4241 994 4314 quod
1038 4241 1179 4313 relinquo.
1191 4240 1335 4296 Sermonis
1349 4239 1537 4294 ursticitatem
1551 4237 1630 4291 ineo
1645 4227 1818 4307 reprehendit

211 4339 310 4399 perse
330 4324 408 4378 omui
428 4335 537 4401 careret
554 4327 735 4400 probilitate,
751 4357 790 4371 -
803 4328 853 4384 sed
872 4327 934 4399 jam
959 4315 994 4384 de
1037 4327 1202 4394 Menander,
1212 4345 1298 4400 quam
1306 4343 1335 4382 se
1342 4325 1437 4380 verbis
1447 4325 1548 4381 Atticis
1558 4321 1647 4400 [non]
1660 4315 1819 4376 mutasseait

212 4416 340 4486 Augusto
365 4412 615 4514 triumviratusquc
637 4423 766 4490 tempore
790 4417 893 4491 egisse,
920 4435 993 4491 pro·
1038 4434 1126 4489 quum
1135 4415 1279 4488 colloquia
1287 4410 1660 4485 istareibrret:justamque
1668 4419 1820 4478 esserepre·

212 4501 283 4555 bant
303 4501 461 4574 fragmenta
485 4519 548 4574 quae
570 4503 600 4556 iu
627 4502 724 4558 libello
747 4504 931 4578 Seguieriauo
951 4507 995 4559 De
1037 4501 1492 4560 hensioncmeisacilecredimus:
1500 4495 1820 4573 namtneapttutisquae

213 4589 325 4660 syntaxi
334 4587 488 4660 invemlft
501 4587 543 4664 1).
555 4590 779 4646 Exhrsalterum
787 4593 863 4666 apud
871 4592 994 4648 Dionem
1038 4593 1263 4647 incaeremouiali
1277 4599 1388 4645 exstant
1397 4590 1524 4663 graecitas
1534 4587 1576 4642 ad
1588 4579 1821 4642 barbariemvul-

214 4675 340 4734 Cassium
348 4674 448 4730 usdem
456 4693 549 4750 prope
558 4677 653 4731 verbis
660 4677 775 4752 legitur,
789 4679 868 4752 quod
880 4679 916 4734 de
928 4679 964 4734 ir.
977 4678 994 4735 5
1038 4695 1193 4753 garemque
1204 4695 1364 4733 sennonem
1373 4676 1523 4732 manifesto
1537 4665 1823 4743 inclinsn,·imoja1n

215 4763 376 4818 observavit
385 4763 510 4818 Valesius
524 4761 658 4838 [addcir.
670 4765 794 4842 aet7]:
805 4767 881 4822 unde
896 4767 995 4838 couje-
1040 4769 1069 4820 in
1088 4767 1163 4821 hunc
1186 4783 1339 4836 conversa,
1356 4766 1544 4839 conspicitur;
1559 4781 1661 4836 neque
1675 4761 1777 4832 eclogae
1794 4770 1824 4807 ex

215 4863 297 4908 ctura
308 4861 386 4906 certa
398 4853 490 4907 oritur
500 4849 618 4908 Petrum
628 4854 700 4910 nihil
711 4856 788 4911 aliud
798 4875 885 4930 quam
895 4858 996 4913 Diouis
1038 4855 1157 4909 historia
1171 4853 1229 4908 ab'
1222 4864 1275 4909 ista
1287 4853 1373 4908 labe'
1365 4869 1505 4908 immunes
1516 4861 1596 4907 sunt.
1613 4853 1671 4919 At,
1690 4861 1778 4922 quare
1791 4840 1824 4896 li·

214 4939 388 4995 breriarium
400 4939 554 4995 coniecisse
565 4952 703 5014 quatenus
712 4935 796 5015 hujus
809 4945 928 5000 historia
940 4961 996 5018 pa·
1039 4942 1098 4998 bris
1107 4937 1175 5020 Περὶ
1183 4937 1639 5014 acheruntinis-elpneinluminis
1649 4955 1716 4992 oras
1723 4930 1827 4991 redum

217 5039 297 5082 teret.
312 5029 376 5082 Jam
389 5045 458 5082 vero
477 5023 566 5102 quum
586 5032 769 5087 continuator
782 5033 899 5101 Dionis,
916 5031 997 5103 cujus
1040 5031 1145 5098 hlaius,
1160 5047 1269 5112 summa
1282 5029 1437 5104 elegantia,
1455 5039 1576 5104 etpaenc
1591 5029 1765 5081 intemerato
1779 5021 1826 5076 at-

216 5116 328 5189 cclogas
342 5116 382 5170 ill.
402 5117 514 5172 Maius
506 5137 536 5173 ιιι
555 5119 638 5174 titulo
660 5121 695 5177 de
709 5123 853 5178 sententiis
870 5121 993 5191 invenit,
1040 5119 1099 5174 trco
1109 5137 1238 5176 sermone
1250 5119 1357 5194 scripta
1368 5127 1444 5174 sunt
1457 5119 1553 5190 Quum
1566 5126 1670 5171 autem
1683 5115 1780 5170 Petrus
1790 5125 1828 5162 ⁵11¹
