3766 5726
770 372 949 436 CRITONIS
967 372 1213 435 FRAGMENTA.
1712 381 1768 432 333

169 533 201 588 p.
221 513 290 588 369,
310 512 343 582 33
366 511 515 568 Bendtsen.
536 511 678 566 Samothr.
700 512 730 564 in
754 511 875 565 lliinteri
901 511 951 564 hli-
997 507 1189 580 argyranchen
1200 525 1267 564 esse.
1281 511 1437 580 Ipseetium
1448 507 1651 575 Dernostheues‚
1665 522 1694 563 ut
1702 511 1775 564 ulem

169 603 247 656 scell.
267 600 352 656 Haln.
370 611 439 654 tom.
456 601 485 666 l,
503 597 568 655 fasc.
587 617 619 668 2,
633 618 664 672 p.
679 598 728 672 96.
742 597 782 653 Cf.
797 599 908 652 Servius
923 598 950 650 in
997 595 1135 650 Critolaus
1151 591 1248 662 refert,
1267 613 1321 650 non
1346 594 1376 648 id
1393 607 1492 668 posteo
1514 598 1667 650 concelorit
1687 603 1775 670 :quin

170 691 235 746 AEn.
249 690 288 756 11,
305 685 360 744 325
381 707 387 740 τ
406 690 480 742 Nom
497 698 526 740 et
535 686 731 741 Samothraces
746 685 841 738 horum
856 687 949 738 Pena·
996 684 1096 756 gloriae
1109 701 1213 755 quoque
1227 682 1279 736 hoc
1291 684 1346 736 sihi
1363 689 1522 754 assignavit.
1539 685 1613 738 Nom
1627 703 1709 757 quum
1731 690 1775 739 in·

170 782 240 830 tium
254 781 393 830 antistites
409 795 472 830 suos
488 775 568 850 (Saos
581 793 603 828 s.
619 775 701 830 Saios
720 784 796 828 recte
807 791 882 828 corr.
896 775 950 826 Lo·
997 771 1376 843 terrogossetAristodemum,
1385 767 1680 840 actoremsahulnrum.
1690 789 1776 844 ροισι-

169 864 252 921 bech.
270 864 410 936 Aglaoph.
437 881 468 936 p.
498 861 587 938 ¹²9²)
611 863 762 928 evocabant,
783 865 832 934 qui
850 872 950 933 postea
998 869 1053 910 tum
1062 859 1201 925 mercedis,
1216 863 1256 912 uti
1265 865 1537 932 agereaoccepisset,
1552 871 1579 913 et
1590 861 1777 914 Aristodemus

169 970 190 1004 a
204 951 414 1005 hontonisSolii
426 952 563 1024 uppelhzti
576 962 648 1008 sunt.
661 981 699 992 -
714 950 878 1022 ubicumque
892 967 952 1002 mo·
997 946 1130 998 talentum
1141 947 1328 1018 respondisset
1341 949 1397 1000 :At
1411 965 1463 1018 ego
1467 949 1543 1020 Iulus,
1556 952 1652 1019 nequit,
1666 953 1771 1020 accepi,

169 1036 255 1113 nent]
272 1039 440 1092 illustratum
452 1055 468 1091 a
481 1037 595 1110 Cupero
612 1037 729 1094 Observ.
752 1038 801 1104 lv,
817 1055 832 1090 a
848 1047 873 1091 et
892 1038 951 1091 Da·
997 1044 1027 1086 ut
1037 1045 1165 1090 tacerem.
1182 1033 1385 1107 Philosophica
1401 1035 1531 1106 quadam
1543 1053 1578 1089 ex
1589 1035 1721 1090 Critolao⁴
1732 1035 1776 1088 al-

170 1125 237 1182 eier.
254 1144 289 1180 ex
303 1126 384 1180 titulo
398 1125 572 1199 ap.Gruter.
586 1123 697 1198 prbi,
711 1125 798 1180 Orell.
812 1127 846 1182 N.
859 1130 948 1192 eall,
999 1119 1052 1174 lert
1069 1121 1175 1176 Gellius
1197 1121 1254 1188 lx,
1283 1118 1316 1188 5,
1335 1121 1364 1177 6.
1383 1122 1540 1176 Critolaum
1563 1123 1777 1195 grammaticum

170 1214 221 1284 qui
245 1218 401 1268 mansiones
419 1215 559 1268 Saliorum
582 1215 776 1267 Palatinorum
789 1213 952 1266 aucterrbus
998 1208 1138 1279 quendam
1146 1207 1324 1264 laudatauct.
1334 1210 1428 1280 Etym.
1437 1211 1465 1263 bl
1470 1228 1515 1282 .p.
1525 1209 1592 1277 hul),
1602 1211 1638 1264 25
1647 1199 1698 1277 ul
1709 1207 1730 1263 δ’
1739 1203 1776 1270 ὅς.

169 1301 206 1354 oh
214 1320 353 1355 armorum
365 1303 497 1354 ancilium
514 1302 668 1354 custodiam
678 1305 838 1355 constitutus
847 1319 952 1356 memo·
998 1295 1076 1350 Alios
1089 1295 1229 1351 Critolaos
1240 1307 1335 1350 taceo.

169 1398 226 1442 rat.
242 1413 253 1436 ι
271 1390 403 1442 Miluus.

215 1477 298 1530 Hune
309 1475 466 1530 Critolaum
479 1473 600 1530 eundem
611 1493 668 1530 esse
678 1487 750 1550 puto
765 1493 830 1530 cum
842 1475 951 1529 Plutar-
1307 1503 1469 1526 -ομ-

170 1562 254 1616 cbeo.
264 1565 307 1618 De
323 1562 499 1636 temporibus
513 1559 572 1632 ejus
587 1572 746 1629 constaret,
762 1563 783 1616 si
798 1561 953 1634 intelligen·
1663 1621 1666 1630 Δ

170 1649 225 1704 dus
239 1649 312 1706 foret
326 1651 465 1706 Critolaus
479 1650 619 1704 Phaselim
638 1649 725 1726 (Plut.
737 1651 812 1706 Mor.
834 1668 864 1724 p.
881 1647 949 1717 506,
1131 1681 1335 1769 CRITON
1366 1683 1620 1771 PIERIOTA

175 1739 228 1812 B),
240 1742 441 1815 peripateticus
448 1781 457 1810 ,
475 1741 615 1795 Aristonis
627 1741 675 1795 Cei
685 1741 715 1793 in
727 1739 824 1794 schola
840 1758 950 1795 succes·
1302 1739 1314 1766 ²
1466 1763 1467 1766 ¹
1630 1752 1637 1769 ·

170 1847 219 1881 sor
236 1829 309 1901 (Cic.
322 1829 385 1884 Fin.
400 1831 434 1897 V,
453 1827 485 1895 53
499 1828 625 1883 Clemens
633 1827 737 1884 Strom.
749 1829 774 1896 l,
786 1847 817 1902 p.
836 1827 904 1901 301,
914 1829 950 1896 B;

170 1915 357 1987 Quinctilll,
372 1914 418 1983 15,
438 1913 610 1988 17)‚quian.
624 1914 678 1972 155
694 1931 720 1972 a.
736 1914 805 1972 Chr.
818 1915 951 1988 jampro·
1038 1911 1138 1966 Suidas
1155 1931 1161 1966 :
1177 1910 1331 1988 [Κρίτων
1346 1909 1445 1990 ἔγραψε
1465 1911 1575 1982 Ιέτικαί,
1589 1915 1633 1968 vel
1644 1926 1675 1969 ut
1686 1915 1773 1971 codd.

169 2014 269 2058 vectus
287 2013 442 2058 aetatecum
455 2005 583 2078 Diogene
601 2015 629 2058 et
651 2001 796 2061 Carneade
813 2003 952 2058 celebrem
1000 1999 1031 2056 B.
1052 2001 1095 2054 E:
1114 2000 1164 2072 llp.
1182 1996 1294 2077 ίγραψιν
1305 2001 1330 2056 ἐν
1344 1999 1398 2065 τοῖς
1409 1999 1554 2076 {tumul

171 2091 252 2144 istam
263 2091 300 2145 ad
310 2093 455 2146 Romanos
467 2092 637 2164 legationem
646 2091 718 2145 obiit
728 2090 800 2164 (Cic.
825 2092 868 2146 De
878 2101 950 2144 orat.
1042 2084 1168 2163 Κρίτων
1183 2085 1377 2163 Πιεριώτης·
1395 2087 1469 2152 πόλις
1483 2086 1510 2144 δὲ
1529 2087 1696 2154 Μακεδονίας
1710 2089 1780 2148 ἐστίν

171 2177 273 2248 11,37;
295 2179 347 2252 Ep.
362 2178 471 2234 adAtt.
486 2177 748 2246 X11,23;Tuscul.
765 2179 814 2245 IV,
832 2176 859 2232 3.
877 2177 946 2232 Plin.
1000 2175 1017 2242 ἡ
1050 2173 1154 2252 Πιερία·
1170 2173 1308 2252 ἱστορικός.
1331 2170 1450 2253 Ἔγραψα
1466 2176 1656 2246 Παλληνιακαῒ,
1689 2179 1778 2254 Συρα·

125 2317 130 2328 ,
173 2267 210 2320 Η.
230 2266 402 2332 N.vlt‚30.
431 2265 575 2320 Plutarch.
591 2265 652 2323 Cat.
674 2286 710 2320 m.
726 2285 751 2322 c.
769 2285 816 2322 aa.
842 2265 948 2320 Gellius
1000 2260 1779 2339 κουσῶνκιίσιν,[1ερσικαί,Σικιλικκοί,Συρακουσῶνπε-

170 2354 234 2419 Vll,
257 2352 350 2421 rl‚8;
373 2354 536 2422 xvl1,21,
561 2352 608 2417 48.
628 2353 755 2411 Macrob.
776 2354 835 2408 Sat.
860 2354 892 2422 1,
922 2351 950 2407 5.
1001 2339 1136 2430 ριήγςσιί,
1148 2349 1193 2408 καί
1206 2350 1271 2428 Περί
1282 2355 1327 2420 τῆς
1342 2353 1488 2428 ἀρχῆςτῶν
1503 2350 1677 2415 Μακεδόνων,

173 2439 275 2496 AElian.
288 2442 320 2496 V.
337 2441 374 2494 Η.
393 2441 454 2506 111,
482 2438 545 2513 17),
567 2458 711 2513 quemque
731 2459 784 2513 per
799 2440 835 2494 82
865 2457 954 2494 annos
1042 2437 1168 2516 Κρίτων
1184 2434 1619 2520 Νάξιος,ἱστορικός.Ἐγραψιν
1631 2439 1781 2515 Ὀκταετη-

171 2529 274 2582 vixisse
286 2527 372 2582 relert
386 2527 528 2582 Lucianus
543 2529 573 2581 in
587 2529 718 2584 Macrob.
734 2547 758 2585 c.
779 2547 827 2584 κν.
843 2532 878 2582 At
892 2547 954 2600 qua
1001 2523 1069 2603 ρίδα·
1082 2525 1115 2595 ἣν
1128 2524 1238 2592 Εὐδόξου
1250 2523 1337 2604 φασίν.

173 2615 344 2670 Plutarchus
365 2633 400 2670 ex
421 2612 549 2669 Critolao
568 2614 652 2669 refert
668 2633 684 2670 a
702 2615 876 2689 philosopho
899 2617 954 2670 isto
1039 2616 1108 2687 Qua
1122 2618 1202 2670 uncis
1212 2617 1311 2670 inchrsi
1327 2617 1483 2670 omiserant
1497 2615 1582 2672 codd.
1599 2620 1663 2672 Aet
1678 2623 1717 2692 V3
1731 2623 1782 2676 sci·

172 2705 245 2758 scito
266 2713 294 2758 et
313 2713 400 2758 terete
416 2700 503 2775 (Geli.
527 2703 548 2758 l.
566 2699 589 2777 l)
605 2720 720 2775 prorsus
733 2702 825 2756 aliena
841 2719 899 2756 esse
913 2703 954 2756 νί-
1000 2705 1066 2760 lieet
1079 2705 1134 2758 hue
1148 2705 1282 2758 translata
1299 2715 1364 2758 sunt
1378 2721 1411 2758 ex
1432 2723 1460 2761 ν.
1478 2701 1555 2760 Γεσοί
1572 2706 1614 2776 (ν.
1633 2707 1668 2762 fr.
1690 2727 1699 2760 ι
1717 2705 1733 2778 J.
1750 2709 1782 2762 ln

173 2791 285 2845 dentur.
294 2792 352 2846 Nec
364 2790 478 2844 aliunde
488 2790 578 2863 liquet
585 2790 751 2845 historicum
762 2807 862 2863 opusa
878 2791 954 2864 peri·
1001 2809 1080 2864 seqq.
1098 2790 1274 2860 Παλληνιακιί
1292 2791 1357 2848 σοιλ.
1373 2797 1421 2860 Α.,
1435 2792 1569 2864 idemque
1586 2793 1692 2849 deinde
1703 2795 1781 2852 Σικι·

174 2879 299 2952 patetico
307 2878 498 2952 compositum
509 2895 586 2946 esse,
602 2879 730 2950 quamvis
749 2878 872 2933 eitentur
885 2895 955 2932 non·
1000 2875 1097 2946 λιακαίς
1122 2881 1207 2954 vulgo
1233 2876 1388 2948 Παλληνικό
1404 2890 1433 2934 et
1455 2878 1592 2938 Σικελικά.
1616 2879 1687 2939 Cod.
1708 2887 1732 2938 V
1754 2897 1783 2939 et

177 2967 258 3022 nulla
269 2985 332 3038 qnae
349 2966 384 3021 ad
395 2966 541 3020 historiam
550 2967 721 3040 pertineant.
735 2966 880 3022 Plutarch.
892 2966 952 3020 Mo·
1002 2966 1127 3022 Eudocia
1140 2987 1171 3040 p.
1188 2969 1244 3036 267
1267 2967 1378 3020 titulum
1394 2961 1520 3024 Σικελικὰ
1531 2969 1694 3025 omiserunt.
1711 2973 1783 3026 For·

174 3056 225 3114 tal.
240 3075 269 3131 p.
282 3053 348 3126 811,
359 3053 381 3113 C
392 3051 437 3130 (p.
448 3071 506 3128 990
515 3055 619 3127 Didot)
630 3072 637 3110 ε
647 3047 754 3128 Ἕτερον
764 3049 791 3108 δὲ
804 3048 956 3128 σεμνότερον
1003 3067 1073 3110 tasse
1079 3074 1135 3110 vox
1144 3051 1287 3112 Σικελιακὰ
1298 3055 1425 3109 nihilnisi
1433 3056 1566 3128 repetitio
1577 3069 1711 3132 corrupta
1722 3077 1782 3114 ma·

175 3139 273 3199 οἴονται
284 3140 329 3199 καί
339 3137 613 3218 μεγαλοπρεπέστερον
620 3129 722 3197 εἶναιτὸ
732 3141 777 3196 τοῦ
787 3136 955 3215 Περικλέους,
1003 3144 1064 3198 leve
1073 3153 1181 3197 mmata
1191 3153 1233 3196 est
1251 3142 1324 3195 tituli
1348 3141 1535 3211 Παλληνιακοί,
1555 3145 1635 3198 sicuti
1648 3147 1684 3200 ad
1694 3165 1781 3201 unum

175 3220 212 3288 ihr
225 3228 270 3286 καὶ
283 3227 427 3306 Κριτόλαός
438 3229 506 3286 ἐστιν
517 3225 752 3305 ὑπεριπατητικὸς,
764 3224 853 3300 ἀξιῶν,
863 3223 955 3304 ὥσπερ
994 3219 1135 3303 ¹idemque
1145 3248 1217 3304 opus
1226 3231 1369 3303 pertinent
1380 3232 1428 3302 qui
1437 3243 1594 3302 sequuntur
1606 3233 1680 3286 tituli
1691 3233 1782 3310 Συρα-

176 3313 368 3390 ἡΣαλαμινία
383 3319 445 3379 ναῦς
460 3312 582 3386 Ἀθήνησι
603 3314 648 3372 καί
669 3313 826 3391 ἡΠόραλος
840 3314 887 3370 οὐκ
912 3312 957 3369 ἐπὶ
1002 3317 1101 3373 κουσιῗιν
1135 3313 1216 3378 κτίσις
1242 3327 1271 3371 et
1303 3315 1479 3390 Συρακουσῶν
1508 3315 1673 3394 περιήγησις.
1707 3323 1779 3377 Hinc

176 3411 229 3462 πᾶν
243 3401 327 3482 ἔργον,
341 3403 399 3458 ἀλλ’
414 3399 458 3458 ἐπὶ
471 3399 516 3466 τὰς
528 3401 672 3479 ἀναγκαίας
685 3400 730 3458 καί
743 3401 860 3477 μεγάλας
874 3421 953 3458 κατι·
1003 3404 1105 3460 deinde
1116 3406 1240 3459 nascitur
1252 3405 1379 3477 suspicio
1392 3401 1511 3481 Περσικόν
1532 3423 1648 3478 quoque
1670 3425 1727 3460 non
1740 3409 1783 3462 di·

179 3495 286 3550 σπῶντα
295 3489 417 3570 πράξεις,
430 3486 510 3555 οὕτως
525 3475 611 3568 ίαυτῷ
625 3487 688 3569 πρὸς
700 3487 733 3546 τὰ
748 3487 897 3567 κυριώτατα
912 3485 957 3544 καί
1003 3510 1081 3547 versa
1096 3510 1154 3547 esse
1167 3492 1202 3546 ab
1216 3511 1302 3566 opere
1315 3487 1432 3566 Περίτῆς
1443 3492 1526 3569 ἀρχῆς
1540 3494 1590 3548 τῶν
1602 3491 1759 3550 Μακεδόνων
1774 3517 1780 3551 :

177 3578 292 3656 μέγιστα
307 3581 429 3655 χρῆσθαι.
444 3577 524 3633 Idem
535 3578 656 3636 Critolai
668 3577 774 3634 dictum
790 3577 958 3632 Plutarchus
1003 3577 1249 3634 scilicetuarrandi
1260 3578 1406 3634 exordium
1415 3580 1782 3655 auctorposueritiuexpe-

177 3667 261 3722 ailert
271 3667 299 3720 in
311 3667 367 3722 Vit.
381 3666 485 3722 Pericl.
503 3685 527 3720 c.
540 3684 567 3734 7.
1004 3666 1112 3721 ditione
1124 3665 1422 3737 Alexandri,ideoque
1437 3663 1554 3742 Περσικὰ
1566 3666 1784 3740 titulusaprima

217 3753 325 3808 Gellius
333 3753 386 3826 XI,
407 3770 425 3824 9
440 3753 601 3808 :Critolaus
613 3756 725 3825 scripsit
738 3753 844 3823 legatos
859 3753 959 3808 Mileto
1005 3753 1098 3826 operis
1109 3762 1189 3825 parte
1199 3751 1362 3826 desumptus
1374 3755 1417 3807 sit.
1432 3756 1492 3810 Hoc
1504 3753 1716 3826 sapiuslactum
1727 3773 1785 3810 esse

174 3841 299 3914 puhlicre
325 3845 364 3894 rei
385 3857 472 3893 causa
492 3837 601 3893 uenisse
622 3839 754 3904 Athenas,
775 3837 958 3908 fortassean
1004 3840 1140 3909 vidimus,
1155 3858 1188 3894 ae
1208 3839 1252 3894 vel
1268 3839 1334 3895 inde
1348 3840 1498 3914 probabile
1512 3852 1566 3908 cst,
1589 3841 1667 3916 quod
1685 3842 1784 3896 eadem

179 3925 321 4004 [dixerit]
343 3929 445 3982 auxilii
455 3927 570 4000 petendi
581 3931 693 3997 gratim
711 3939 767 3981 tum
781 3932 829 4000 qui
840 3947 960 4000 prosese
1004 3930 1078 3982 ratio
1095 3947 1151 3982 esse
1162 3928 1274 3982 videtur
1287 3928 1377 3982 tituli:
1395 3927 1570 4002 Συρακουσῶν
1581 3927 1676 3992 κτίσις.
1693 3929 1783 3988 Corn-

178 4017 268 4070 verba
279 4011 425 4084 facerent,
451 4033 519 4088 quos
531 4019 621 4069 visum
645 4025 708 4068 erut
724 4016 884 4080 advocasse,·
906 4017 959 4068 acl-
1009 4017 1104 4090 paraui
1124 4017 1206 4070 etiam
1222 4018 1330 4088 possint
1346 4016 1461 4070 Duridis
1479 4013 1596 4091 Περσικόν
1611 4035 1658 4090 ap.
1673 4017 1782 4073 Eudoc.

181 4115 308 4168 uocatus,
331 4107 371 4156 uti
391 4114 453 4156 erat
466 4103 642 4165 renudatum,
664 4103 751 4156 verbo
772 4121 825 4174 pro
843 4103 961 4156 Milesiis
1006 4124 1033 4162 ν.
1057 4104 1157 4180 Δῶρις,
1173 4122 1231 4176 quo
1255 4105 1337 4157 titulo
1362 4103 1547 4158 Macedonica
1562 4105 1645 4158 Samii
1660 4097 1786 4160 auctoris

180 4193 223 4246 nd
224 4191 362 4264 populum
364 4187 470 4260 secisse
484 4209 491 4244 :
504 4189 717 4244 Demosthenem
732 4191 899 4244 Milesiorum
906 4209 961 4262 po-
1006 4191 1124 4246 historia
1149 4190 1322 4264 designatur.
1341 4192 1382 4245 Ne
1404 4190 1541 4246 advocem
1567 4193 1680 4247 Persico
1699 4192 1784 4251 Calli·

177 4281 290 4352 stulatis
304 4283 408 4331 aeriter
415 4279 593 4352 respondisse,
613 4295 703 4350 neque
713 4279 838 4332 Milesios
854 4278 962 4331 auxilio
1006 4279 1119 4334 sthenis.
1133 4279 1262 4333 Ceterum
1271 4277 1347 4332 unde
1356 4289 1420 4332 nata
1434 4279 1468 4333 sit
1481 4279 1540 4333 haec
1552 4295 1646 4336 terum
1656 4281 1785 4336 conlusio

181 4367 291 4439 dignos,
305 4383 393 4437 neque
401 4383 439 4418 ex
449 4365 591 4437 republica
601 4365 632 4417 id
639 4383 697 4417 esse
706 4365 889 4418 contendisse:
904 4382 962 4418 rem
1008 4367 1089 4422 lacile
1104 4365 1191 4420 dictu.
1206 4365 1344 4420 Nimirum
1359 4384 1375 4420 a
1387 4364 1499 4420 duobus
1512 4367 1607 4421 lexicis
1625 4385 1674 4422 sua
1685 4367 1785 4422 Suidas

183 4460 213 4506 in
221 4465 360 4525 posterum
373 4453 447 4506 diem
454 4453 612 4525 prolotom;
631 4453 738 4524 legatos
748 4453 789 4506 ad
800 4450 962 4505 Demosthe·
1009 4453 1135 4508 corrasit.
1152 4453 1168 4506 J
1170 4469 1215 4506 am
1226 4452 1247 4504 si
1263 4452 1340 4505 tituli
1358 4470 1478 4524 operum
1491 4453 1535 4507 vel
1546 4471 1604 4508 non
1618 4454 1655 4509 ad
1666 4454 1785 4508 verbum

183 4559 247 4594 ueru
263 4545 384 4606 venisse,
415 4557 573 4613 magnoque
589 4557 671 4610 opere
691 4556 791 4604 orasse,
812 4545 852 4592 uti
866 4550 963 4593 contro
1009 4541 1202 4608 concinerent,
1214 4539 1257 4594 vel
1268 4541 1294 4593 in
1310 4539 1399 4593 altero
1410 4539 1487 4595 sonte
1495 4543 1621 4616 corrupti
1634 4542 1787 4610 essent‚rli·

183 4646 220 4682 ne
233 4629 356 4682 diceret:
379 4644 441 4680 eum
457 4631 606 4699 pecuniam
625 4631 766 4698 petivisse,
791 4637 817 4680 et
830 4637 963 4698 quantum
1009 4645 1087 4681 versa
1103 4645 1190 4702 opera
1206 4627 1249 4680 his
1263 4627 1396 4682 omnibus
1406 4627 1516 4682 subesse
1530 4631 1652 4701 putavit.

181 4721 318 4788 petiverat
329 4715 472 4769 abstulisse
490 4733 499 4767 :
502 4715 645 4787 postridie,
664 4733 747 4786 quum
758 4733 802 4767 res·
816 4719 864 4785 ogi
874 4715 965 4768 denuo
1050 4719 1073 4768 A
1097 4715 1209 4768 Pierota
1234 4716 1365 4782 Critone,
1389 4733 1554 4787 quanquam
1582 4716 1695 4771 aliunde
1722 4709 1786 4770 'non

184 4815 279 4876 copta
306 4814 385 4869 esset,
414 4801 643 4866 Demosthenem,
664 4803 732 4855 luno
754 4803 843 4855 nrulta
862 4803 963 4855 collum
1010 4812 1094 4869 noto,
1110 4800 1251 4876 distinguo
1272 4802 1415 4857 Critonem
1430 4803 1478 4874 qui
1494 4798 1589 4859 Ιέτικόι
1600 4803 1720 4876 scripsit.
1741 4803 1785 4862 Cf.

185 4898 355 4964 cervicesque
379 4893 614 4956 circumvolutum,
634 4891 675 4943 ad
681 4892 817 4964 populum
832 4891 965 4962 prodiisse
1011 4889 1087 4944 deco
1101 4889 1196 4961 Steph.
1214 4889 1278 4960 Byr.
1296 4909 1321 4946 ν.
1335 4887 1431 4946 l'srlu:
1446 4886 1485 4945 Τὸ
1493 4885 1612 4956 κτητικὸν
1624 4884 1757 4963 λέγεταιΓ
1758 4912 1786 4946 ε-

186 4993 214 5036 et
230 4982 335 5035 dixisse
356 4999 385 5034 se
397 4977 558 5052 synanchen
578 4983 659 5052 poti;
683 4996 716 5031 eo
730 4989 826 5031 contro
839 4977 964 5031 Milesios
1010 4974 1096 5044 τικὸς,
1112 4973 1154 5052 ἄρ’
1169 4963 1198 5029 οὗ
1221 4973 1350 5052 Κρίτωνος
1368 4972 1474 5034 Γετικό,
1498 4978 1523 5029 ls
1537 4975 1724 5050 probabiliter
1747 4989 1788 5032 cst

189 5069 265 5141 loqui
278 5086 331 5122 non
343 5074 442 5140 quire:
457 5080 513 5121 tum
527 5068 657 5140 epopulo
675 5083 758 5120 unum
775 5066 957 5132 exclamasse,
1010 5064 1087 5118 Crito
1108 5063 1233 5118 medicus
1255 5065 1303 5135 qui
1326 5063 1377 5118 sub
1403 5060 1526 5132 Trajano
1550 5063 1619 5117 vixit
1650 5063 1785 5139 (Sutdsm

189 5174 244 5210 non
259 5155 430 5227 synanchen,
452 5155 525 5228 qruul
538 5153 731 5207 Ilrruosthenes
748 5161 900 5224 poteretur,
917 5153 967 5205 snt
1011 5147 1121 5228 Ῥοῦρος
1136 5147 1272 5228 Ἐρέσιος,
1287 5148 1390 5224 ἰατρὸς,
1410 5145 1520 5224 γεγονὼς
1535 5145 1578 5204 tat
1596 5150 1727 5228 Τραϊανοῦ
1742 5149 1787 5208 σὺν
