3916 5728
839 363 1085 428 FRAGMENTA.

268 578 271 592 .
336 587 338 595 ,
441 525 644 586 ΔΡΚΑΔΙΚΑ.

365 832 388 886 Ε
409 831 523 888 LIBRO
544 831 723 889 SECUNDO.
832 849 834 854 ·

193 976 359 1032 Plutarchus
380 974 484 1030 Parall.
509 975 577 1028 min.
598 994 622 1031 c.
647 975 691 1032 16.
709 994 715 1028 :
732 971 877 1050 Τεγεάταις
891 972 936 1029 καὶ

152 1060 307 1126 Φενεάταις
319 1059 427 1139 χρονίου
449 1057 565 1134 πολέμου
587 1058 745 1136 γενομένου,
759 1057 829 1126 ἔδοξε
848 1057 934 1139 τριδύ-

151 1173 216 1226 μους
239 1147 364 1228 ἀδελρσιλς
386 1146 490 1226 πέμψαι
511 1145 570 1214 τοὺς
584 1145 786 1226 μαχησομένους
806 1147 868 1226 περὶ
889 1152 936 1220 τῆς

152 1238 239 1310 νίκης.
254 1235 331 1314 [Καὶ
340 1241 350 1305 l
360 1237 493 1310 'sepeliret
507 1235 556 1312 plu
568 1225 612 1294 σύν
625 1233 684 1301 τοὺς
696 1233 861 1312 Ῥηξιμάχου
871 1243 933 1294 παῖ·

152 1327 213 1396 δας,
235 1326 373 1384 Φανεᾶται
395 1322 422 1380 δὲ
445 1321 503 1390 τοὺς
523 1323 714 1402 Δημοστράτου
729 1322 933 1403 προύὅάλλοντο.

155 1411 357 1487 Συμόληθείσης
375 1409 401 1468 δὲ
416 1414 462 1480 τῆς
482 1409 585 1489 μάχης,
599 1410 773 1483 ἐφονεύθησαν
783 1414 834 1468 τῶν
847 1409 937 1483 Ῥηξι-

153 1500 243 1579 μάχου
253 1499 339 1557 driu-d
359 1497 386 1557 δὲ
405 1499 502 1578 τρίτος,
514 1497 628 1576 τοῦνομα
647 1499 803 1577 Κριτόλαος,
821 1521 938 1580 στρατη-

152 1587 256 1666 γήματι
275 1585 436 1666 περιεγένετο
458 1589 510 1644 τῶν
531 1585 577 1644 δύο
602 1589 641 1664 (l.
664 1591 715 1644 τῶν
739 1588 889 1645 ἀντιπάλων
903 1609 938 1646 cx

154 1675 290 1751 διαίνετο)
301 1698 306 1710 ·
321 1673 501 1753 προσποιητὴν
514 1671 565 1753 γάρ
578 1673 661 1756 ρυγλν
674 1675 855 1754 σκηψάμενος,
869 1675 938 1734 κατὰ

154 1763 202 1821 ἕνα
215 1767 269 1821 τῶν
282 1761 425 1822 διωκόντων
441 1763 536 1824 ἀνεῖλε.
552 1763 752 1839 Καίάλθόντος,
766 1766 790 1822 οἱ
805 1763 939 1840 pistillos

138 1850 350 1930 ·συνεχάρησαν,
366 1851 433 1927 μόνη
446 1851 468 1908 δ’
479 1853 526 1909 οὐκ
539 1851 623 1930 ἐχάρη
638 1855 655 1923 ἡ
668 1850 768 1932 ἀδελφὴ
786 1850 939 1928 Δημοδίκη·

154 1940 312 2020 περονεύκει
323 1937 374 2018 γάρ
394 1941 474 2010 αὐτῆς
490 1938 535 1997 τόν
546 1941 760 2018 κατηγγυημένον
773 1937 869 2019 ἀνδρα,
881 1944 938 2010 Δη-

156 2027 277 2102 μόδικον.
291 2025 513 2097 ’.ἀναξιοπαθήσας
521 2026 570 2084 δὲθ
581 2025 724 2106 Κριτόλαος
737 2027 836 2085 ἀνεῖλεν
847 2027 938 2096 αὐτην.

154 2113 247 2175 Φόνου
258 2115 282 2172 δ’
295 2113 421 2192 ἀγόμενος
435 2113 486 2172 ὑπὸ
501 2118 548 2185 τῆς
562 2114 675 2194 μητρθς,
692 2113 808 2185 ἀπελύθη
821 2115 879 2192 Ιτῶν
896 2115 940 2190 tp-

155 2202 313 2278 κλημάτων·
337 2205 372 2269 ὡς
392 2201 552 2282 Δημάρατος
575 2205 602 2260 ἐν
626 2201 738 2281 δευτέρῳ
766 2200 937 2280 Ἀρκαδικῶν.

154 2290 261 2348 ladem
272 2303 370 2348 narrat
379 2293 506 2350 Stobaeus
519 2294 622 2350 Floril.
633 2293 779 2367 XXXIX,
792 2291 839 2351 32.

445 2467 650 2527 arturit

376 2626 530 2685 nunno
557 2629 721 2701 Quaero,

537 2795 564 2834 2-

198 2906 343 2962 Plutarch.
369 2907 412 2961 Dc
426 2903 497 2962 fluv.
519 2925 545 2964 c.
558 2924 587 2980 9,
600 2911 616 2969 d
631 2923 638 2962 τ
657 2902 822 2984 Παράκειται
835 2905 857 2962 δ’
871 2907 943 2985 αὐτῷ

159 2998 168 3068 l
180 2991 345 3072 Μαιάνδρῳ)
360 2990 417 3068 ὄρος
427 2989 554 3066 Σίπυλον,
567 2989 616 3061 τὴν
628 2989 805 3070 προσηγορίαν
817 2989 878 3070 ἔχον
890 2991 942 3049 ἀπὸ

159 3079 279 3140 Σιπύλου
297 3084 343 3138 τοῦ
366 3077 502 3159 Ἀγήνορος
514 3078 561 3138 καί
574 3077 726 3151 Διωξίππης
739 3079 841 3146 παιδός.
860 3070 944 3146 Οὗτος

158 3167 212 3247 γδρ
226 3166 440 3245 μητροκτονδσας
458 3167 518 3224 κατ’
535 3165 651 3244 ἀγνσιαν,
673 3167 719 3224 καί
742 3169 787 3224 ὑπ’
800 3165 942 3245 Ἐριννύων

158 3253 388 3334 σίστμηλατηθελς,
410 3256 447 3320 είς
469 3253 499 3312 τὸ
521 3253 664 3334 Κεραύνιον
675 3255 733 3333 ὄρος
748 3246 825 3327 ἦλθε,
841 3253 887 3312 καί
899 3253 942 3312 lot

451 3455 653 3515 tacturus.

542 3587 565 3634 l.

192 3693 276 3748 Quum
291 3687 433 3738 diutmnum
454 3689 536 3739 luisset
556 3692 616 3739 inter
638 3695 752 3752 Tegeates
767 3705 796 3740 ac
815 3692 946 3742 Plreneatas

162 3767 268 3823 bellum,
287 3766 378 3828 placuit
390 3767 505 3829 utrinque
516 3768 579 3816 mitti
599 3769 683 3817 iratres
695 3769 853 3831 tergeminos,
865 3770 907 3831 qui
916 3769 946 3820 de

161 3846 304 3896 summersi
318 3846 480 3896 decernerent.
503 3849 611 3910 Tegeatae
629 3849 800 3910 lilreximaclii,
819 3849 946 3899 Pheneatae

162 3926 309 3978 Demostrati
322 3925 383 3975 titios
393 3927 540 3988 delegerunt.
552 3931 670 3978 conmrta
683 3939 775 3991 pugna,
787 3927 837 3977 dno
851 3927 881 3977 do
891 3927 947 3977 ditis

163 4005 319 4054 itlresiorachi
329 4003 475 4054 ceciderunt.
489 4004 583 4055 Tertiis
592 4004 713 4054 critolaus
720 4005 850 4054 calliditate
861 4003 945 4054 adrer-

162 4081 237 4130 sarios
246 4081 304 4130 vicit
314 4099 320 4129 ε
329 4081 440 4131 simulata
447 4081 511 4130 enim
520 4082 574 4144 luga
581 4095 631 4142 eos,
641 4081 807 4132 duminvicam
815 4081 901 4132 divulsi
909 4083 946 4132 in·

162 4161 306 4221 εοηιιιιιιῑυτ,
320 4159 448 4208 interfecit.
459 4159 576 4209 Redeunti
591 4173 668 4222 quum
678 4173 762 4210 omnes
770 4160 947 4222 gratularentur

163 4237 263 4296 victori,
273 4237 323 4285 sola
331 4249 400 4286 soror
408 4237 460 4298 ejus
469 4236 598 4287 umodioe
609 4237 695 4298 gaudio
706 4237 861 4288 abstinuitob
871 4237 946 4288 inter·

164 4317 254 4365 tectum
266 4328 295 4364 ea
303 4328 405 4377 pugnaa
416 4317 488 4366 lratre
497 4317 672 4379 Demodiwm,
687 4318 725 4366 cui
735 4317 850 4380 desponsa
861 4319 946 4368 tumst.

163 4391 235 4450 Quod
248 4391 344 4455 indigne
359 4393 437 4443 ierem
450 4393 570 4446 critolaus
583 4407 690 4445 sororem
702 4394 844 4455 trucidarit3
861 4396 946 4444 cadis·

163 4485 211 4534 qne
221 4472 379 4534 postulatma
390 4475 476 4532 matre,
486 4473 666 4534 absolutusest,
675 4477 704 4525 ut
714 4477 858 4524 Demaratus
864 4477 947 4524 narrat

163 4548 335 4598 traditorum
346 4550 462 4600 εοοιιιιοο.

436 4670 673 4732 Pantaleon.

543 4803 570 4852 2.

195 4906 319 4958 ltreandro
331 4907 424 4970 adiacet
437 4921 506 4959 mons
521 4911 628 4972 sipylus,
644 4923 658 4960 a
676 4909 770 4973 Sipylo,
791 4911 903 4972 igerroris
924 4915 949 4961 et

164 4986 291 5048 utoxmpae
300 4983 366 5047 filio,
379 4984 466 5035 dictus.
479 4987 525 5036 llic
533 4988 597 5037 enirn
609 5001 685 5050 quum
695 4990 797 5038 mairem
809 4989 898 5037 invitus
906 5001 947 5037 oc·

165 5064 274 5125 uidisset,
283 5065 383 5114 aFuriis
391 5065 525 5128 exagitatus
532 5067 557 5115 in
565 5067 711 5117 ceramium
719 5069 827 5116 montem
836 5068 916 5129 venit,
924 5070 949 5118 et

165 5157 216 5207 prae
226 5143 317 5195 doloris
324 5146 491 5208 exsuperantia
501 5145 586 5208 laqueo
592 5147 665 5196 vitam
673 5145 866 5209 circumscripsit.
879 5149 948 5198 Mons

1703 377 1759 428 379

981 495 1065 568 λύπης
1088 493 1234 574 ύπερόολὴν
1262 493 1351 573 βρόχῳ
1376 493 1419 551 τὸν
1447 493 1502 572 βίον
1527 469 1694 578 περιέγραψε.
1719 497 1760 559 Τδ

982 585 1006 641 δ’
1020 583 1077 664 ὄρος
1090 581 1159 642 κατά
1176 582 1301 664 πρόνοιαν
1319 585 1383 641 θεῶν
1399 582 1444 640 ἀπ’
1459 583 1540 640 αὐτοῦ
1559 583 1676 644 Σίπυλον
1691 586 1759 644 δινο-

983 671 1081 746 μάσθη.
1098 673 1226 731 Γεννᾶται
1239 673 1262 728 δ’
1285 672 1310 728 ἐν
1326 672 1397 750 αὐτῷ
1420 669 1503 743 λίθος,
1517 670 1659 751 παρόμοιος
1674 673 1762 732 κυλίν-

983 759 1051 837 δρῳ,
1065 757 1093 816 δν
1104 761 1127 816 ol
1138 755 1254 824 εύσεόεῖς
1266 757 1334 830 υἱοί,
1346 756 1409 817 ὅταν
1429 756 1550 838 εὕρωσιν,
1572 762 1598 818 έν
1609 762 1647 838 τῷ
1659 759 1762 837 τεμένει

981 851 1028 916 τῆς
1052 845 1158 925 Μητρδς
1176 849 1229 903 τῶν
1248 848 1313 904 θεῶν
1334 845 1448 917 τιθέασι,
1470 845 1517 904 καλ
1539 845 1662 905 οὐδέποτε
1684 847 1763 927 χάριν

983 933 1103 1001 ἀοεδείας
1116 933 1322 1012 ἁμαρτάνουσιν,
1336 931 1404 992 ἀλλὰ
1415 932 1588 1013 ριλοπάτορες
1601 935 1763 1016 ὑπάρχουσι,

982 1022 1026 1080 καὶ
1047 1021 1110 1100 πρὸς
1135 1019 1194 1088 τοὺς
1215 1021 1393 1100 προσήκοντας
1415 1025 1597 1097 συμπαθοῦσι,
1620 1025 1654 1088 ὡς
1667 1027 1765 1103 ἱστορεῖ

985 1108 1175 1186 Ἀγαθαρχίδης
1187 1111 1201 1165 δ
1213 1109 1316 1186 Σάμιος
1328 1109 1388 1168 ἀνθ’
1404 1110 1471 1188 Περὶ
1480 1106 1569 1169 λίθων.
1583 1111 1724 1186 Μέμνηται
1737 1113 1764 1170 δὲ

982 1194 1079 1254 τούτων
1090 1194 1273 1274 ἀκριδέστερον
1279 1194 1438 1274 Δημάρατος
1446 1197 1472 1252 ἐν
1478 1197 1500 1252 δ’
1513 1197 1524 1274 [
1537 1197 1619 1275 Περὶ]
1632 1199 1762 1277 Φρυγίας.

1217 1353 1307 1412 ΠΕΡΙ
1331 1352 1535 1412 ΠΟΤΑΜΩΝ.

1210 1494 1232 1550 Ε
1254 1492 1367 1548 LIBRO
1388 1493 1535 1549 TERTIO.

1362 1618 1389 1677 3.

1023 1741 1104 1797 Idem
1114 1739 1155 1797 ib.
1168 1757 1194 1796 c.
1206 1758 1237 1812 9,
1250 1739 1266 1795 3
1277 1755 1284 1796 :
1295 1736 1455 1796 Γεννᾶταιδ
1469 1736 1495 1793 ἀν
1508 1735 1580 1815 αὐτῷ
1591 1739 1599 1811 (
1609 1757 1650 1797 sc.
1664 1737 1767 1797 Μαιάν-

987 1829 1061 1906 δρῳ)
1077 1824 1161 1896 λίθος,
1176 1827 1237 1882 κατ’
1250 1822 1405 1904 ἀντίρρασιν
1420 1819 1538 1903 Σόρρων
1551 1820 1726 1900 καλούμενος,
1739 1823 1767 1882 ὃν

988 1915 1034 1973 tio
1056 1913 1139 1992 βάλης
1153 1911 1220 1977 τινδς
1235 1914 1271 1978 εἰς
1283 1911 1390 1986 κόλπον,
1410 1909 1530 1988 ἐμμανὴς
1547 1911 1645 1988 γίνεται
1663 1911 1708 1970 καί
1723 1935 1769 1992 ρο-

985 1999 1052 2059 νεύει
1062 2000 1119 2058 τινά
1132 2002 1184 2058 τῶν
1196 2001 1343 2078 συγγενῶν·
1357 1996 1542 2076 ἐξιλασάμενος
1556 1997 1583 2056 δὲ
1594 1997 1641 2068 τὴν
1657 2001 1769 2078 Μητέρα

987 2092 1040 2147 τῶν
1064 2091 1141 2163 θεῶν,
1165 2088 1350 2145 ἀπαλάσσετσι
1365 2090 1411 2144 τοῦ
1432 2087 1542 2152 πάθους·
1566 2085 1652 2152 καθὼς
1672 2090 1771 2167 ἱστορεῖ

985 2175 1144 2254 Δημάρατος
1158 2177 1184 2233 έν
1201 2175 1225 2253 γ’
1240 2173 1306 2251 {ispi
1319 2175 1457 2248 ποταμῶν.
1475 2173 1615 2252 Μέμνηται
1630 2173 1657 2232 δὲ
1670 2173 1768 2234 τούτων

986 2263 1032 2322 καί
1041 2261 1182 2342 ’Δρχίλαος
1194 2264 1221 2320 ἐν
1232 2261 1257 2320 α’
1272 2260 1339 2340 Περὶ
1350 2260 1440 2321 λίθων.

1212 2411 1536 2496 Tnarpnornsnm.

1105 2569 1127 2622 E
1147 2566 1261 2622 LIBRO
1283 2566 1400 2622 PRIMO
1420 2568 1491 2622 VEL
1512 2567 1659 2626 TERTIO.

1366 2705 1394 2763 4.

1027 2819 1115 2877 Clern.
1131 2818 1208 2874 Alex.
1222 2817 1315 2875 Protr.
1331 2837 1358 2875 c.
1373 2817 1405 2886 3,
1419 2835 1450 2892 p.
1467 2834 1501 2872 ια
1516 2818 1593 2890 Sylb.
1613 2836 1620 2872 z
1635 2813 1773 2894 Ἐρεχθεὺς

992 2905 1043 2962 δδθ
1057 2903 1171 2970 Ἀττικὸς
1185 2902 1229 2961 καί
1245 2902 1370 2982 Μάριοςθ
1382 2901 1517 2978 Ῥωμαῖος
1527 2900 1573 2968 τὰς
1585 2904 1668 2960 αὐτῶν
1681 2901 1772 2960 ἔθυσά·

990 3015 1038 3062 την
1053 2991 1210 3070 θυγατέρας·
1225 2981 1260 3048 ὧν
1272 2994 1286 3048 δ
1299 2988 1346 3066 μὲν
1361 3013 1393 3066 τη
1405 2987 1580 3069 Φερεράττη,
1594 2992 1629 3056 ὡς
1642 2989 1771 3069 Δημάρα-

993 3102 1036 3146 τος
1050 3083 1077 3138 ἐν
1088 3079 1182 3159 πράττη
1193 3070 1434 3158 Τραγῳδουμένων,
1446 3080 1460 3134 θ
1471 3075 1498 3134 δὲ
1510 3080 1562 3142 τοῖς
1575 3076 1773 3156 ἀποτροπαίοις,

990 3165 1134 3246 θΜάριος,
1148 3171 1182 3232 ὡς
1192 3164 1323 3244 Δωρόθεος
1337 3166 1363 3222 ἐν
1378 3187 1410 3241 τη
1422 3163 1534 3242 τετάρτη
1548 3163 1685 3224 Ἰταλικῶν
1700 3166 1773 3222 ἱστο-

990 3255 1039 3333 ρεῖ.
1054 3257 1097 3316 ef.
1113 3256 1216 3314 Euscb.
1232 3255 1262 3312 P.
1276 3251 1308 3312 E.
1322 3255 1372 3323 1v,
1389 3253 1436 3328 16,
1450 3271 1480 3326 p.
1502 3253 1568 3324 157.

982 3421 1086 3480 ,autem
1096 3419 1142 3468 diis
1156 3419 1189 3467 ita
1203 3419 1355 3479 veientibus,
1367 3419 1398 3467 ab
1407 3431 1436 3467 eo
1452 3418 1548 3480 Sipylus
1557 3419 1657 3466 vocatus
1668 3419 1712 3467 est.
1729 3421 1774 3467 Ge·

991 3501 1089 3548 noratur
1100 3499 1124 3548 ln
1138 3497 1250 3560 colapis,
1262 3511 1336 3560 quem
1354 3498 1395 3546 ubi
1408 3499 1440 3560 pil
1454 3497 1496 3546 dlii
1509 3497 1637 3557 invenere,
1649 3499 1672 3546 in
1684 3498 1774 3559 templo

992 3578 1073 3625 Matris
1082 3577 1181 3625 deorum
1192 3576 1269 3637 ipsnrn
1277 3578 1405 3638 reponunt,
1413 3589 1458 3625 nec
1465 3587 1573 3637 unquam
1580 3576 1654 3637 impie
1665 3577 1774 3638 peccant,

990 3655 1031 3705 sed
1044 3659 1153 3718 parentas
1163 3655 1264 3717 diligunt
1273 3657 1298 3704 et
1309 3655 1333 3702 ln
1349 3657 1462 3716 cognatos
1478 3667 1535 3702 suos
1546 3654 1606 3703 bene
1614 3655 1694 3703 allecti
1703 3656 1774 3713 sunt,
1794 3669 1797 3680 ·

991 3736 1019 3782 ut
1027 3733 1111 3784 scribit
1126 3731 1311 3795 agatharchides
1327 3732 1423 3782 Samius
1431 3735 1519 3795 quarto
1534 3733 1568 3780 De
1580 3731 1707 3793 lapidibus.
1722 3733 1773 3780 lle-

990 3810 1061 3859 minit
1085 3811 1181 3860 trorum
1197 3810 1270 3860 etiam
1297 3809 1434 3858 accuratius
1463 3809 1608 3859 Demaratus
1629 3811 1715 3870 quarto
1740 3811 1776 3858 Dc

992 3887 1100 3950 Phrygia.

1264 3998 1316 4057 DE
1337 3997 1500 4058 Fluviis.

1371 4134 1397 4184 θ.

1023 4239 1135 4288 Nascitur
1152 4238 1176 4287 in
1198 4238 1319 4287 limandae
1343 4237 1415 4300 lapis,
1434 4249 1476 4299 per
1494 4237 1644 4299 antiphrasin
1667 4237 1777 4300 Sophron

993 4316 1131 4378 (sopiens)
1140 4315 1228 4375 dictus,
1237 4327 1309 4377 quem
1319 4315 1338 4364 si
1348 4315 1372 4364 in
1381 4307 1483 4376 alicujus
1494 4315 1572 4363 alnum
1582 4313 1701 4377 projicias,
1713 4315 1776 4364 insa·

993 4396 1068 4443 nescit
1079 4395 1176 4455 statim,
1185 4399 1209 4442 et
1221 4408 1234 4443 e
1246 4395 1353 4456 cognatis
1364 4393 1484 4455 quendam
1494 4393 1596 4454 occidit3
1613 4395 1706 4456 placata
1719 4406 1778 4442 roro

991 4471 1092 4521 deorum
1104 4474 1194 4531 Matre,
1212 4471 1326 4521 liberatur
1335 4471 1366 4520 ab
1376 4471 1421 4520 hac
1432 4471 1554 4533 passione,
1568 4473 1596 4520 ut
1608 4473 1681 4521 reicit
1693 4473 1776 4521 Denta

993 4553 1058 4600 ratus
1069 4551 1140 4601 tertio
1148 4554 1182 4600 De
1191 4551 1277 4600 diariis.

1226 4678 1535 4741 TRAGODUMENA.

1370 4811 1397 4862 4.

1023 4915 1173 4965 Erechttreus
1184 4915 1276 4964 titicus
1287 4917 1312 4964 et
1326 4914 1416 4965 Marius
1431 4915 1553 4963 Romanus
1567 4911 1627 4961 filins
1638 4923 1694 4960 suas
1703 4913 1776 4962 sacri·

994 4993 1111 5054 licarunt,
1135 4994 1173 5041 ille
1189 4992 1286 5055 quidem
1304 4993 1475 5055 Persephonae,
1494 4992 1522 5039 ut
1538 4991 1679 5039 Demaratus
1699 4989 1776 5052 primo

993 5071 1193 5132 Tragodumendn
1205 5070 1251 5131 ait,
1265 5071 1304 5119 liic
1323 5083 1381 5120 vero
1393 5069 1437 5118 diis
1448 5065 1593 5131 averruncis,
1603 5067 1630 5116 nt
1641 5067 1779 5117 Dorallreus

994 5147 1018 5198 in
1030 5152 1117 5212 quarto
1127 5149 1265 5200 italicorum
1274 5147 1352 5197 relert.
