3842 5726
241 344 276 392 ra
902 325 1020 386 PitiSCi
1044 323 1194 386 PiiiiTAE

240 461 342 520 εταλκαί
357 483 412 532 σοι,
428 463 462 526 ὣς
480 457 573 539 ἑτέρων
588 458 635 515 οὐκ
650 455 741 518 ὄντων.
758 454 812 515 Καὶ
827 459 909 514 ταῦτα
927 456 973 532 μὲν
985 449 1018 528 ἧν
1063 456 1115 522 ζει,
1131 455 1166 520 ὡς
1178 449 1254 532 σορός
1272 471 1300 508 τε
1314 448 1353 522 ιίη
1372 449 1416 508 καὶ
1434 447 1551 528 ἀριστος,
1569 449 1605 527 μὴ
1622 445 1695 528 ύμοια
1714 451 1755 511 ria
1768 463 1811 520 τοῖς

241 553 267 608 ἓν
282 553 334 614 τοῖς
344 549 495 628 γράμμασι·
510 545 615 626 ρράζιιν
629 543 657 602 δὲ
670 543 714 602 τόν
728 542 874 620 Μαξιμῖνον
890 544 942 601 ἀπὸ
958 545 1017 603 στό-
1065 538 1131 618 ἀμφὶ
1147 537 1180 596 τά
1196 537 1315 616 βασίλεια
1327 536 1532 612 πλημμελήσας·
1547 537 1624 616 χωρὶς
1636 538 1683 619 γάρ
1697 543 1766 598 αὐτοῦ
1778 542 1812 598 ἐπὶ

241 660 322 714 ματος
330 641 368 714 τῷ
379 635 504 712 Ἀττνίλρ,
517 633 554 710 μὴ
565 637 662 711 χρῆναι
674 633 754 690 αἰτεῖν
764 630 885 710 πρίσύιις
896 631 1018 710 μεγίστης
1064 629 1164 684 δεῖπνον
1176 625 1219 684 τὸν
1234 623 1367 685 Ἐδίκιανα
1379 625 1515 690 καλοῦντες
1532 623 1619 702 δώροις
1633 625 1731 700 ἐτίμων.
1744 627 1811 685 'dre'-

241 724 314 792 ἀξίας
331 727 393 802 παρ’
408 721 486 780 αὐτὸν
507 719 644 792 διαόῆναι·
663 723 739 778 τοῦτο
760 719 811 796 γὰρ
829 715 887 776 οὐδὲ
907 718 950 777 ἐπὶ
967 722 1018 776 τῶν
1065 736 1109 793 ρου
1126 713 1154 770 θδ
1166 718 1211 772 τοῦ
1226 712 1302 790 λόγου
1316 715 1350 778 ὡς
1365 710 1445 788 μηδὲν
1458 711 1634 787 ἐπισταμένοις
1643 713 1765 792 φανέντος,
1778 715 1814 772 καὶ

241 813 320 870 αὐτοῦ
337 810 477 890 προγόνων,
500 807 557 866 οὐδὲ
576 807 620 866 ἐπί
640 805 733 886 ίτίριον
756 809 807 863 τῶν
832 804 962 884 ἀρξάντων
974 810 1020 877 τῆς
1065 800 1259 881 ἀνερωττίσασιν
1272 797 1397 866 όπυιςκαὶ
1410 797 1478 856 κατά
1496 803 1569 857 ποῖον
1588 799 1673 878 καιρόν
1686 805 1815 879 πιριῶπτσι

242 902 373 969 Σκυθικῆς
387 895 521 974 γενέσθαι,
536 894 603 952 ἀλλά
614 891 825 972 πρισύεύσασθαι
837 893 881 950 τόν
890 916 918 951 τε
931 895 1018 952 ίπιτυ·
1066 886 1113 964 μὲν
1126 887 1217 959 αὖτθι,
1227 887 1365 962 τιτίμηται
1378 884 1404 944 δὲ
1418 889 1433 943 θ
1445 885 1569 956 Ἔδέκων,
1581 888 1651 944 οὐδὲν
1665 889 1817 966 ἀποκρινάμε·

241 985 322 1064 χόντα
338 983 498 1065 στρατιώτην
510 981 555 1041 καθ
568 980 763 1060 ἀγγελιαφόρον.
776 979 858 1046 Είςδὲ
869 979 898 1038 τό
908 981 1019 1059 διευκρι-
1065 997 1105 1042 νος
1119 974 1217 1046 ἐξῆλθε.
1238 977 1281 1052 Τῇ
1301 973 1327 1031 δδ
1349 971 1473 1052 ὑστεραία
1490 975 1525 1039 ὥς
1547 973 1703 1049 ίόαδίζομεν,
1723 973 1817 1052 ρίρομεν

242 1077 319 1145 νῆσαι
340 1070 374 1130 τδι
392 1070 610 1150 ἀμριόαλλόμενα
631 1069 714 1128 ἐδόκει
736 1068 848 1145 πέμπειν
863 1067 1019 1144 Ὀνηγήοιαν
1065 1062 1107 1120 tri
1121 1061 1228 1139 Βιγίλαν
1244 1059 1310 1137 ἀπερ
1325 1064 1389 1135 ἡμῖν
1411 1059 1538 1138 Ὀρέστης
1551 1059 1654 1138 εἰρήκει.
1666 1058 1713 1124 Ὀς
1726 1060 1750 1118 δὲ
1762 1063 1818 1118 ἐκεῖ·

243 1162 317 1241 παρὰ
324 1159 491 1236 ΙῬωμαίους·
504 1155 541 1233 μὴ
555 1148 637 1215 οἷόντι
653 1153 702 1236 γάρ
712 1155 798 1227 αὐτὸν,
812 1156 937 1233 Σερδικῆς
949 1156 1020 1231 δηω-
1065 1171 1108 1206 νον
1127 1148 1164 1226 μη
1186 1149 1237 1206 δεῖν
1255 1148 1423 1226 χαλεπαίνειν
1437 1150 1472 1213 ὡς
1492 1150 1543 1204 τῶν
1559 1150 1642 1205 αὐτῶν
1657 1145 1771 1206 ’Etiam
1788 1145 1818 1220 μὴ

242 1248 345 1322 θιίσης,
361 1245 407 1305 σὺν
430 1247 549 1325 ὑπατικῷ
571 1244 644 1323 ἀνδρὶ
663 1245 688 1306 ἐς
703 1242 784 1312 αὐτὴν
807 1240 937 1322 προῐίναι.
957 1241 1020 1302 Ἐπὶ
1064 1236 1240 1315 τυγχάνοντα·
1255 1235 1333 1293 αθτθν
1346 1233 1393 1309 μὲν
1409 1233 1459 1314 γάρ
1473 1233 1573 1292 όπάονά
1585 1257 1612 1290 τε
1628 1233 1671 1291 καί
1686 1235 1819 1312 ύπογριιρίτ

242 1333 340 1405 ταύτην
347 1333 394 1404 τλν
403 1331 542 1410 πρεσύείαν
552 1329 729 1408 ἐκλιπαρήσας
741 1329 823 1388 πείθει
833 1353 866 1405 με
877 1329 1020 1406 Μαξιμῖνος
1065 1315 1132 1381 εἶναι
1146 1323 1274 1394 Ἄττιίλα,
1288 1320 1421 1381 'Edissere
1431 1321 1458 1379 δὲ
1472 1319 1506 1379 τά
1517 1319 1585 1378 κατά
1599 1321 1709 1396 πόλεμον
1720 1319 1819 1398 ἄριστον,

245 1423 316 1500 αὐτῷ
333 1429 491 1497 συναπᾶραι.
508 1417 561 1476 Καὶ
577 1418 642 1486 δῆτα
658 1415 715 1492 ἅμα
729 1423 781 1482 τοῖς
797 1414 939 1495 βαρόάροις
959 1415 1019 1494 ἐχό-
1066 1413 1101 1474 ὡς
1110 1412 1154 1468 τοῦ
1163 1407 1262 1468 θύννου
1269 1406 1364 1485 γένους,
1373 1406 1615 1479 ἀναόεύηκίναιτθν
1624 1405 1742 1484 ’Ὀρέστην
1754 1405 1819 1465 πολύ.

246 1530 317 1583 μενοι
334 1511 380 1576 τῆς
394 1507 451 1564 ὁδοῦ
468 1507 492 1570 ἐς
507 1502 634 1582 Σερδικὴν
649 1502 840 1584 ἀφικνούμεθα,
853 1503 1020 1582 τρισκαίδεκα
1066 1499 1158 1555 Ταῦτα
1170 1493 1248 1554 εἰπὼν
1259 1494 1348 1574 καὶτῷ
1359 1493 1484 1554 ’doixosa
1495 1492 1715 1580 ίδιολογησόμεναι
1724 1490 1822 1571 ἔγαααῑν

244 1593 302 1651 θδθν
320 1593 393 1668 ἀνδρί
408 1591 511 1670 εὐζώνῳ
526 1596 572 1660 τῆς
588 1589 787 1650 ’Κωνσταντίνου
803 1589 961 1668 ἀπέχουσαν.
975 1591 1020 1648 Ἐν
1067 1583 1172 1662 ὕστερον
1190 1585 1254 1662 πρὸς
1267 1587 1351 1657 ἡμᾶς,
1364 1581 1415 1640 ιίτι
1434 1579 1628 1654 ἀληθιζόμενος,
1643 1579 1691 1638 εἴτε
1704 1578 1822 1656 ύποκρινό·

244 1673 262 1758 ᾖ
282 1679 472 1746 καταλύσαντες
497 1681 582 1744 καλῶς
605 1677 673 1757 ἔχειν
695 1678 849 1756 ἡγησόμεθα
870 1678 913 1736 ἐπὶ
934 1677 1021 1736 ἑστίαν
1068 1694 1158 1746 μενος,
1169 1674 1203 1736 ὡς
1216 1669 1284 1728 είποι
1298 1668 1344 1745 μὲν
1355 1671 1426 1748 αὐτῷ
1439 1671 1473 1726 τθι
1486 1668 1629 1746 εἰρημένα,
1643 1667 1713 1745 μόγις
1723 1666 1749 1724 δὲ
1758 1665 1823 1722 αὐτὸν

246 1767 376 1826 ’Edissere
386 1765 432 1824 καί
444 1765 501 1831 τοὺς
513 1767 569 1843 μετ’
584 1767 661 1824 αὐτοῦ
678 1764 826 1843 βαρθίρους
837 1765 935 1824 καλεῖν.
950 1763 1022 1843 Πρό-
1068 1751 1250 1836 καταπραῧναι
1269 1756 1401 1835 τραπίντα
1422 1755 1466 1814 ἐπὶ
1486 1765 1539 1822 τοῖς
1558 1756 1683 1834 λεχθεῖσιν
1701 1757 1733 1818 εἷς
1745 1753 1822 1832 ὀργήν.

245 1856 314 1914 ὅατα
328 1847 371 1914 οὖν
386 1856 431 1913 καί
451 1854 513 1934 βόας
531 1853 697 1930 ἀποδομίνων
716 1856 767 1910 τῶν
783 1856 869 1931 lareyo>
886 1852 931 1911 ίυιν
949 1853 1021 1928 ἡμῖν,
1070 1846 1232 1924 Ἀφικόμενοι
1247 1843 1274 1902 δὲ
1288 1846 1312 1909 ἔς
1325 1842 1441 1904 deiectu
1456 1841 1551 1922 ἔρημον
1570 1843 1616 1918 μίν
1627 1841 1728 1920 εθρομεν
1739 1838 1823 1917 ἀνθρώ·

245 1933 456 2014 κατασφάξαντες
472 1933 714 2012 ἀριστοποιούμεθα.
738 1930 792 1990 Καὶ
811 1877 885 2011 παρί
908 1931 952 1990 τόν
975 1936 1020 1989 τοῦ
1067 1957 1125 1992 πων
1139 1933 1186 2004 τὴν
1204 1932 1289 2003 πόλιν,
1302 1935 1337 1996 ὡς
1349 1930 1399 1990 ὑπὸ
1417 1934 1468 1989 τῶν
1485 1929 1618 2006 πολεμίων
1636 1933 1824 2006 ἀνατραπεῖσαν·

245 2021 391 2092 συμποσίου
413 2023 503 2098 καιρὸν
522 2023 573 2076 τῶν
592 2019 638 2094 μὲν
655 2017 793 2098 βαρόοίρων
818 2016 861 2076 τὸν
886 2017 1022 2090 Ἀττίλαν,
1068 2023 1095 2080 ἐν
1108 2020 1135 2078 ai
1147 2029 1201 2086 τοῖς
1213 2020 1288 2097 ἱεροῖς
1299 2018 1467 2093 καταλύματι
1479 2022 1530 2078 τῶν
1544 2019 1595 2076 ὑπὸ
1610 2017 1690 2076 νόσων
1700 2013 1825 2092 κατεχομέ-

246 2112 320 2182 ἡμῶν
334 2107 361 2166 δὲ
373 2109 416 2166 τὸν
427 2106 538 2188 βαανθία
550 2106 746 2182 θαυμαζόντων,
758 2109 773 2164 ὅ
785 2106 892 2182 Βαγῖλας
906 2103 971 2184 ίγη,
987 2108 1022 2172 ὡς
1068 2131 1118 2166 νων
1130 2107 1196 2172 τινίς
1208 2108 1348 2185 ἐτύγχανον
1361 2105 1440 2172 ὄντες.
1456 2107 1557 2186 Μικρὸν
1571 2105 1598 2164 δὲ
1613 2105 1665 2163 ἀνω
1673 2109 1715 2162 τοῦ
1724 2105 1827 2177 ποταμοῦ

247 2199 293 2254 οὐκ
304 2195 343 2264 είη
356 2194 411 2252 θιὸν
422 2195 466 2252 καί
476 2195 611 2272 ἄνθρωπον
623 2192 710 2250 δίκαια
722 2192 876 2270 συγκρίνειν,
887 2191 1021 2271 ἄνθρωπον
1069 2197 1095 2252 δν
1118 2197 1225 2273 καθαρῷ
1244 2192 1437 2258 καταλύσαντες
1456 2191 1612 2272 (σύμπαντα
1623 2192 1672 2270 γάρ
1691 2189 1722 2248 τά
1737 2189 1776 2246 ἐπὶ
1788 2185 1826 2254 τὴν

246 2282 344 2358 pirrho
353 2281 487 2353 instar,
496 2281 637 2340 θεὸνδὲτθν
647 2280 786 2344 Θεοδόσιον
796 2277 1023 2359 λίγυιν.Ἥσχαλ·
1068 2285 1148 2364 όχθην
1163 2285 1258 2343 ὀστέων
1275 2273 1307 2354 ἧν
1321 2281 1389 2340 πλία
1401 2284 1451 2338 τῶν
1467 2284 1494 2338 tv
1511 2279 1621 2360 πολίμυρ
1634 2277 1828 2357 ἀναιρεθέντων),

246 2371 291 2427 λον
304 2359 347 2427 οθν
366 2371 389 2426 ot
405 2359 514 2439 Οάννοι,
529 2368 573 2427 καί
588 2369 656 2426 κατὰ
671 2367 763 2449 μικρὸν
777 2367 1024 2446 ύποθιρμαινόμενοι
1069 2397 1101 2450 τη
1116 2371 1238 2450 ἐπαύριον
1249 2369 1313 2449 πρὸς
1332 2369 1457 2444 ’λγίνθεον
1477 2372 1528 2426 τῶν
1544 2371 1570 2426 ἐν
1586 2369 1718 2446 Ἰλλυριοῖς
1737 2361 1829 2440 ταγμά-

247 2454 428 2534 ἷχαδὲαανναν·
447 2455 540 2532 Ἣμιῗνν
555 2455 581 2513 δὲ
597 2457 621 2520 ἒς
637 2455 711 2536 ἕτερα
726 2454 875 2536 τρῑθαῖναυνν
892 2453 1023 2529 τὸνλόγον
1070 2483 1120 2518 τιον
1134 2458 1276 2535 ἡγούμενον
1287 2455 1442 2537 ἀφικόμεθα,
1451 2457 1480 2514 ού
1490 2456 1581 2536 πόρρω
1590 2455 1651 2514 όντα
1662 2459 1705 2523 τῆς
1717 2453 1829 2518 Nestorei,

247 2544 291 2601 καί
316 2544 489 2623 φιλοφροσύνη
513 2542 556 2602 τὸν
583 2545 653 2622 σρῶν
680 2545 764 2600 αὐτῶν
790 2541 1024 2621 καταπραθνόντιον
1073 2546 1114 2622 ἐρ’
1126 2535 1148 2624 ᾧ
1164 2544 1197 2602 τά
1218 2541 1291 2624 παρά
1312 2543 1437 2622 βασιλέως
1456 2543 1577 2620 ἀγγεῖλαι
1599 2540 1710 2606 καὶτοὺς
1731 2537 1830 2618 ρυγάδτς

246 2630 336 2707 θυμὸν,
349 2632 416 2706 μετὰ
429 2631 458 2688 τὸ
471 2631 572 2690 δεῖπνον
584 2633 619 2696 ὡς
633 2629 814 2704 διανίστημεν,
831 2629 921 2709 δώροις
935 2632 949 2686 ό
961 2632 1024 2689 Μα·
1071 2631 1251 2710 παραλαόιῑν·
1270 2629 1330 2695 τοὺς
1349 2629 1399 2710 γάρ
1422 2629 1442 2687 ε’
1459 2634 1511 2688 τῶν
1536 2631 1580 2703 ιζ’,
1600 2629 1659 2708 περὶ
1677 2619 1712 2686 ὧν
1734 2623 1830 2698 Ἀττίλρ

248 2717 343 2794 ξιμῑνος
356 2716 489 2778 Ἐθέκωνα
503 2717 547 2775 καὶ
572 2715 699 2796 Ὀρέστην
715 2717 887 2795 ἐθεράπευσε,
910 2725 1026 2797 σηρικαῖς
1072 2717 1234 2799 ίγίγραπτο,
1252 2717 1330 2775 αὐτόν
1350 2719 1401 2775 ἔδει
1418 2717 1602 2798 παραδιδόναι.
1619 2717 1745 2790 Ἠλθομεν
1760 2701 1798 2768 σύν
1810 2709 1832 2772 ἐς

247 2805 377 2880 ἐσθήμασι
389 2805 433 2862 καί
446 2804 525 2871 λίθοις
540 2804 668 2870 Ἰνδικοῖς.
685 2803 834 2880 Ἀναμείνας
848 2805 875 2862 δὲ
889 2802 936 2874 τὴν
951 2803 1026 2864 Έδί-
1070 2804 1176 2882 λόγους,
1199 2805 1245 2864 καί
1260 2803 1318 2870 τοὺς
1341 2804 1361 2862 ε’
1385 2804 1500 2885 ρυγάδας
1514 2806 1676 2882 παραδοῦναι
1693 2797 1765 2858 αὐτόν
1783 2801 1829 2857 τοῖς

248 2916 328 2958 κιονος
341 2891 469 2971 Ὀρέστης
481 2891 660 2972 ἀναχώρησιν,
672 2890 736 2971 πρὸς
746 2890 790 2950 τὸν
802 2891 946 2967 Μαξιμῖνον
956 2891 1025 2971 ρρσί-
1071 2890 1180 2958 Ούννοις
1199 2892 1447 2970 παρεσκευάσαμεν·
1466 2889 1509 2958 οθς
1526 2887 1773 2972 φιλορρονησάμενος
1793 2879 1832 2938 eta

257 2989 1829 3016 Μ

250 3085 340 3135 toedera
358 3084 569 3146 transgredientem
585 3087 750 3133 Romanorum
769 3084 887 3146 regionem
907 3082 1027 3132 invadere.
1074 3082 1108 3132 eis
1125 3081 1266 3132 restibuset
1284 3071 1384 3144 gemmis
1405 3081 1491 3131 iudicis
1513 3080 1620 3131 donauit.
1652 3081 1743 3129 orestes
1762 3070 1834 3122 deinde

250 3181 262 3204 «ι
277 3163 422 3222 Transiugas
440 3164 531 3222 autern,
547 3161 572 3210 in
589 3161 664 3210 itteris
679 3161 725 3210 iiiis
742 3161 829 3223 inquit,
847 3161 901 3223 post
911 3173 953 3209 eoa
969 3173 1030 3221 quos
1072 3160 1225 3222 praestolatus
1237 3159 1353 3209 Edeeonis
1373 3159 1502 3208 discessum
1517 3159 1592 3208 verbu
1610 3158 1696 3207 taciens
1711 3165 1762 3202 cum
1773 3147 1835 3199 itari-

248 3243 319 3288 antea
329 3238 407 3288 dedidi
419 3251 483 3288 nunc
498 3238 604 3288 tibimiri
615 3237 795 3300 septemdecim.
808 3241 857 3288 tiee
869 3237 933 3286 enim
951 3237 1030 3299 piures
1073 3239 1151 3296 mino,
1164 3236 1208 3286 sibi
1220 3235 1317 3298 quidem
1333 3236 1446 3285 attilium
1462 3235 1566 3298 probum
1583 3237 1608 3286 et
1618 3233 1753 3298 prudentem
1764 3225 1835 3282 rideri,

248 3317 312 3378 apud
324 3330 363 3366 me
380 3329 445 3366 nune
456 3317 521 3366 erint.
535 3334 548 3359 ιι
559 3319 590 3365 Et
602 3316 654 3365 iaec
666 3315 763 3378 quidem
776 3315 861 3364 titteris
875 3314 1030 3364 contineban·
1073 3315 1114 3378 qui
1123 3329 1171 3364 oon
1181 3317 1209 3364 ut
1217 3315 1257 3364 aiii
1264 3315 1366 3364 ministri
1373 3315 1428 3376 regii
1436 3317 1564 3377 peccasset.
1574 3313 1668 3364 Etenim
1677 3305 1836 3372 spretooreste.

248 3397 299 3444 tur.
329 3396 417 3443 coram
446 3396 528 3443 autem
555 3393 714 3442 Maximinum
739 3393 788 3442 suis
820 3391 900 3442 verbis
928 3391 1030 3452 iusserat
1074 3393 1207 3443 Edeconem
1219 3393 1250 3442 ad
1268 3407 1361 3442 emnam
1374 3393 1535 3442 invitaverant
1546 3395 1572 3442 ct
1584 3393 1654 3442 donis
1664 3387 1788 3438 coiuerant.
1799 3383 1838 3430 iios

249 3474 330 3522 Attiise
352 3472 439 3533 dicem,
462 3485 493 3522 ne
511 3473 643 3535 postutarei
665 3471 761 3532 maioris
781 3471 901 3532 dignitatis
918 3471 983 3520 viros
1000 3470 1031 3520 ad
1074 3477 1154 3522 autem
1164 3474 1249 3522 irarum
1259 3472 1455 3521 omniumrerum
1466 3473 1553 3532 ignari,
1564 3485 1614 3534 quo
1630 3466 1770 3534 pertinerent
1786 3465 1837 3510 ore·

249 3566 276 3602 se
300 3553 389 3612 legatos
415 3551 487 3600 mitti.
528 3553 579 3600 iioc
605 3551 670 3600 enim
691 3563 770 3612 neque
796 3551 870 3612 ipsius
899 3551 1031 3611 majoribus
1074 3551 1118 3598 stis
1130 3549 1219 3610 verba,
1237 3563 1285 3598 non
1298 3550 1356 3598 satis
1373 3549 1537 3611 percipientes,
1548 3561 1626 3611 quum
1640 3538 1838 3596 σκευασίαι-θειο-

250 3630 335 3678 datum
347 3641 407 3685 esse,
423 3641 503 3688 neque
514 3627 600 3676 ceteris
612 3628 717 3688 scythica
728 3626 889 3688 regibus,sed
901 3627 1032 3689 quemlibet
1075 3628 1272 3691 mur,quomodo
1293 3631 1317 3677 ot
1334 3641 1383 3689 qua
1403 3628 1427 3676 in
1453 3641 1479 3680 re
1497 3626 1621 3690 despectui
1641 3627 1702 3674 esset
1718 3619 1805 3669 habitus
1819 3615 1840 3660 et

251 3705 352 3754 mititem
379 3706 423 3752 aut
445 3703 519 3751 aiium
546 3703 657 3752 nuntium
680 3703 805 3764 legationis
825 3717 913 3752 munus
936 3703 1030 3754 obiisse.
1075 3705 1171 3755 Edeeou
1188 3703 1279 3754 honore
1295 3705 1410 3766 attactus,
1424 3703 1483 3752 nihii
1498 3703 1621 3766 respoudit
1635 3703 1659 3752 et
1676 3695 1785 3748 discessit.
1802 3695 1839 3738 i‘o·

250 3784 365 3833 Ceterum
385 3781 416 3830 ad
439 3795 467 3831 ea
492 3795 547 3844 quoe
569 3781 631 3830 inter
652 3781 715 3842 ipsos
736 3781 761 3830 in
786 3782 947 3830 eontroversia
964 3784 1033 3832 erant
1075 3781 1450 3844 stridiequumiteriaceremus,
1466 3781 1554 3843 Bigiire,
1574 3793 1630 3844 que
1640 3769 1840 3828 Orestesdixerot,

251 3859 403 3922 dijudicanda
414 3860 457 3910 sibi
471 3859 545 3909 videri
563 3861 705 3922 onegesium
722 3861 784 3910 mitti
797 3859 892 3910 debere.
908 3863 956 3919 Qut
968 3862 1032 3911 enim
1076 3861 1207 3910 retuiimus
1220 3861 1264 3911 iiie
1282 3875 1341 3910 vero
1351 3861 1386 3910 ait
1397 3863 1505 3910 orestem
1516 3873 1565 3909 non
1579 3859 1666 3910 debere
1678 3855 1757 3916 iniquo
1771 3849 1840 3898 ιυίῐαα

253 3937 316 3987 tierit
330 3940 422 3999 posset,
435 3938 463 3986 ut
479 3938 504 3986 in
524 3936 662 3998 Serdicam,
684 3950 739 3998 quae
755 3937 834 3986 diruta
856 3941 930 3998 esset,
949 3939 1034 3988 Attiias
1076 3937 1152 3999 terre,
1173 3938 1193 3987 si
1214 3938 1298 3988 eadem
1317 3951 1373 4000 quae
1391 3938 1487 3987 Edeeon
1515 3938 1616 3986 minime
1629 3936 1691 3985 meet
1705 3929 1840 3982 consecutus·

252 4024 309 4063 enm
330 4013 381 4060 viro
400 4013 516 4061 consulari
538 4014 693 4062 conueniret?
709 4017 736 4062 in
758 4014 804 4062 hac
824 4013 941 4075 legatione
957 4015 1033 4063 itari·
1077 4020 1186 4066 Orestem
1196 4017 1260 4066 enim
1271 4018 1382 4066 comitem
1395 4019 1419 4066 et
1435 4017 1536 4066 scribam
1546 4016 1628 4067 attile
1636 4051 1644 4077 ,
1655 4012 1783 4064 Edaeonem
1794 4013 1842 4050 vert

252 4093 332 4141 minus
349 4091 458 4152 precihus
469 4091 526 4140 mihi
538 4091 668 4153 persuasit,
680 4094 708 4140 ut
718 4091 751 4141 iiii
765 4105 845 4140 eomas
861 4105 944 4141 assem
956 4096 1033 4153 Atque
1077 4095 1139 4144 betto
1158 4095 1331 4157 eiarissimum,
1346 4098 1374 4144 ut
1384 4097 1476 4158 egente
1492 4097 1650 4154 iiunnorum,
1660 4093 1727 4152 longe
1737 4087 1799 4136 ilium
1810 4079 1841 4128 di·

253 4169 287 4218 ita
296 4181 352 4216 eum
362 4167 469 4216 barbaris
478 4169 521 4216 iter
532 4169 608 4217 tacere
625 4169 756 4230 ecepimus,
775 4171 799 4218 et
809 4169 833 4218 in
847 4168 967 4218 Serdicam
980 4183 1034 4231 per·
1077 4175 1166 4232 gnitate
1175 4172 1326 4222 anteceiiere.
1340 4176 1399 4230 Quae
1416 4185 1491 4235 quum
1502 4171 1650 4233 toqueretur,
1663 4168 1737 4231 patrio
1747 4169 1843 4211 εσιανανν

253 4248 371 4307 venimus,
387 4246 462 4295 trium
481 4249 504 4296 et
515 4246 598 4296 decem
609 4248 701 4297 dierum
714 4248 798 4297 itinere
816 4248 926 4310 expedito
944 4248 1034 4298 inomini
1077 4248 1323 4310 Edeoonemattatus,
1340 4263 1388 4298 non
1405 4249 1482 4298 muito
1493 4253 1546 4311 post
1563 4240 1796 4297 nobiseonfirmarii,
1808 4247 1843 4281 serr

254 4323 490 4384 attonstantinopoii
510 4323 646 4374 distantem.
670 4325 705 4374 ibi
724 4328 899 4373 commorantes
913 4325 945 4373 ad
954 4325 1034 4374 eibum
1077 4340 1135 4376 vera
1151 4328 1281 4389 proterret,
1301 4341 1342 4376 seu
1357 4327 1471 4390 tingeret,
1483 4340 1509 4378 se
1524 4325 1627 4376 Edeconi
1641 4337 1670 4374 ca
1680 4333 1734 4384 quae
1745 4318 1806 4380 prius
1815 4311 1844 4359 ilfi

254 4400 526 4452 nobiscumsumendum
536 4403 1035 4454 iideeonaetceterosbarbarosinritandos
1078 4403 1216 4453 dixeramus
1236 4405 1387 4466 exposuisse,
1401 4407 1425 4454 et
1437 4417 1499 4466 aegre
1517 4403 1577 4453 iram
1588 4403 1640 4464 ejus
1649 4401 1681 4450 oi)
1690 4399 1751 4448 dieta
1766 4388 1845 4442 oreris

254 4478 376 4527 duximus.
409 4479 488 4528 Rubra
499 4479 605 4540 agitaret
615 4481 709 4540 ovibus,
721 4493 782 4542 quas
793 4481 877 4530 incolae
895 4481 963 4530 nobis
980 4495 1035 4544 snp-
1077 4481 1194 4530 lenivisse.
1205 4481 1322 4530 Venimus
1331 4481 1454 4540 Naissum,
1464 4494 1519 4544 quae
1529 4481 1560 4529 ab
1571 4479 1680 4529 hostibus
1690 4473 1765 4525 tuerat
1773 4477 1845 4519 eversa

254 4556 429 4619 peditaverant,
440 4555 566 4620 jupriatis,
578 4559 696 4608 instructo
713 4559 823 4608 convivio
833 4560 921 4621 enuisti
939 4573 1031 4611 sumus.
1077 4561 1101 4608 ei
1108 4559 1159 4608 soio
1166 4561 1259 4620 aequata
1268 4574 1274 4607 :
1283 4560 1364 4621 itaque
1374 4572 1426 4608 eam
1436 4555 1553 4608 desertam
1563 4548 1845 4606 hominibusoiiendimus

255 4637 321 4685 inter
330 4635 412 4716 epotas
420 4634 515 4684 barbari
525 4638 638 4696 Attilam,
651 4651 696 4687 nos
707 4639 874 4700 imperatorem
885 4639 997 4689 admirari
1009 4643 1034 4691 et
1077 4638 1236 4698 praeterquam
1248 4635 1313 4698 qnod
1322 4635 1346 4683 in
1358 4635 1483 4684 ruderibus
1490 4647 1613 4684 sacrarum
1625 4631 1713 4681 aedium
1727 4626 1789 4676 αιααί
1798 4619 1844 4681 qui·

255 4712 381 4762 extoliere.
413 4711 1033 4777 AdquaeBigiiasdixitminimejmtumassc,deum
1077 4714 1133 4763 dam
1145 4715 1236 4777 aegmti.
1252 4715 1324 4763 Pauio
1339 4713 1432 4776 longius
1446 4727 1460 4762 a
1475 4701 1846 4762 dumineadracuaiocadiur·

255 4801 312 4838 eum
324 4789 420 4838 homine
429 4801 579 4852 comparare,
589 4791 711 4841 hominem
721 4794 833 4852 ittiiam,
842 4792 914 4842 deum
926 4795 1032 4844 Tireodo·
1077 4795 1156 4842 tentes
1168 4791 1264 4852 (omnia
1273 4791 1337 4840 enim
1349 4791 1412 4840 eirea
1426 4791 1502 4852 ripam
1515 4792 1582 4840 erant
1591 4789 1661 4850 piena
1673 4783 1762 4835 ossibus
1772 4785 1846 4826 eorum

256 4867 319 4916 aium
328 4879 426 4915 vocans.
438 4866 466 4916 id
478 4880 542 4930 aegre
555 4869 661 4919 tuterunt
671 4871 791 4929 iiunni,et
800 4871 887 4919 sensim
897 4871 932 4919 ira
941 4875 1033 4921 accensi
1078 4870 1119 4931 qui
1129 4868 1193 4917 beiio
1211 4867 1379 4930 ceciderant),
1392 4867 1505 4930 postridie
1521 4867 1552 4916 ad
1567 4865 1724 4926 timotheum,
1736 4856 1847 4918 copiarum

257 4943 468 5006 exasperabantur.
501 4947 551 4996 iios
563 4959 620 4995 vero
634 4947 681 4995 aiio
693 4959 827 4995 sermonem
846 4947 999 5010 detorquere,
1009 4951 1035 4998 et
1078 4944 1103 4993 in
1121 4943 1213 5005 liiyrieo
1232 4943 1330 5003 ducam,
1347 4943 1390 5004 qui
1402 4957 1450 4992 non
1462 4942 1557 5005 iunges
1572 4941 1655 4992 Naisso
1668 4935 1798 4988 irretiebat,
1813 4939 1845 4975 αν·

257 5034 340 5069 corum
357 5021 416 5069 iram
428 5020 521 5071 blandis
531 5022 610 5071 verbis
628 5021 710 5072 lenire.
725 5029 824 5072 nonna
835 5025 864 5071 ut
874 5025 1033 5084 surreximus,
1079 5024 1206 5082 cessimus,
1215 5025 1251 5082 ut,
1258 5021 1352 5071 traditis
1361 5021 1510 5084 imperatoris
1518 5019 1649 5080 mandatis,
1659 5016 1812 5076 reciperemus
1821 5004 1847 5053 ab

258 5097 401 5147 itaaiminus
411 5099 544 5150 Edemnem
554 5100 769 5151 etorestemdonis
780 5100 963 5164 conciliaturus,
974 5101 1035 5152 Seri·
1080 5115 1109 5152 eo
1124 5101 1231 5164 quinque
1247 5101 1394 5166 transfugas,
1417 5101 1458 5164 qui
1479 5097 1649 5164 sepitemdeetm
1670 5104 1805 5148 numerum,
1822 5083 1848 5132 de
