3908 5732
826 375 1070 436 FRAGMENTA.
1694 387 1752 440 595

152 508 230 565 λιστα
242 503 301 572 τούς
310 503 407 582 δήμους
419 501 522 575 έλύπει,
535 501 625 569 πένθος
636 525 664 562 τε
679 501 803 580 δημόσιον
816 503 934 575 ἐνεποίει,
979 502 1085 580 γνώμην
1100 503 1230 574 δηλοῦσα,
1245 503 1354 579 δεομένη
1368 525 1395 561 τε
1411 503 1577 584 συναίρεσθαι
1591 508 1623 583 τῇ
1636 506 1751 584 πατρίδι.

154 593 216 670 δίχα
237 591 326 670 μάχης
346 590 403 669 ὄψις
425 590 593 669 πολιορκίας,
614 589 649 657 ῶς
663 613 734 656 τινας
747 593 798 648 τῶν
814 591 934 666 δημοτῶν
979 593 1015 650 Οί
1027 593 1143 649 πλεῖστοι
1156 589 1202 666 μὲν
1214 582 1257 649 σύν
1272 588 1437 668 προσήκαντο
1450 591 1497 653 τήν
1511 590 1664 672 πρεσὸείαν·
1674 592 1755 670 ὀλίγοι

153 680 198 739 καί
211 683 246 746 είς
259 686 349 758 χεῖρας
362 677 459 752 ἐλθεῖν)
470 700 476 713 ·
489 679 603 736 ἐντεῦθεν
616 677 731 755 μάλιστα
743 679 770 735 αἱ
784 679 867 756 ψυχαὶ
881 680 932 734 τῶν
980 677 1007 736 δέ
1019 700 1084 744 τινες
1095 677 1264 757 διεχρήσαντο
1275 677 1333 744 τοὺς
1348 677 1476 744 ἐλθόντας.

151 765 274 824 ἀπάντων
285 763 471 844 ἀπηρέσκοντο,
483 761 542 821 οίτι
552 767 709 841 στρατιῶται
720 764 889 840 ώνειδίζοντο,
899 766 933 830 ὡς
1018 793 1040 832 η,
1065 772 1118 832 Καὶ
1135 771 1168 830 τὰ
1190 770 1237 850 μὲν
1260 771 1328 831 κατὰ
1349 771 1395 844 τὴν
1416 772 1558 852 Ῥωμαίων
1578 773 1653 833 πόλιν
1669 798 1695 834 τ.
1710 776 1755 834 xa!

151 853 183 924 δή
198 854 230 910 δι’
246 850 338 918 αὐτούς
346 856 430 910 ταῦτα
440 851 596 931 πράττοντος
612 850 770 926 Μαξιμίνου.
786 850 876 911 Αἰτίαι
886 849 933 926 μέν
978 857 1084 938 γνώμην
1100 864 1207 918 τοιαῦτα
1221 851 1264 931 ἦν.
1282 859 1328 919 Ἐν
1342 859 1416 940 δέτῇ
1437 861 1587 940 Καρχηδόνι
1600 865 1694 940 ούχῶς
1707 865 1755 936 ήλ-

150 933 195 996 οὖν
207 931 284 996 αύται
297 940 332 1004 είς
344 945 419 1014 μῖσος
430 937 476 994 καί
488 935 630 996 ἀπόστασιν
642 935 759 1003 ἅπαντας
770 936 930 1016 παρώξυνον.
978 968 1057 1004 mm
1072 945 1105 1004 τὰ
1118 946 1261 1027 πράγματα
1278 945 1434 1027 προύχώρη,
1456 947 1638 1016 χ,,,,,χχ,,,,·ος
1657 947 1708 1028 γὰρ
1723 943 1755 1022 χ,

513 1034 576 1100 146.
976 1057 1014 1099 τις
1028 1033 1110 1109 ὄνομα
1126 1038 1177 1092 τῶν
1192 1033 1244 1091 ἀπὸ
1258 1032 1419 1110 συγκλήτου·
1439 1038 1526 1111 ήγεῖτο
1540 1035 1567 1092 δέ
1580 1037 1755 1114 Μαυρουσίων

190 1134 257 1186 Ειιο.
283 1133 325 1186 De
340 1131 392 1188 ins,
403 1148 433 1203 p.
450 1127 487 1184 50
505 1149 511 1184 ε
527 1124 592 1187 Ὅτι
604 1127 646 1185 διὰ
660 1127 707 1198 τὴν
720 1127 873 1207 τραχύτητα
888 1130 932 1186 καὶ
976 1123 1027 1178 τῶν
1046 1119 1096 1178 ὑπὸ
1113 1117 1255 1195 Ῥωμαίοις
1278 1120 1419 1196 Νομάδων,
1441 1120 1508 1199 έχων
1529 1121 1574 1180 καί
1590 1127 1754 1198 στρατιωτῶν

149 1215 275 1290 ὠμότητα
287 1218 332 1272 τοῦ
348 1211 496 1288 Μαξιμίνου
510 1215 545 1280 εἰς
559 1217 633 1288 μῖσος
647 1215 692 1272 καὶ
707 1215 851 1272 ἀπόστασιν
864 1214 931 1272 πάν·
978 1207 1025 1264 οὐκ
1038 1205 1262 1287 εὐκαταφρόνητον
1278 1206 1398 1282 δύναμιν·
1414 1210 1514 1267 Τοῦτον
1529 1213 1543 1266 ὅ
1557 1209 1694 1288 Γορδῑανὸε
1709 1214 1755 1278 τῆς

150 1325 191 1366 τες
206 1299 402 1380 παρωξύνοντο,
417 1300 543 1380 ἄρξασθαι
555 1299 582 1358 δέ
596 1300 677 1366 οὐδεὶς
691 1299 803 1376 ἐτόλμα,
816 1299 891 1380 ἀχρις
903 1293 931 1360 ού
977 1295 1060 1372 ἀρχῆς
1071 1293 1239 1372 παραλύσας,
1250 1300 1294 1353 τοῦ
1309 1294 1394 1361 ἔθνους
1405 1294 1513 1362 ἐξελθεῖν
1526 1296 1669 1355 ἐκέλευσεν·
1685 1296 1718 1366 Ὁ
1727 1299 1755 1356 δέ

150 1388 244 1454 Ateus:
256 1387 446 1460 ἐπανέστησαν,
456 1385 482 1454 ἐξ
492 1386 696 1454 αἰτίαςτοιᾶσδε.
709 1387 887 1466 Ἐπετρόπευέ
895 1413 932 1455 τις
976 1379 1019 1437 τὸν
1040 1381 1149 1458 στρατὸν
1165 1380 1298 1460 ἀθροίσας,
1313 1384 1440 1450 κατῆλθεν
1461 1383 1504 1440 ίπέ
1519 1381 1566 1453 τὴν
1583 1383 1756 1462 Καρχηδόνα..

148 1480 196 1546 τῆς
213 1474 394 1556 Καρχηδονίας
408 1472 496 1554 χώρας
518 1475 670 1553 τραχύτατα
690 1473 735 1530 καί
758 1472 825 1548 μετδι
845 1473 931 1544 πάσης
977 1466 1022 1533 Ὡς
1034 1466 1060 1526 δὲ
1076 1467 1228 1544 ἀπηγγέλθη
1243 1471 1279 1547 τῷ
1302 1472 1323 1528 Γ
1323 1470 1434 1548 ορδεανῷ
1448 1472 1461 1527 ὁ
1473 1469 1582 1547 στρατὸς
1593 1469 1707 1550 προσιὼν
1722 1474 1756 1550 τῆ

148 1561 296 1638 ὠμότητος,
309 1561 451 1627 καταδίκας
470 1583 497 1618 τε
510 1565 590 1619 ποιῶν
605 1560 650 1618 καί
665 1559 809 1640 χρημάτων
822 1561 930 1640 εἷσπρά·

149 1649 211 1722 Εεες,
225 1647 377 1726 βουλόμενος
389 1647 533 1722 εὐδοκιμεῖν
545 1645 617 1725 παρά
629 1650 666 1726 τῷ
679 1645 831 1725 λίοξιμίνιρ.
848 1647 931 1706 Ἰίκεῐ-

148 1737 190 1803 νός
203 1737 264 1812 (τε)
278 1733 328 1815 γὰρ
341 1733 400 1802 τούς
417 1733 621 1814 ἀρμόζονταςτῇ
642 1737 721 1792 αὑτοῦ
734 1731 827 1812 γνώμη
840 1734 930 1792 ἐπελέ·

148 1847 218 1901 γετο.
236 1823 283 1881 Διὸ
302 1827 348 1892 τῆς
362 1821 461 1892 Λιύύης
476 1821 562 1900 ἀρχων
575 1829 656 1878 πᾶσιν
671 1818 718 1896 μέν
733 1820 825 1898 βιηίως
838 1821 930 1902 έπερέο

149 1931 208 1990 ρετο
215 1955 223 1982 ,
230 1909 377 1976 νεανίσκους
386 1907 414 1967 δέ
424 1931 496 1975 τινας
506 1912 556 1966 τῶν
567 1907 629 1988 παρ’
639 1908 744 1974 ἐκείνοις
752 1901 781 1966 εύ
789 1909 930 1986 γεγονότων

148 1997 232 2076 [καὶ]
257 1995 398 2066 πλουσίων,
416 1993 569 2061 καταδίκαις
587 1995 746 2074 περιάαλὼν,
767 1995 929 2074 εἰσπράττειν

148 2085 223 2164 [τά]
238 2085 364 2163 χρήματα
376 2081 468 2148 εὐθέως
481 2084 616 2162 έπειρᾶτο,
630 2082 758 2160 πατρῴων
773 2105 801 2140 τε
811 2082 856 2141 καὶ
866 2105 929 2163 προ·

148 2175 257 2248 γονικῶν
267 2173 358 2228 οὐσιῶν
371 2167 462 2234 αύτούς
471 2171 641 2246 ἀναιρεῖσθαι.
652 2169 712 2249 Ἐφ’
724 2159 759 2235 οἷς
770 2167 930 2246 ἀλγήσαντες

147 2254 233 2332 ούτοι,
245 2261 278 2319 τά
292 2259 339 2336 μέν
353 2258 479 2340 χρήματα
494 2259 585 2318 δώσειν
599 2257 758 2338 ὑπέσχοντο,
772 2262 850 2338 τριῶν
862 2265 928 2335 ἡμε-

148 2352 202 2428 ρῶν
214 2349 367 2419 αίπήσαντες
378 2347 510 2404 ἀνάθεσιν·
524 2347 688 2422 συνωμοσίαν
705 2347 731 2404 δέ
746 2348 927 2422 ποιησάμενοι,

146 2435 248 2501 πάντας
269 2434 312 2501 οθς
324 2435 430 2512 ᾔδεισαν
445 2432 462 2504 ἢ
479 2433 639 2498 πεπονθότας
659 2457 684 2490 τι
704 2434 786 2492 δεινὸν
807 2432 928 2504 ἣπαθεῖν

147 2520 303 2593 δεδοικότας,
315 2521 460 2591 πείσαντες,
472 2519 606 2578 κελεύουσι
614 2519 715 2598 νύκτωρ
725 2523 858 2578 κατελθεῖν
870 2519 929 2587 τούς

147 2612 178 2666 ἐκ
191 2614 241 2666 τῶν
256 2612 341 2685 ἀγρῶν
354 2608 502 2674 νεανίσκους
510 2606 598 2683 ,ξύλα
612 2630 640 2665 τε
652 2606 697 2664 καί
708 2606 827 2674 πελέκεις
839 2608 927 2688 ἐπιρέ·

149 2701 252 2775 ρεσθιιι.
269 2699 305 2757 Οἱ
326 2693 353 2753 δὲ
374 2693 441 2773 μέγα
462 2719 487 2752 τι
509 2697 605 2765 πλῆθος
620 2695 796 2770 συνελθόντες,
812 2692 868 2770 ἀμα
891 2698 929 2775 τῷ

147 2784 308 2864 περιόρθριον
318 2783 436 2861 γενέσθαι
445 2785 480 2848 είς
489 2783 547 2848 τοὺς
554 2785 604 2839 τῶν
616 2783 746 2841 δεσποτῶν
756 2781 840 2850 οίκονς
848 2785 930 2840 ἀπαν·

146 2873 229 2940 τῶσι,
253 2869 298 2927 καί
323 2868 370 2927 σύν
391 2870 477 2935 αὐτοῖς
498 2867 592 2934 πάντες
608 2871 708 2946 ὁρμῶσι
733 2867 859 2948 ξιρήρεες·
885 2870 929 2928 καί

147 2955 273 3034 πρότερον
288 2954 334 3031 μέν
349 2958 392 3013 τὸν
415 2955 552 3033 ἐπίτροπον
569 2955 700 3036 αἰφνιδίως
715 2957 864 3034 ἀναιροῦσι,
885 2955 930 3014 καί

147 3041 260 3108 πολλοὺς
274 3046 325 3100 τῶν
340 3043 400 3120 περὶ
418 3041 496 3102 αύτδν
511 3043 693 3122 στρατιωτῶν·
714 3042 804 3101 ἔπειτα
818 3043 864 3102 καί
885 3043 929 3101 τόν

147 3133 194 3198 τῆς
208 3127 296 3206 χώρας
309 3127 461 3205 ἡγούμενον.

189 3236 212 3275 ε.
236 3214 282 3278 Ὡς
297 3213 418 3274 δὲταῦτα
433 3214 517 3279 αὐτοῖς
530 3214 723 3293 προεχώρησεν,
737 3217 763 3274 ἐν
774 3215 856 3294 ἔργοις
870 3217 927 3292 μεί-

149 3305 218 3369 ζοσιν
226 3301 323 3379 ᾔδεσαν
331 3301 423 3379 [μόνην
431 3304 532 3366 ἑαυτοῖς
539 3301 670 3379 σωτηρίαν
679 3301 929 3381 θπάρχουσαν]·πᾶν

149 3389 214 3447 τετὸ
226 3389 293 3456 ἔθνος
303 3387 488 3452 ἀναπείσαντες
497 3392 532 3454 είς
541 3387 685 3447 ἀπόστασιν
695 3387 772 3468 (ὅπερ
779 3389 875 3468 ᾔδεσαν
883 3389 927 3446 πά-

148 3477 248 3552 λαιμέν
259 3475 379 3555 εὔχεσθαι
392 3475 462 3551 μίσει
473 3475 629 3550 Μαξιμίνου,
640 3477 713 3557 ρόύιμ
721 3475 749 3534 δέ
758 3475 928 3554 κωλύεσθαι),

148 3561 547 3643 μεσαζούσηςήμέρας[ε’πίασιν]
557 3563 652 3634 έπὶτήν
660 3563 930 3629 τοῦάνθυπατεύεντος

147 3650 243 3709 οἰκίαν·
256 3649 392 3728 ἐόρδιανδς
402 3649 428 3707 δέ
436 3641 467 3720 ήν
475 3647 567 3726 ὄνομα,
575 3649 665 3731 κλήρῳ
674 3651 721 3718 μὲν
729 3649 776 3720 τὴν
784 3651 929 3709 ἀνθύπατον

976 1553 1066 1630 πόλει,
1081 1553 1157 1622 οὗτός
1170 1577 1198 1612 τε
1213 1556 1239 1612 ἐν
1254 1554 1358 1633 ἐσχάτῳ
1375 1556 1427 1613 δέει
1441 1547 1482 1627 ήν,
1497 1553 1524 1614 οί
1536 1579 1562 1614 τε
1580 1557 1755 1636 Καρχηδόνιοι

975 1640 1157 1718 ταραχθέντες,
1168 1640 1280 1718 οἰόμενοί
1291 1665 1318 1700 τε
1332 1644 1357 1699 ἐν
1370 1641 1463 1711 πλήθει
1475 1642 1568 1720 ὄχλου,
1582 1647 1629 1703 ούκ
1641 1647 1667 1703 ἐν
1679 1647 1756 1704 εύτα·

975 1727 1017 1808 {iq
1030 1733 1160 1807 στρατοῦ,
1175 1737 1259 1805 νικᾶν,
1275 1729 1406 1803 πανδημεί
1418 1729 1512 1794 πάντες
1527 1729 1634 1798 ἐξίασιν.
1742 1797 1745 1804 Δ

1014 1844 1037 1881 ε.
1060 1821 1094 1884 Ὁ
1117 1822 1254 1901 Γορδιανδς
1268 1823 1316 1897 μέν
1336 1815 1379 1882 ούν
1393 1828 1407 1883 ὁ
1423 1825 1568 1904 πρεσὸύτης
1583 1827 1640 1903 ἀμα
1658 1833 1696 1909 τῷ
1709 1836 1755 1901 τῆς

977 1908 1146 1988 Καρχηδόνος
1160 1910 1283 1981 ἐπεύῆναι
1300 1913 1326 1970 ἐν
1340 1912 1486 1989 ἀπογνώσει
1497 1913 1648 1990 γενόμενος,
1663 1918 1754 1976 ἐννοῶν

974 1994 1021 2064 τήν
1034 1993 1143 2071 δύναμιν
1158 1996 1320 2071 Μαξιμίνου,
1333 1997 1404 2056 οὐδὲν
1416 1997 1443 2056 δέ
1458 2001 1523 2078 δρῶν
1540 2001 1565 2056 ἐν
1580 2000 1667 2080 Λιάύη
1683 2000 1750 2070 ἀξιό-

975 2105 1070 2162 μαχον,
1087 2083 1232 2158 ἀνήρτησεν
1251 2084 1341 2142 ἑαυτὸν
1360 2084 1456 2164 βρόχῳ.
1475 2087 1662 2165 Κρυπτομένης
1688 2089 1756 2168 [δέ]

975 2171 1054 2226 αὐτοῦ
1067 2172 1113 2240 τῆς
1123 2173 1258 2241 τελευτῆς,
1269 2170 1313 2228 τὸν
1324 2172 1378 2230 υίδν
1394 2174 1471 2230 αὐτοῦ
1485 2173 1697 2250 στρατηγήσοντα
1709 2182 1754 2234 τοίι

974 2255 1086 2326 πλήθους
1105 2255 1214 2318 εἵλοντο.
1230 2258 1374 2332 Γενομένης
1399 2257 1426 2316 δὲ
1441 2257 1586 2335 συμάολῆς,
1605 2261 1716 2330 ἀπαντες
1731 2267 1754 2322 οἱ

977 2342 1155 2422 Καρχηδόνιοι
1169 2345 1356 2424 διερθάρησαν·
1378 2347 1427 2423 οὐχ
1446 2344 1630 2419 ὑπομείναντες
1643 2347 1694 2428 γδιρ
1708 2347 1755 2420 τήν

975 2431 1063 2508 έροδον
1078 2433 1128 2488 τῶν
1144 2419 1293 2512 βαρύάρων,
1306 2431 1374 2490 ἀλλά
1390 2433 1475 2492 πάντα
1488 2433 1505 2490 ἇ
1519 2433 1673 2514 ἐπερέροντο
1686 2436 1755 2499 ὅπλα

975 2519 1094 2597 ῥίψαντες
1105 2515 1212 2598 ἔφυγον·
1224 2519 1364 2594 ὠθούμενοι
1376 2518 1403 2578 δέ
1422 2523 1466 2577 ὑπ’
1480 2521 1601 2591 ἀλλήλοιν
1618 2525 1641 2580 οἱ
1654 2523 1756 2589 πλείους

976 2604 1121 2666 ἀπώλοντο.
1142 2604 1225 2664 Ἔνθα
1242 2605 1315 2664 καλό
1335 2613 1380 2665 τοῦ
1395 2609 1417 2665 Γ
1417 2608 1535 2684 ορδιανοῦ
1553 2607 1605 2673 υίὸς
1628 2609 1755 2690 ἀνῃρέθη,

974 2689 1019 2749 καὶ
1033 2694 1057 2748 οἱ
1071 2692 1130 2771 περί
1145 2692 1223 2751 αὐτὸν
1240 2693 1349 2764 πάντες,
1368 2697 1402 2758 ώς
1423 2691 1465 2750 διέε
1486 2695 1583 2764 πλῆθος
1603 2695 1754 2772 πτωμάτων

977 2776 1044 2854 μηδέ
1057 2778 1116 2845 τούς
1140 2778 1243 2858 νεκρούς
1262 2785 1376 2858 ταφῆναι
1399 2779 1466 2854 μηδὲ
1487 2785 1533 2839 τοῦ
1548 2783 1690 2859 Γορδιανοῶ
1709 2787 1754 2841 τοῦ

975 2863 1032 2923 νέου
1047 2868 1181 2945 εὑρεθῆναι
1192 2869 1279 2941 σῶμα.
1304 2865 1394 2936 Πολλὴ
1409 2867 1435 2924 δέ
1453 2867 1554 2944 οίμωγή
1569 2867 1637 2926 κατδι
1648 2869 1695 2939 τήν
1707 2869 1754 2926 πό-

977 2952 1016 3009 λιν
1037 2955 1166 3028 γυναικῶν
1183 2975 1211 3010 τε
1230 2952 1275 3012 καί
1291 2952 1391 3010 παίδων
1404 2953 1515 3030 ἐγένετο.
1528 2954 1646 3034 Τοιούτῳ
1660 2957 1707 3031 μέν
1721 2955 1753 3026 δὴ

975 3037 1043 3096 τέλει
1063 3041 1077 3095 θ
1090 3041 1112 3098 Γ
1113 3039 1228 3118 ορδιανδς
1242 3039 1388 3119 ἐχρήσατο,
1407 3040 1503 3118 βιώσας
1516 3041 1550 3099 τὰ
1560 3044 1652 3119 πρῶτα
1668 3043 1755 3101 εύδαι-

976 3126 1073 3203 μόνως,
1088 3129 1114 3184 έν
1127 3127 1205 3186 εἰκόνι
1216 3151 1243 3186 τε
1259 3128 1392 3207 βασιλείας
1405 3128 1573 3198 τελευτήσας.

1014 3233 1036 3274 ο.
1050 3212 1084 3273 ‘0
1097 3213 1124 3272 δὲ
1137 3214 1316 3283 Καπελλεανδς
1328 3217 1363 3280 εἷς
1375 3213 1534 3294 Καρχηδόνα
1546 3215 1678 3288 εἰσελθών,
1688 3215 1753 3274 πάν·

974 3323 1020 3367 τας
1039 3325 1067 3358 τε
1081 3300 1138 3367 τούς
1152 3301 1330 3378 πρωτεύοντας
1350 3302 1510 3376 ἀπέκτεινεν,
1523 3301 1567 3361 καλ
1581 3301 1606 3360 εἴ
1618 3325 1682 3368 τινες
1701 3303 1755 3360 διε,

975 3387 1096 3459 σώθησαν
1111 3391 1141 3446 ἐκ
1158 3392 1204 3456 τῆς
1220 3389 1323 3467 μάχης,
1338 3388 1451 3468 ἐφείδετο
1471 3389 1586 3460 οὐδενὸς,
1606 3389 1665 3447 οὔτε
1678 3392 1753 3468 ἱερῶν

976 3473 1123 3546 συλήσεως,
1146 3473 1204 3534 οὔτε
1227 3476 1371 3554 χρημάτων
1395 3475 1532 3553 ἀρπαγῆς·
1557 3475 1624 3534 ἀλλδι
1647 3476 1691 3534 καί
1709 3474 1755 3542 τάς

975 3560 1065 3626 λοιπός
1076 3562 1177 3641 περιῄει
1188 3563 1274 3628 πόλεις
1286 3569 1393 3622 τοιαῦτα
1404 3565 1480 3643 δρῶν.
1492 3562 1539 3629 Ὡς
1552 3562 1579 3621 δέ
1591 3565 1616 3629 ἐς
1627 3562 1672 3632 τήν
1686 3562 1755 3623 ‘Paa-

974 3671 1027 3720 μην
1041 3649 1158 3720 ἐδηλώθη
1174 3654 1190 3719 ἡ
1204 3655 1249 3707 τοῦ
1261 3648 1408 3728 πρεσὸύτου
1423 3649 1546 3724 τελευτή,
1556 3651 1581 3706 ἓν
1594 3651 1678 3725 πολλῇ
1691 3652 1755 3726 ἀρα·

147 3734 930 3818 λαχών,πρεσύύτηςδέείςἔτοςπ’ἐληλακὼς,πολλῶντεπρό-
975 3736 1019 3814 σίιρ
1041 3735 1167 3811 ἐγένοντο.
1184 3733 1290 3804 Ἔδοξεν
1307 3728 1351 3796 ούν
1373 3739 1457 3804 αὐτοῖς
1474 3738 1604 3796 συνελθεῖν
1625 3735 1670 3794 καὶ
1692 3734 1753 3812 περὶ

148 3847 221 3904 τερον
231 3823 322 3902 [ἀρξας
334 3824 423 3896 ἐθνῶν,
430 3822 457 3880 έν
467 3845 496 3880 τε
503 3821 613 3902 πράξεσι
622 3823 927 3901 μεγίσταιςέξετασθείς],
975 3827 1027 3880 τῶν
1041 3825 1176 3903 πρακτέων
1193 3829 1350 3904 σκέψασθαι,
1365 3825 1410 3883 καὶ
1424 3821 1652 3902 προστησαμένους
1666 3821 1755 3880 ἐπιλέν

189 3933 212 3972 α.
223 3909 650 3990 ’“”πράξιιςύπατικδις(Σαάῐνος
660 3909 686 3967 δέ
698 3901 730 3980 ήν
740 3909 822 3986 ὄνομα
833 3912 928 3990 αὐτῷ),
974 3907 1066 3976 ξασθαι
1082 3911 1202 3988 βασιλέα.
1220 3913 1353 3980 Συνῆλθον
1378 3902 1459 3992 [σύν]
1480 3913 1516 3976 εἷς
1529 3910 1559 3968 τδ
1577 3908 1754 3985 Καπιτώλιον,

150 3997 305 4078 βουλόμενον
327 4000 444 4056 κωλῦσαι
471 3997 504 4055 τὰ
531 3996 667 4072 γενόμενα,
691 3994 760 4072 ξύλῳ
788 3996 929 4056 πεισθέντα
974 3995 1018 4054 καί
1033 3998 1188 4077 ψηφίζονται
1200 3999 1314 4076 βασιλεῖς
1330 3997 1449 4073 Μάξιμόν
1459 4020 1488 4056 τε
1501 3997 1547 4054 καί
1561 3994 1702 4072 Βαλόῑνον,
1712 3997 1753 4053 εὖ·

148 4082 217 4142 κατὰ
231 4089 276 4142 τοῦ
289 4083 394 4162 κρανίου
404 4084 568 4152 τελευτῆσαι.
583 4082 639 4141 Καὶ
649 4086 664 4140 δ
675 4081 724 4158 μέν
737 4085 818 4158 δῆμος
831 4084 857 4139 ἐν
868 4082 928 4140 τού·
975 4082 1037 4149 θέως
1049 4106 1076 4140 τε
1088 4084 1278 4163 αὐτοκράτορας
1289 4085 1468 4158 ὀνομάζουσιν.
1638 4155 1641 4162 .

147 4194 201 4238 τοις
212 4163 255 4241 ἦν.
270 4169 305 4232 ‘fl
318 4169 345 4228 δέ
357 4169 501 4247 σύγκλητος
512 4169 583 4237 ἅπαξ
595 4168 793 4248 ἀνσρριρθέντος
802 4167 929 4240 κινδύνου,
1014 4189 1036 4228 7.
1052 4168 1085 4228 ’0
1098 4169 1124 4227 δὲ
1141 4169 1283 4245 ίίίαξιμῐνος
1295 4169 1363 4242 ήσθη
1376 4171 1422 4246 μέν
1433 4171 1477 4229 ἐπὶ
1488 4175 1519 4248 τῇ
1531 4173 1582 4228 τῶν
1595 4167 1754 4231 Ἰταλιωτῶν

148 4256 236 4315 πάντα
250 4256 374 4336 ἔπραττεν
390 4258 425 4322 εἰς
438 4255 467 4313 τὸ
486 4258 634 4326 ἀποστῆσαι
649 4254 682 4314 τδι
701 4255 776 4327 ἔθνη,
790 4253 930 4332 πρεσύείαν
974 4254 1046 4321 εὐθὺς
1058 4261 1140 4335 φυγῇ,
1155 4258 1264 4324 ἐλπίζων
1275 4257 1375 4324 πάντας
1386 4263 1460 4316 τοῦτο
1472 4257 1603 4328 ποιήσειν·
1614 4255 1665 4316 δδέ
1675 4279 1754 4334 στρα-

148 4345 212 4422 πρδς
223 4343 323 4408 πάντας
337 4342 494 4420 ἡγουμένους
505 4343 660 4418 πέμπουσα,
671 4341 716 4399 καὶ
728 4341 775 4413 τήν
790 4341 930 4412 Ῥωμαίων
975 4341 1017 4408 τθς
1030 4341 1142 4420 ἤχθετο,
1158 4345 1184 4400 ἐν
1204 4345 1274 4422 ἀρχῇ
1289 4344 1368 4419 λιμοῦ
1383 4341 1549 4421 πειρώμενος.
1565 4341 1754 4421 Διανυκτερεύ·

149 4539 179 4550 -
189 4509 238 4557 καὶ
249 4509 290 4564 είς
302 4513 401 4572 χεῖρας
413 4507 526 4573 έβλθεῐν]
536 4507 612 4569 maha
622 4509 663 4556 καὶ
672 4513 750 4570 χεῖρας
763 4507 888 4556 ἀνατείνειν
897 4509 937 4556 καὶ
946 4507 1000 4562 τοὺς
1010 4508 1067 4562 νεὼς
1079 4512 1181 4570 φρουρεῖν
1193 4507 1280 4556 Herod.

182 4581 220 4628 Fr.
242 4581 293 4626 146.
308 4581 336 4625 V.
349 4577 476 4627 Herodian.
486 4579 545 4634 vn,
557 4581 585 4636 θ,
601 4584 698 4640 {usque
713 4577 743 4627 ud
761 4577 832 4626 finem
846 4578 933 4638 operis.
947 4603 979 4614 -
994 4578 1175 4640 ἐπετρόπευέ
1186 4577 1246 4640 τις]
1264 4578 1581 4640 Ι“1ει“.,ἐπιτροπεύεταιωιί.
1594 4609 1623 4621 -
1639 4579 1753 4636 ἐκεῖνός

149 4665 179 4699 τε
190 4647 260 4710 γὰρ]
270 4665 295 4697 τε
305 4649 365 4697 θυαε
375 4649 447 4698 habet
457 4661 496 4710 ερ.
507 4647 682 4710 Herodianum
693 4649 756 4697 πιεΙε
768 4649 791 4697 in
802 4652 921 4709 Εκοεερῑο
931 4649 1019 4696 nostro.
1030 4647 1260 4710 -νετνίσκους]
1273 4651 1339 4708 Her„
1352 4650 1454 4703 νεανίους
1468 4649 1522 4696 cod.
1534 4675 1563 4683 -
1574 4650 1688 4697 ἔπειτα
1699 4653 1753 4698 καὶ

148 4723 201 4769 τὸν
217 4725 271 4776 τῆς
289 4720 394 4781 χώρας
410 4718 610 4780 ἡγούμενον]
622 4717 666 4766 λε
692 4719 850 4768 Gordianum.
870 4717 916 4766 sed
933 4729 989 4766 eum
1000 4719 1060 4765 tunc
1077 4731 1125 4766 non
1143 4719 1327 4776 interfecerunt,
1340 4720 1367 4766 ut
1383 4731 1412 4767 ex
1431 4731 1497 4780 seqq.
1515 4721 1587 4778 patet.
1603 4723 1636 4768 ne
1648 4719 1753 4768 ευοΙιπσ

149 4791 275 4850 excerptor
284 4789 379 4850 adjecit.
390 4788 445 4851 —§
459 4795 482 4838 λ.
498 4789 524 4836 ἐν
534 4786 647 4852 ἔργοις]
657 4789 755 4850 ἐνίργοις
764 4788 817 4836 cod.
829 4787 890 4837 Dein
899 4784 975 4834 codex
989 4805 994 4833 :
1007 4801 1031 4846 μ.
1043 4786 1141 4845 έδοσαν,
1152 4785 1215 4847 quod
1225 4801 1256 4835 ex
1267 4786 1355 4834 ΙΙετυιέ.
1367 4786 1391 4835 in
1402 4789 1487 4848 ᾐδεσαν
1498 4786 1588 4834 mutavi
1601 4786 1694 4846 adjecto
1700 4800 1754 4848 ευρ·

149 4861 279 4924 ρΙεειιειιΙο.
289 4890 320 4903 -
329 4862 442 4909 πολλῶν
458 4861 486 4909 δὲ
502 4857 658 4921 πρότερον]
671 4859 813 4907 sententiam
824 4855 918 4921 εκρΙειΙ
928 4869 959 4904 ει
969 4855 1095 4905 Herodian.
1112 4859 1170 4915 Vll,
1182 4864 1209 4915 5,
1227 4864 1248 4904 ³.
1262 4856 1352 4905 Deinde
1364 4857 1455 4904 Ιεειιιιω
1467 4855 1560 4916 signum
1571 4854 1648 4916 posui.
1661 4855 1753 4902 Etenim

149 4943 205 4992 quae
215 4930 329 4978 continuo
338 4933 471 4989 τεηυιιιιευτ
480 4929 504 4976 in
514 4927 595 4976 mdice
607 4928 679 4976 verba
688 4927 778 4989 πράξεις
788 4927 913 4990 πρότερον,
924 4927 1018 4981 Σαὸῑνος
1028 4927 1052 4974 δὲ
1062 4929 1111 4975 κτλ.
1122 4962 1129 4987 ,
1142 4940 1170 4975 ea
1179 4927 1291 4985 leguntur
1300 4927 1323 4975 in
1335 4927 1461 4974 Herodian.
1472 4929 1531 4987 vu,
1542 4931 1566 4984 7,
1577 4929 1600 4973 8.
1612 4924 1705 4972 Folium
1715 4937 1754 4972 οο-

150 5000 211 5048 dicis
220 4997 271 5060 ejus
279 5011 309 5046 ex
318 5012 367 5060 quo
377 5001 456 5046 noster
466 4997 543 5046 codex
551 4996 685 5058 descriptus
694 5001 743 5056 εει,
753 4997 869 5044 excidisse
878 4995 982 5044 videtur.
993 5019 1024 5030 -
1033 4994 1047 5057 §
1057 4999 1080 5045 θ,
1089 4996 1310 5058 Κατελλιανὸς]
1323 4995 1448 5045 Herodian.
1458 4998 1501 5043 Vl!
1510 5031 1517 5054 ,
1527 5001 1557 5054 9,
1571 4999 1579 5042 1
1592 5009 1599 5052 ς
1611 4993 1754 5049 Καπελιανδς

151 5069 205 5116 md.
214 5093 245 5108 -
253 5071 335 5116 νικᾶν
343 5065 352 5129 ]
361 5065 415 5116 deb.
424 5079 479 5114 cum
494 5065 627 5114 ίΙυτοιίίαιευ
639 5085 645 5113 :
655 5067 682 5114 τδ
690 5065 767 5113 εὔελπι
779 5069 818 5122 τῆς
827 5067 891 5122 νίκης
899 5064 966 5114 εἶναι.
978 5091 1008 5103 -
1017 5063 1031 5127 §
1041 5072 1063 5114 θ.
1074 5069 1123 5115 καί
1135 5067 1160 5114 εί
1174 5063 1266 5128 τινες]
1276 5069 1314 5115 καὶ
1324 5067 1405 5121 οἵτινες
1415 5064 1468 5114 eod.
1479 5066 1500 5112 εἶ
1510 5081 1569 5120 τινες
1575 5065 1644 5111 καί...
1655 5061 1753 5124 ἐρείθιτό

150 5157 176 5189 τε
185 5141 238 5189 οὔτε
247 5143 313 5202 ἱερῶν
325 5139 374 5188 κτλ.
386 5139 473 5189 Herod.
485 5137 538 5200 -§
553 5141 577 5188 7.
591 5137 799 5200 διανυκτερεύοντες
809 5137 863 5187 cod.

1611 5219 1647 5263 θῦε
