3830 5720
780 349 1028 411 FRAGMENTA.
1644 369 1702 421 265

116 483 196 558 μίναις
207 481 350 565 αῦτῷπερλ
361 482 409 552 τῆς
419 479 521 558 εἰρήνης
532 478 640 557 ἐμμένοι
650 479 802 553 συνθήκαις,
817 479 885 539 κατέι
935 483 981 538 τοῦ
998 477 1161 549 λαλήσαντες
1180 477 1213 537 τθ
1233 480 1259 538 ἐν
1279 481 1335 547 ταῖς
1354 480 1440 559 ἁγίαις
1460 482 1588 562 διφθέραις
1604 483 1711 562 βήματα

117 571 198 630 δίτῦν
216 575 312 630 ἑαυτοῦ
325 592 354 628 τε
365 567 411 626 καὶ
423 567 565 644 Ῥωμαίων
577 567 708 644 πολεμίων
723 566 885 638 mesecin
929 571 1000 639 θεοῦ,
1013 565 1094 643 μηδὲν
1104 567 1179 644 [τῶν]
1191 567 1334 646 εἰρημένων
1346 568 1408 646 παρ’
1423 569 1502 627 αὐτοῦ
1516 569 1710 650 θιαψεύσεσθαι.

26 646 28 711 ί
114 661 198 736 χωρῶν
208 660 257 717 οὐκ
266 655 387 738 ἀφίξεται
395 660 440 714 τοῦ
449 655 524 735 ἔργον
533 659 580 725 τῆς
589 653 766 734 γεφυρώσεως·
778 656 800 712 εί
809 653 838 712 δέ
847 678 886 720 τις
929 653 1041 732 Δέχεται
1055 658 1190 733 τοιγαροῦν
1205 657 1219 712 ὁ
1233 655 1317 725 Σῆθος
1328 653 1387 721 τοὺς
1398 661 1462 734 παρ’
1477 658 1555 714 αὐτοῦ
1570 656 1709 736 πρέσβεις,

26 728 28 803 ί
114 746 230 824 θαρρήσοι
252 741 397 821 Ῥωμαίων
412 741 439 800 δν
453 747 514 819 γοῦν
534 744 638 820 ἀφεῖναι
657 741 730 820 βελος
744 739 813 800 κατὰ
834 744 886 800 τῶν
930 739 975 798 καί
990 739 1144 798 ἀποστέλλει
1160 743 1195 806 είς
1209 740 1256 811 τήν
1274 741 1396 818 βασιλίδα
1406 741 1520 822 Τιῦερίιρ
1530 745 1708 823 τῷαύτοκρά·

25 882 29 903 ,
113 829 307 911 ἐνπγειρούνεων
316 826 500 908 πηγνύναιτήν
509 828 632 908 γέφυραν,
642 827 777 906 γινώσκειν
785 828 886 902 αύτούς,
929 849 993 906 τορι.
1004 826 1077 894 Ἕως
1088 829 1116 888 δέ
1127 826 1188 887 οἵτε
1200 828 1321 908 πρέσῦεις
1330 827 1378 899 τήν
1390 830 1438 908 [είς
1447 827 1505 908 τήν]
1519 831 1710 908 βασιλεύουσαν

25 906 28 923 ’
113 923 144 986 ὥς
153 920 285 988 αύτοὶτῆς
296 917 381 984 αίτίας
393 919 441 988 τῆς
454 919 505 974 τῶν
518 917 635 974 σπονδῶν
647 914 759 994 ἤρξαντο
770 915 886 974 καταλύ·
930 917 1004 974 πόλιν
1021 915 1079 974 θδδν
1101 915 1214 989 διήνυον,
1237 915 1282 974 καί
1302 920 1316 974 θ
1337 916 1505 995 αὐτοκράτωρ
1520 916 1614 992 ἔμελλε
1627 923 1711 976 ταῦτα

27 1036 30 1075 t
113 1027 188 1076 στοις,
203 1004 292 1062 καὶτὸ
307 1005 435 1075 ἐντεῦθεν,
446 1000 492 1059 ἅτε
507 1002 741 1078 ίκπολεμύιοαντας
755 1001 887 1068 αὐτοθςτδ
931 1000 1100 1074 ἀκούσεσθαι,
1120 1001 1271 1080 θΧαγάνος
1292 1004 1318 1060 ἐν
1337 1003 1409 1082 μέσῳ
1429 1003 1607 1078 διαμελλήσας
1626 1004 1709 1074 οὐδὲν,
1794 1077 1798 1084 .

113 1089 224 1171 'stipes
249 1091 333 1163 ίθνος,
350 1089 387 1167 μή
405 1089 569 1168 μέμφεσθαι,
585 1088 602 1148 δ
617 1113 643 1148 τι
665 1088 696 1150 δν
715 1092 778 1168 παρ’
801 1092 886 1148 αὐτῶν
934 1088 1008 1168 πάσῃ
1029 1090 1129 1168 σπουδῇ
1152 1088 1198 1148 καί
1223 1089 1393 1170 πολυχειρίᾳ,
1412 1089 1554 1164 συμπάσης
1573 1094 1644 1169 αὐτῷ
1665 1096 1712 1163 τῆς

112 1177 276 1255 ήῬωμαίων
287 1178 413 1255 ἡγεμονία
423 1176 505 1254 πάθη.
517 1179 610 1236 Ταῦτα
621 1176 749 1244 δείσαντες
759 1179 782 1234 oi
791 1179 817 1236 ἐν
827 1179 887 1254 Σιγ-
934 1175 1062 1254 Ἀθάρων,
1079 1178 1114 1247 ὡς
1128 1178 1221 1253 εἰπεῖν,
1236 1186 1359 1256 στρατιᾶς
1377 1177 1575 1255 συμπονούσης,
1589 1177 1712 1258 ἐγεφύρου

112 1266 195 1344 γηδάνι
214 1265 276 1332 τοὺς
289 1264 380 1344 ὅρκους
392 1267 453 1340 γοῦν
465 1263 543 1322 αὐτὸν
558 1261 668 1338 ὀμνύναι
684 1266 885 1343 προεκαλοῦντο.
931 1263 974 1322 τὸν
986 1261 1112 1338 ποταμὸν,
1129 1267 1209 1322 θεῖναι
1224 1263 1319 1344 (πέρας
1334 1266 1459 1323 ἐπιθεῖναι
1470 1268 1569 1343 dieb.)
1585 1263 1712 1345 βουλόμε-

114 1353 164 1413 tid
176 1353 203 1420 δς
215 1353 370 1432 παραυτίκα
382 1351 440 1418 τούς
458 1373 486 1408 τε
501 1349 653 1430 Ἀῦαρικούς
670 1349 771 1428 ὤμνυεν
786 1351 889 1430 ὅρκους,
934 1373 974 1417 νος
984 1349 1045 1431 πρὶν
1057 1349 1075 1421 ἢ
1088 1355 1103 1410 ὁ
1113 1350 1282 1431 αὐτοκράτωρ
1293 1353 1373 1410 αὐτοῦ
1384 1351 1526 1423 συννοήσας
1535 1352 1564 1410 τὸ
1578 1353 1712 1432 βούλευμα

113 1437 176 1517 ξίφος
191 1439 362 1514 σπασάμενος
377 1437 423 1496 καί
441 1437 639 1518 ἐπαρασάμενος
650 1441 736 1519 ἐαυτῷ
749 1462 778 1498 τι
792 1437 837 1498 καί
851 1443 888 1516 τῷ
934 1436 1089 1496 διακωλύειν
1103 1437 1181 1497 αὐτὸν
1194 1440 1287 1498 ἐκτῶν
1303 1437 1412 1499 ἐνόντων
1426 1439 1600 1520 ἐπιχειρήσαι.
1683 1427 1694 1446 '

114 1523 226 1604 Ἀύάρων
241 1523 310 1582 ἔθνει
323 1523 418 1600 παντί,
432 1526 482 1594 ὡς,
495 1525 518 1582 εἰ
531 1523 600 1582 κατὰ
612 1523 753 1601 Ῥωμαίων
763 1547 788 1582 τι
800 1546 890 1602 μηχα·

116 1611 223 1686 νύμενος
234 1616 362 1692 γεφυροῦν
374 1609 521 1688 βουλεύοιτο
531 1611 575 1670 τὸν
585 1611 665 1684 Σάον,
678 1611 729 1670 ύπθ
741 1610 827 1690 ξίφους
842 1609 889 1688 μέν
1298 1579 1347 1646 64¹

91 1737 96 1746 .
119 1699 189 1756 αδτύν
201 1722 232 1758 τε
245 1698 294 1758 καί
315 1699 345 1756 τδ
364 1697 481 1778 Ἀύάρων
496 1697 565 1756 άπαν
581 1699 724 1770 ἀναλωθείη
739 1699 829 1779 φῦλον,
846 1697 890 1755 τδν
973 1707 1085 1763 Ibidem
1109 1727 1141 1782 p.
1175 1709 1327 1787 ¹²9*i3¹
1356 1729 1364 1765 ε
1388 1705 1453 1768 Ὅτι
1476 1707 1642 1788 ἀφικομένων
1661 1713 1712 1769 τῶν

120 1785 259 1865 &nimbi
278 1785 376 1844 ἄνωθεν
388 1785 534 1862 sittim!
545 1785 589 1844 τὸν
602 1785 645 1844 liti
657 1790 702 1844 τοῦ
715 1785 824 1865 θθραιῡῧ
836 1785 891 1843 θεὸν
935 1791 1072 1872 πρέσύεων
1084 1796 1136 1852 τῶν
1150 1793 1268 1875 Ἇὸάρων
1281 1798 1318 1862 εές
1332 1794 1380 1867 τήν
1395 1794 1534 1874 βασιλίδα,
1549 1795 1595 1854 καλ
1610 1795 1713 1856 stett-

121 1872 330 1952 πῦρέπαφήσειν,
348 1871 394 1930 καί
405 1871 439 1930 τδι
455 1871 530 1952 πέριξ
539 1871 586 1952 ὄρη
601 1872 647 1930 καί
666 1869 712 1940 τές
728 1871 792 1937 ὕλαι
806 1874 892 1940 αὖτοῖς
935 1879 1042 1938 τωντθν
1057 1881 1235 1962 αὐτοκράτορα
1251 1881 1452 1962 παρασκευάσαι
1464 1881 1511 1949 τθις
1528 1887 1590 1950 ναῦς
1604 1887 1641 1962 τῷ
1653 1887 1712 1946 Χα·
1792 1875 1795 1887 ’

123 1961 307 2030 ἐπιπεσεῖσθαι,
330 1957 376 2017 καί
398 1958 442 2017 τδν
460 1958 531 2021 Σάον
551 1959 670 2036 ποταμὸν
690 1956 890 2039 θπερύλύσαντα
936 1965 1007 2047 γόνῳ
1020 1967 1065 2024 καὶ
1078 1971 1112 2047 τῇ
1126 1977 1237 2050 στρατιᾷ
1251 1973 1302 2028 τῶν
1318 1969 1435 2048 Ἀδάρων
1444 1970 1469 2034 ἐς
1480 1968 1524 2027 τδν
1538 1967 1640 2049 Ὶστρον
1652 1973 1713 2030 δια.

123 2046 286 2124 παραλάθοι
302 2045 405 2113 αὐτούς.
427 2049 547 2108 Τοιαῦτα
565 2045 731 2126 βαρὸαρικῦτ
750 2045 892 2122 ἀπομοσά-
938 2051 1071 2134 θησομινῃ
1085 2054 1156 2113 κατὰ
1180 2056 1342 2128 Σιλαὸηνῶν
1362 2057 1522 2135 (θαρροῦντα
1535 2055 1586 2135 γὰρ
1599 2055 1651 2127 ἤδη
1670 2057 1714 2116 τὸν

125 2155 188 2208 μεῖνε
207 2137 221 2192 6
241 2133 377 2211 Χαγᾶιοε,
396 2136 493 2211 «Νῦν,
516 2133 580 2214 ἐφη,
601 2136 646 2194 καί
664 2133 723 2201 τοῦς
744 2133 893 2210 Ῥωμαίους
936 2139 1061 2219 Χαγάνον
1074 2145 1099 2208 ἐς
1117 2139 1165 2214 τήν
1179 2142 1267 2221 φιλίαν
1281 2141 1329 2214 τὴν
1348 2145 1425 2204 αὐτοῦ
1444 2141 1492 2214 τὴν
1506 2140 1620 2222 γέφυράν
1641 2166 1670 2201 τε
1688 2145 1714 2209 ἐς

126 2219 203 2299 ὅρκους
216 2220 328 2296 ὀμνύναι
342 2221 481 2300 βούλομαι.
495 2248 508 2274 ν
519 2223 573 2282 Καὶ
583 2222 640 2298 ipe
649 2222 708 2302 ᾔτει
719 2223 782 2301 παρ’
798 2223 892 2292 αὐτῶν,
936 2225 979 2284 τὸν
994 2229 1064 2288 Σάον
1079 2227 1231 2309 ἐργάζεσθαι
1243 2229 1371 2304 ποταμδν,
1382 2232 1426 2286 καὶ
1436 2227 1573 2308 βούλεσθαι
1589 2228 1647 2296 τοὺς
1659 2253 1714 2288 κοι-

126 2309 147 2364 τί
168 2309 196 2378 δὴ
211 2307 304 2368 πιστόν
321 2331 350 2366 τε
363 2307 409 2367 καί
428 2308 571 2384 σεῦάσμιον
591 2309 661 2388 ἔχειν
680 2309 816 2385 νομίζοιεν,
834 2312 892 2367 καθ’
937 2312 995 2380 νοθς
1008 2314 1112 2394 ἐχθρούς
1120 2317 1285 2376 αὒτοῦτεκαλ
1294 2316 1436 2394 Ῥωμαίων
1444 2314 1615 2387 Σκλαύηνοῦς
1625 2317 1713 2395 exept-

127 2385 216 2462 det,
234 2394 364 2472 ὀμνύντας
377 2393 424 2466 τὴν
444 2400 491 2454 τοῦ
507 2401 565 2455 θεοῦ
584 2401 672 2473 μῆνιν,
690 2394 722 2467 ἣν
741 2396 893 2476 ἐπιορκοῖεν,
936 2403 1013 2482 ψει),
1027 2408 1109 2461 ταῦτα
1126 2405 1341 2480 ἀπαγγειλάντων
1355 2403 1428 2470 stote
1444 2403 1491 2479 μέν
1505 2402 1535 2462 τδ
1554 2403 1714 2484 ἐπιχείρημα

126 2482 166 2538 ms
180 2483 354 2561 ἐκφεύξεσθαι.
380 2484 551 2562 Παραχρῆμα
570 2474 615 2543 οῦν
633 2487 648 2542 θ
667 2488 714 2554 τῆς
735 2480 894 2559 Σιγγηδένος
935 2487 1037 2559 καλιήν
1051 2487 1151 2548 ἐννοιαν
1162 2496 1207 2549 τοῦ
1220 2493 1344 2568 Χαγάνου
1355 2491 1446 2568 διέγνω
1459 2493 1547 2571 σαφῶς
1559 2494 1573 2548 θ
1586 2491 1716 2568 αὐτοκρά-

126 2569 268 2641 soluere-is
278 2569 478 2650 άρχιερωσύνην
486 2569 580 2630 διέπων
588 2571 634 2640 τὰς
640 2572 778 2639 θεσπεσίας
788 2571 894 2650 βίῦλυυς
936 2597 999 2654 τωρ,
1014 2578 1049 2642 ὡς
1061 2573 1109 2646 τήν
1120 2577 1196 2634 πόλιν
1209 2576 1239 2635 τθ
1253 2578 1364 2657 Σίρμιον
1386 2577 1479 2646 ἐξελεῖν
1496 2576 1650 2653 βουλόμενος
1667 2578 1715 2654 ἐρ-

126 2656 187 2736 σύτῷ
204 2656 245 2714 td
266 2661 318 2716 τῶν
337 2659 365 2716 ἐν
387 2656 459 2736 μέσῳ
478 2657 525 2725 τὰς
545 2659 668 2738 ἀγγελίας
690 2657 892 2735 διακομιξύντων
938 2661 1042 2739 γάξοιτο
1053 2661 1100 2732 τήν
1115 2662 1241 2743 γέφυραν,
1254 2667 1424 2723 ἀποκωλῦσαι
1436 2662 1591 2743 βουλόμενος
1603 2661 1650 2734 τὴν
1662 2666 1714 2720 τῶν

127 2740 298 2826 [ἐνεγείρισεβ
316 2744 371 2804 Καὶ
383 2743 425 2819 θς,
440 2745 605 2824 δολερύτατά
618 2771 672 2814 ποις
684 2745 892 2826 ἐπικρυψάμενος
937 2747 1086 2826 ἀναγκαίων
1108 2750 1269 2826 είσκομιδήν,
1282 2750 1353 2818 ὅπως
1370 2753 1440 2830 λιμῷ
1455 2749 1649 2829 παραστήσοιτο
1666 2749 1714 2820 τήν

124 2830 161 2888 τδν
174 2835 240 2903 νοῦν,
254 2829 393 2890 ἀνίσταταί
404 2855 432 2892 τε
447 2835 477 2890 ἐκ
487 2838 534 2904 τῆς
549 2832 748 2914 καθέδρας,καλ
759 2831 805 2892 eto
820 2831 893 2913 φύύιρ
937 2836 1024 2896 πάλιν.
1066 2837 1106 2894 Οὐ
1126 2835 1177 2915 γδιρ
1204 2829 1236 2908 ήν
1261 2837 1420 2916 άπαχρώσας
1440 2837 1560 2902 δαπάνας
1583 2839 1609 2903 ἐς
1632 2835 1714 2907 αὐτήν

122 2917 189 2984 δῆθεν
207 2919 299 2998 πολλῷ
313 2917 359 2976 καὶ
378 2919 527 2995 σεύάσματι
546 2925 629 2979 ταῦτα
649 2920 894 3000 προσποιησάμενος
939 2920 1165 3000 προαποθίμενος,
1180 2927 1212 3001 τῇ
1225 2924 1376 3001 συνεστώση
1395 2923 1458 3001 πρὸς
1480 2921 1602 3001 Ἀδάρους
1624 2923 1715 3003 είρήνῃ

123 3004 251 3082 δέχεσθαι,
263 3005 310 3063 καὶ
318 3007 502 3085 προσκυνήσας
508 3007 707 3086 προθυμότατα,
720 3007 813 3084 ὄμνυσι
822 3005 892 3065 κατθ
938 3011 1052 3087 θαρρῦιν.
1095 3008 1212 3088 Ἀπορῶν
1226 3009 1253 3068 δέ
1264 3018 1403 3090 στρατιᾶς,
1418 3008 1448 3067 οῦ
1466 3031 1492 3068 τι
1507 3007 1577 3084 λέγοι
1588 3009 1654 3088 πρδς
1668 3009 1715 3078 τήν

119 3173 261 3231 cpnspontis
275 3171 431 3220 comtrnendi
450 3172 651 3222 intermissurum.
671 3173 762 3231 Quodsi
780 3173 834 3234 quis
849 3176 892 3222 iio·
937 3172 1049 3233 dixisset,
1064 3173 1159 3222 mentiri
1171 3178 1195 3224 et
1207 3175 1297 3224 toliere.
1308 3177 1393 3236 ltaque
1408 3175 1495 3224 sethus
1513 3173 1611 3223 admisit
1628 3173 1717 3234 iogstos

117 3258 238 3296 unorum
253 3247 343 3297 audet
361 3249 400 3297 vei
414 3260 489 3297 unum
508 3249 584 3298 tetum
604 3248 723 3309 conjicere
746 3250 770 3298 in
787 3263 829 3298 ecs
851 3249 893 3310 qui
937 3249 1144 3310 sbeomissos‚et
1153 3250 1183 3298 sd
1194 3251 1362 3312 imperatorem
1371 3249 1492 3300 Tiberium
1501 3249 1621 3310 inregisrn
1632 3251 1716 3300 urbem

116 3324 178 3384 ponti
194 3323 340 3372 edificando
357 3337 456 3374 menum
472 3324 687 3386 admoneremus
705 3326 761 3388 ipsis
777 3326 893 3375 ioederurn
937 3325 1075 3375 transmisit.
1083 3328 1147 3374 Dum
1155 3326 1278 3388 legetiiter
1284 3327 1409 3388 peragunt,
1419 3324 1717 3385 etimpcrstorcosndmit·

116 3401 281 3452 visendorum
290 3402 385 3452 initium
400 3403 490 3454 iactum
502 3417 566 3466 esse,
582 3404 717 3454 meminisse
729 3418 770 3454 cos
780 3405 860 3467 jussit,
870 3407 895 3454 et
937 3405 987 3452 tere
994 3405 1076 3466 peret,
1086 3404 1310 3466 choganusinteres
1318 3417 1379 3467 opus
1387 3415 1436 3452 non
1451 3402 1587 3463 intermisit,
1601 3403 1643 3453 sed
1652 3404 1717 3454 omni

112 3492 185 3538 quum
194 3479 240 3541 ipsi
250 3488 343 3530 Avares
360 3481 385 3529 in
396 3480 487 3530 beilum
497 3481 654 3544 impulissent,
665 3482 686 3532 si
704 3481 764 3544 quid
779 3482 834 3531 inde
844 3485 893 3531 iio·
937 3495 1010 3544 curs,
1024 3482 1104 3532 studio
1117 3485 1142 3532 et
1160 3483 1295 3545 diligentie,
1307 3485 1359 3532 toto
1378 3487 1485 3533 ererum
1496 3480 1602 3530 exercitu
1621 3481 1645 3529 in
1663 3493 1718 3530 cem

110 3555 892 3622 mm·respublicadetdmentieepedt,demqneriretntt.
938 3571 989 3608 rem
1008 3559 1176 3620 incumbente,
1200 3563 1299 3622 pontem
1318 3572 1390 3622 super
1414 3563 1461 3609 seo
1481 3557 1580 3607 domine
1606 3557 1715 3608 obsolvit.

109 3635 160 3682 iiec
169 3634 242 3683 rer-iti
257 3635 362 3683 nomes
371 3635 412 3696 qui
421 3633 554 3697 singedone
568 3637 796 3698 erantcnegnmm
806 3636 837 3685 ed
847 3636 894 3696 jus·
938 3637 1031 3686 Etenim
1044 3639 1157 3700 perticere
1163 3650 1224 3701 opus
1232 3639 1362 3698 statueret,
1373 3639 1540 3699 antequemee
1549 3646 1587 3685 res
1595 3635 1625 3684 sd
1640 3636 1716 3697 impe-

104 3709 241 3770 jonadam
256 3713 430 3772 provocarunt.
442 3715 526 3774 itaque
538 3712 664 3762 contestim
677 3714 777 3762 erarico
791 3715 837 3762 ritu
846 3713 894 3774 jus·
938 3716 1023 3764 retoris
1032 3716 1192 3778 cognitionem
1201 3715 1307 3778 reniret,
1318 3728 1363 3776 ne,
1375 3715 1396 3765 si
1407 3715 1519 3776 resciret,
1535 3713 1717 3766 edificationem

103 3787 240 3848 maenum
249 3787 284 3836 ed
293 3786 359 3836 nnnc
369 3787 469 3837 modum
488 3789 607 3852 prestitit.
624 3794 686 3839 Ense
697 3789 794 3851 eiecto,
815 3789 859 3838 sibi
872 3791 896 3840 et
938 3795 1070 3844 disturbare
1081 3796 1193 3846 tentaret.

102 3873 216 3914 Αεεεαιιι
226 3865 296 3927 peni
305 3865 359 3914 dire
368 3865 606 3928 estimpremtus,d
622 3868 681 3930 qnid
700 3868 756 3917 maii
769 3869 895 3919 commini-
1305 3869 1349 3921 dd.

103 3949 219 3994 εοετειιιε
225 3943 346 3994 Romanis
354 3943 379 3992 in
387 3957 425 4004 eo,
433 3943 498 4006 qnod
508 3947 605 4006 pontem
616 3959 688 4009 snper
696 3950 742 3996 seo
754 3946 852 3996 domine
860 3950 895 3996 ic·
970 3951 1056 4011 itsqus
1066 3950 1166 4012 proiecti
1180 3953 1287 4002 tirenum
1303 3950 1373 4012 iegati
1385 3949 1410 3999 in
1420 3949 1509 4011 regiam
1522 3947 1622 4008 urbem,
1634 3948 1664 3998 sb
1675 3949 1718 3997 im·

103 4035 160 4072 oere
168 4022 324 4082 susceperit,
335 4023 362 4068 ιιι
373 4021 423 4082 ipse
434 4023 459 4070 et
470 4022 580 4072 universo
590 4035 647 4084 gens
660 4022 690 4072 nd
709 4024 896 4074 internecionem
939 4031 1048 4088 pensiore
1055 4027 1185 4088 petierunt,
1193 4029 1221 4076 ut
1228 4041 1302 4078 neres
1308 4029 1455 4090 preponeret
1462 4025 1573 4088 chagano
1580 4027 1718 4074 etnrernm

103 4099 261 4160 αεςιιειεετο
272 4096 375 4158 periret,
393 4096 482 4145 σαίνειν
501 4098 591 4146 exalto
604 4111 676 4160 super
691 4099 763 4162 ipsis,
775 4103 800 4149 et
818 4103 895 4162 Deus,
940 4103 1073 4165 exercitui,
1092 4105 1181 4166 quinos
1197 4106 1259 4154 istro
1275 4104 1377 4164 trejecto
1394 4103 1420 4152 in
1443 4102 1566 4154 scierincs
1585 4106 1716 4152 monerent.

102 4173 258 4236 qniinooeie
267 4171 408 4233 emigrem
419 4171 575 4234 immitteret,
585 4174 653 4225 snm
663 4178 690 4225 et
705 4179 798 4226 montes
807 4189 863 4226 csso
873 4181 898 4228 et
941 4179 1037 4230 Etenim
1055 4181 1212 4242 (theganum,
1232 4180 1345 4230 sidentem
1363 4179 1468 4230 amicitis
1479 4192 1533 4241 quse
1548 4178 1583 4228 ilii
1601 4191 1657 4227 curn
1669 4181 1719 4229 ito-

104 4253 244 4302 mimdios
252 4251 406 4312 comerent,
415 4253 441 4302 ει
449 4254 510 4302 Sem
523 4253 612 4302 durius
624 4254 781 4306 inundatione
789 4269 831 4306 eos
840 4257 896 4306 sub·
942 4257 1020 4307 menis
1031 4259 1096 4316 eret,
1111 4257 1162 4318 iens
1176 4257 1274 4319 pontem
1285 4259 1378 4306 struere
1388 4269 1461 4319 snper
1469 4259 1516 4305 seo
1526 4254 1623 4303 demine
1634 4267 1719 4317 propo·

105 4333 239 4392 ιιεεμιει.
252 4328 362 4379 iioecuhi
372 4329 474 4378 bernero
485 4343 553 4380 more
563 4331 692 4394 cnegnnus
698 4333 792 4394 emisit,
808 4353 821 4377 ι
829 4337 898 4384 Nunc
941 4336 1064 4398 situmque
1077 4336 1179 4396 habere,
1200 4349 1342 4386 communes
1353 4349 1410 4385 suos
1428 4334 1508 4384 nostes
1518 4335 1543 4384 et
1554 4335 1719 4383 Romanorum

106 4419 162 4466 een,
181 4406 276 4468 inquit,
287 4405 457 4466 imjrrrsndnm
471 4408 637 4457 Romanorum
654 4408 737 4469 jorere
753 4410 817 4460 roto.
836 4413 897 4460 Turn
941 4417 1066 4465 conterere
1077 4418 1103 4465 et
1114 4415 1268 4469 lehetsctnre.
1287 4418 1346 4465 iimo
1354 4415 1438 4478 legetis
1446 4412 1625 4471 nuntiantibus,
1637 4411 1719 4460 stetim

107 4484 227 4543 quoivis
242 4496 276 4533 ex
291 4482 362 4545 ipn's,
379 4483 438 4544 qnid
447 4484 580 4546 essetquod
597 4487 708 4535 sanctum
724 4487 749 4535 et
762 4487 898 4549 religiosum
941 4499 1023 4556 aperte
1041 4495 1170 4556 imperator
1185 4494 1299 4557 cognorit
1314 4496 1427 4544 conatum
1440 4495 1465 4543 et
1479 4495 1585 4542 mentem
1604 4489 1718 4550 chegsni.

109 4561 239 4620 ὰιυειωί,
251 4561 369 4625 Μυσοί
379 4561 497 4622 iurantes,
513 4561 534 4610 si
545 4563 665 4624 tollerent,
675 4563 713 4613 dei
730 4566 791 4614 irem
801 4567 899 4616 minime
942 4574 1024 4628 Quum
1037 4571 1102 4620 enim
1112 4571 1200 4634 oppido
1209 4573 1297 4622 Sirmio
1306 4571 1377 4634 potiri
1386 4571 1496 4632 cuperet,
1507 4571 1605 4630 pontem
1618 4567 1720 4625 iecerat,

111 4641 249 4690 εσιιειειιοε
259 4639 394 4688 medmmt
407 4638 519 4698 Tumqui
530 4639 555 4687 in
567 4640 701 4702 singedone
710 4641 898 4692 urbesnmmsm
943 4650 970 4695 ιιι
982 4647 1064 4709 oppidi
1074 4649 1165 4698 incoiss
1176 4649 1286 4698 omnium
1301 4661 1385 4698 rerum
1400 4646 1536 4696 commeatu
1551 4642 1722 4693 intercluderet

111 4729 240 4768 umorem
250 4717 396 4781 potestatem
403 4715 521 4775 habebat,
537 4717 618 4766 stetim
626 4721 710 4768 sancte
720 4719 795 4768 Biidie
808 4733 850 4782 per
859 4721 898 4771 in·
942 4725 967 4773 et
982 4724 1044 4774 ieme
1052 4723 1082 4774 sd
1092 4725 1237 4776 deditionem
1249 4725 1411 4788 compelleret.
1425 4727 1488 4773 iiam
1502 4735 1579 4785 quum
1591 4721 1721 4782 imperator

112 4793 255 4844 ιαπααιιοε
273 4793 337 4844 tradi
351 4792 432 4854 iussit.
454 4793 486 4842 et
509 4793 549 4844 iile
559 4794 657 4857 quidem
668 4798 791 4846 occuitsns
805 4811 833 4847 es
844 4812 899 4861 quse
942 4801 1040 4852 minime
1052 4803 1104 4865 psci
1113 4815 1170 4852 com
1179 4803 1297 4854 Arerihus
1308 4802 1447 4864 composite
1456 4801 1588 4858 diffideret,
1599 4798 1624 4846 in
1635 4796 1721 4845 urbem

115 4874 198 4920 ιιεειιε
219 4871 346 4932 vosmet,
369 4869 448 4920 multo
462 4881 519 4918 υιιυι
535 4871 640 4922 trenrore
650 4873 675 4922 et
692 4886 844 4937 magnacum
864 4889 900 4926 re·
943 4879 1135 4928 commeatused
1147 4879 1296 4930 obsidionem
1310 4878 1460 4930 tolerandam
1472 4873 1721 4926 idoneosinreirinod

117 4950 226 4998 sumtis
237 4963 300 5000 ιεεε
314 4949 437 5012 suscipere
447 4949 576 5012 ιιιιιιιιειιιι,
591 4952 721 5012 procedite
731 4954 859 5015 cathedra,
875 4957 900 5004 et
943 4957 1078 5006 cursrernt.
1095 4959 1213 5006 Prteteree
1231 4951 1326 5018 copies,
1349 4969 1399 5004 non
1422 4955 1476 5002 dico
1494 4965 1550 5014 qum
1569 4950 1626 5002 setis
1643 4950 1722 4998 essent

118 5023 190 5074 cheri
200 5027 282 5076 ειιίιιιο
295 5027 321 5076 ιιι
334 5039 413 5088 penne
424 5028 581 5090 provolutos,
597 5029 690 5090 iurarit
701 5044 743 5092 per
760 5032 846 5092 deum,
858 5033 899 5096 qni
943 5031 973 5082 sd
986 5031 1143 5082 resistendum
1153 5025 1284 5093 Avarities,
1292 5032 1335 5082 sed
1348 5044 1378 5081 ne
1389 5031 1501 5080 minimos
1514 5027 1611 5090 quidem
1623 5025 1721 5074 omnino

120 5105 367 5156 stamineorum
377 5105 617 5170 commisissem
629 5108 653 5158 in
665 5109 834 5172 nuiioeorum,
845 5125 900 5172 quoe
946 5111 1057 5162 irebebet.
1082 5112 1177 5162 Etenim
1197 5125 1281 5162 ornnes
1298 5110 1431 5170 exercitus,
1453 5121 1515 5170 qnos
1532 5105 1719 5168 conscripserat,
