3792 5728
233 395 267 443 st
639 403 641 406 ·
884 383 1005 446 PlllSCl
1030 384 1181 448 PANITAE

232 521 258 572 ἐν
270 521 302 598 τῇ
314 517 390 596 κώμη
400 517 529 598 ἀρχούσης
539 518 658 596 γυναικὸς
669 518 730 594 (μία
742 517 768 576 δέ
779 517 845 588 alar,
854 521 904 576 τῶν
920 519 1008 589 Ιίλήδα

231 610 361 679 γυναικῶν
385 605 519 684 ἐγεγόνει)
539 605 634 684 τροᾳδις
649 611 712 681 ἡμῖν
727 607 944 686 διαπεμψτμένης
965 607 1012 674 καί,

232 692 274 750 ἐπί
301 693 422 772 συνουσίᾳ
444 696 568 769 γυναῖκας
590 695 724 772 εὐπρεπεῖς
749 693 879 766 (ΣκυθικάΙ
895 694 921 751 δέ
943 695 1008 764 αὕτη

231 779 331 856 τιμή),
349 779 393 846 τάς
408 780 455 856 μὲν
471 785 594 856 γυναῖκας
609 783 637 838 ἐκ
656 785 707 838 τῶν
722 780 899 858 προκειμένων
917 780 1008 840 ἐδωδί-

231 889 287 940 μων
304 867 555 947 φιλοφρονησάμενοι
570 871 602 943 τῆ
624 866 688 944 πρδς
708 866 788 934 αὐτδις
803 869 892 944 ὁμιλίᾳ
909 869 1009 942 ἀπηγο-

232 951 374 1031 ρεύσαμεν·
405 954 638 1029 ἐγκαταμείναντες
667 955 694 1011 δὲ
717 955 772 1022 ταῖς
800 954 926 1020 καλύίῗαις
952 955 1009 1032 άμα

231 1039 317 1119 ἡμέρᾳ
331 1043 356 1106 ἐς
367 1039 414 1110 τήν
431 1044 482 1099 τῶν
497 1045 596 1100 σκευῶν
612 1041 761 1121 ἐτράπημεν
774 1041 949 1112 ἀναζήτησιν,
963 1041 1010 1100 καί

232 1127 371 1203 σύμπαντα
387 1127 585 1208 εὑρηκότες,τά
601 1127 649 1204 μὲν
665 1131 690 1187 ἐν
711 1131 748 1208 τῷ
762 1131 867 1209 χωρίῳ,
883 1120 963 1209 οὑπερ
982 1133 1008 1188 ἐν

231 1219 263 1293 τῇ
279 1216 420 1294 προτεραίᾳ
436 1214 629 1280 καταλύσαντες
647 1215 832 1294 ἐτύχομεν,τά
848 1217 875 1274 δέ
887 1216 932 1275 καί
947 1216 1011 1296 πρὸς

231 1304 344 1381 τῇόχθη
364 1307 410 1373 τῆς
434 1303 591 1379 λίμνης,τά
614 1303 641 1360 δέ
661 1306 705 1362 καί
725 1307 750 1361 ἐν
771 1306 841 1382 αὐτῷ
856 1308 893 1383 τῷ
914 1304 1008 1381 ὑδατι,

233 1391 404 1466 ἀνελοίόομεν.
421 1390 474 1448 Καί
489 1390 587 1460 ἐκείνην
601 1390 647 1462 τήν
661 1391 763 1470 ἡμέραν
780 1394 805 1448 ἐν
818 1397 850 1470 τῇ
868 1390 945 1470 κώμη
959 1394 1008 1450 διε·

233 1480 361 1558 τρίψαμεν
380 1478 484 1536 ἅπαντα
504 1477 734 1555 διατερσαίνοντες·
756 1479 771 1536 ὅ
794 1503 821 1537 τε
839 1479 889 1560 γόιρ
910 1479 1009 1559 χειμών

232 1564 362 1623 ἐπέπαυτο
373 1563 418 1622 καί
431 1563 550 1644 λαμπρὸς
562 1563 633 1634 ἥλιος
643 1556 684 1636 ἦν.
703 1566 919 1642 Ἐπιμεληθέντες
928 1567 953 1624 δέ
967 1567 1011 1624 καί

231 1655 282 1709 τῶν
299 1651 387 1710 ίππων
407 1653 514 1710 καὶτῶν
535 1654 632 1710 λοιπῶν
648 1654 793 1730 ὑποζυγίων
807 1653 880 1733 παρθ
896 1653 943 1725 τήν
962 1659 1010 1732 βα-

231 1739 317 1797 σιλίδα
333 1739 492 1819 ἀφικόμεθα,
511 1740 554 1797 καί
567 1740 647 1810 αὐτὴν
664 1741 845 1818 ἀσπασάμενοι
862 1743 908 1800 καί
921 1743 1010 1821 δώροις

232 1828 422 1906 ἀμειψάμενοι,
445 1827 513 1906 τρισί
532 1850 560 1884 τε
576 1830 701 1908 ἀργυραῖς
716 1829 821 1908 φιάλαις
836 1829 878 1887 καί
896 1833 1010 1908 ἐρυθροῐς

232 1914 343 1992 δέρμασι
359 1914 403 1971 καί
418 1917 455 1994 τῷ
471 1913 496 1981 ἐξ
511 1913 604 1979 Ἰνδίας
619 1914 724 1994 πεπέρει
740 1915 785 1972 καί
799 1920 835 1994 τῷ
849 1920 942 1997 καρπῷ
958 1920 1008 1973 τῶν

233 2002 354 2080 φοινίκων
370 2001 415 2059 καί
430 2001 525 2080 ἑτέροις
539 2001 690 2081 τραγήμασι
705 2003 746 2060 δεδι
765 2003 795 2060 τθ
814 2003 851 2078 μή
866 2003 1009 2082 ἐπιχώριά·

233 2094 284 2156 ζειν
299 2097 350 2156 τοῖς
368 2088 510 2168 βαρόάροις
524 2080 582 2147 οὑσι
596 2090 707 2165 τιμίοις,
727 2089 862 2166 ὑπέξιμεν,
878 2091 1012 2168 εὐξάμενοι

233 2179 299 2253 αὐτῇ
314 2175 399 2252 ἀγαθά
413 2181 458 2246 τῆς
468 2175 548 2243 ξενίας
566 2175 636 2254 πέρι.
654 2177 688 2236 Ἡ
692 2181 779 2256 μερῶν
798 2178 825 2235 δέ
842 2179 862 2246 ζ’
878 2179 935 2236 ὑδδν
949 2176 1009 2235 ἀνύ-

232 2286 323 2327 σαντες
342 2266 367 2321 έν
388 2261 466 2340 κώμη
488 2263 535 2319 τινί
559 2263 746 2338 ἐπεμείναμεν,
767 2267 819 2322 τῶν
839 2263 1011 2342 ξεναγούντων

232 2350 501 2430 παρακελευσαμένων
524 2351 651 2426 Σκυθῶν,
677 2342 719 2407 οἶα
740 2350 771 2422 δή
792 2357 836 2409 τοῶ
859 2350 971 2421 Ἀττήλα
986 2354 1011 2418 ἐς

232 2437 313 2508 αὐτὴν
335 2439 511 2516 ἐμύαλοῶντος
524 2437 571 2508 τήν
586 2437 642 2495 ὑδδν
658 2436 703 2495 καί
717 2442 791 2512 ἡμῶν
806 2439 916 2498 κατόπιν
933 2442 1011 2497 αὑτοῦ

233 2527 386 2606 πορεύεσθαι
399 2525 565 2606 όᾳειλόντων.
587 2521 673 2584 Ἔνθα
692 2523 723 2596 δὴ
739 2527 943 2605 ἐνετυγχάνομεν
967 2529 1014 2583 ἀν-

235 2614 310 2691 δράσι
325 2617 376 2671 τῶν
398 2611 525 2691 ἑσπερίων
550 2611 691 2684 Ῥωμαίων
714 2612 760 2670 καί
775 2615 861 2678 αὐτοῖς
882 2612 954 2693 παρθι
969 2613 1012 2670 τὸν

233 2702 359 2772 Ἀττήλαν
369 2699 596 2780 πρεσόευομένοις·
608 2691 644 2758 ών
653 2699 786 2776 Ῥωμύλος
794 2693 825 2770 ἧν
834 2747 842 2776 ,
852 2702 917 2780 ἀνὴρ
925 2707 957 2776 τῇ
966 2706 1010 2758 τοῦ

232 2790 345 2865 κόμητος
366 2788 424 2868 ἀξίᾳ
448 2787 631 2864 τετιμημένος,
653 2787 698 2846 καί
723 2790 869 2866 Πριμοῶτος
892 2790 980 2866 (iufra
1004 2808 1010 2846 τ

234 2880 397 2955 Ιίρομοῦτος)
412 2881 457 2945 τῆς
470 2876 595 2952 Νωρίκων
607 2873 695 2953 ἄρχων
705 2873 807 2954 χώρας,
816 2875 860 2932 καί
874 2874 1011 2949 Ῥωμανθς

233 2969 421 3042 στρατιωτικοῦ
433 2963 565 3037 τάγματος
577 2960 692 3038 ἡγεμών.
703 2965 789 3032 Συνῆν
800 2963 826 3018 δὲ
837 2965 923 3027 αὐτοῖς
938 2965 1011 3020 Κονν-

233 3051 368 3128 στάντισς,
389 3049 416 3108 δν
439 3049 597 3108 ἀπεστάλκει
618 3049 714 3117 ’ὑέτιος
735 3049 807 3129 παρὰ
821 3051 864 3108 τὸν
887 3049 1011 3119 Ἀττήλαν

233 3231 303 3278 lamis
313 3231 382 3279 siccis
389 3230 466 3290 ignem
476 3229 646 3278 accenderunt.
679 3223 836 3278 Vicidornina
844 3243 890 3277 una
898 3243 928 3277 ex
937 3229 1016 3278 lllulae

235 3308 351 3355 rasoribus
371 3310 429 3356 erat.
463 3311 520 3355 limo
535 3307 603 3355 uobis
614 3307 704 3354 cibaria
723 3309 747 3354 et
759 3306 872 3355 mulieres
888 3308 1015 3365 formosas,

232 3399 289 3432 curu
306 3384 393 3446 qtribus
404 3385 480 3432 amori
495 3383 673 3445 indulgeremus
686 3385 694 3444 l
707 3383 752 3432 lroc
766 3385 829 3432 eninr
841 3383 904 3443 apaird
917 3385 1017 3444 sepibus

227 3454 318 3511 ¹laetiori
328 3463 423 3510 ducitur
433 3465 456 3524 l,
467 3461 637 3524 suppeditavit.
650 3462 789 3511 lllulieribus
800 3477 829 3510 ex
842 3463 900 3510 cibis
912 3463 1017 3524 praebitis

235 3540 373 3600 gratificati,
388 3541 509 3588 abearum
521 3539 877 3600 cousuetudineabstinulrnus;
894 3545 1017 3590 manentes

235 3633 293 3666 aero
308 3619 452 3679 ininguine,
464 3618 534 3665 simul
550 3622 622 3679 atque
634 3619 727 3678 illuxit,
741 3619 771 3666 ad
785 3633 812 3666 ea
825 3633 881 3680 qum
893 3633 924 3668 ex
935 3625 1016 3668 nostra

236 3697 382 3757 supellectile
400 3695 606 3757 desiderabantur,
623 3697 782 3758 perquirenda
799 3711 880 3746 curaui
897 3698 1016 3746 converti-

236 3791 296 3824 mus.
309 3779 366 3825 llaec
388 3776 475 3837 parlim
495 3777 519 3824 in
540 3790 568 3824 eo
581 3777 649 3835 loeo,
673 3777 714 3825 ubi
734 3777 809 3839 pridie
823 3776 1017 3835 consederamus,

234 3854 322 3914 partim
335 3855 358 3901 iu
370 3853 420 3914 ripa
433 3852 541 3914 paludis,
555 3853 641 3914 partim
660 3853 684 3900 lu
704 3854 753 3915 ipsa
774 3853 860 3914 prolude
872 3856 963 3916 reperta
978 3867 1015 3902 re·

233 3929 349 3992 cepimus.
364 3933 389 3978 lu
401 3930 437 3977 bis
446 3929 593 3978 desiccandis
604 3931 683 3978 toturn
695 3930 758 3978 diem
771 3930 794 3978 iu
813 3931 853 3978 illo
868 3931 919 3979 uice
933 3931 941 3992 (
953 3934 1016 3980 teru-

233 4011 314 4070 pestas
325 4007 389 4054 enirn
398 4006 513 4065 desierat,
526 4009 550 4054 et
559 4006 638 4055 clarus
647 4006 682 4054 sul
693 4007 823 4069 apparebat
833 4007 841 4066 l
851 4009 1014 4057 eurrtrlrimus.

237 4085 326 4134 tteiude
333 4085 421 4134 curatis
430 4085 497 4146 equis
504 4087 528 4133 et
538 4084 765 4146 reliquisjurnentis,
775 4085 879 4145 reginam
887 4087 1017 4136 salutatum

237 4163 332 4211 triarius.
367 4165 433 4210 llauc
447 4161 549 4210 uicissim
559 4161 628 4209 donis
640 4163 783 4210 remunerati
796 4176 880 4210 sumus
889 4162 965 4211 tribus
977 4176 1017 4224 pa·

237 4243 294 4290 teris
305 4242 435 4302 argenteis,
454 4241 584 4290 velleribus
594 4240 685 4300 rubris,
704 4242 784 4302 pipere
798 4241 892 4300 iudico,
906 4243 1018 4302 palmulis

239 4323 263 4367 et
276 4319 348 4366 variis
359 4318 473 4380 cupediis,
485 4331 540 4380 qrrae
551 4317 632 4364 omnia
647 4317 786 4378 eberharde,
800 4322 826 4366 ut
840 4319 925 4379 ignota.
937 4320 1015 4380 magni

237 4398 395 4444 aestimantur.
413 4399 462 4445 Nec
478 4395 556 4444 multo
575 4397 628 4456 post
642 4397 721 4443 emnia
742 4397 818 4444 lausia
835 4397 960 4457 feliciaque
972 4398 1019 4446 illis

239 4473 406 4534 hospitalitatis
418 4486 472 4534 erge
485 4475 583 4534 precati,
595 4475 745 4526 discessimus
767 4477 862 4536 Septem
874 4474 966 4523 dierum
979 4475 1017 4523 iti·

238 4563 295 4599 uere
302 4562 408 4614 erueuao,
418 4551 521 4610 Scyllae,
531 4551 572 4612 qiri
582 4565 624 4599 nos
632 4550 761 4608 ducebant,
769 4553 792 4598 iu
800 4551 904 4612 quaedam
913 4553 965 4600 rico
975 4565 1018 4601 uos

241 4626 369 4676 consistere
379 4627 509 4687 jusserunt,
521 4629 578 4688 quia
588 4631 641 4689 post
653 4629 760 4689 Attilam,
769 4629 810 4689 qui
820 4628 864 4676 bac
879 4629 918 4676 ria
928 4629 1017 4690 prolici-

239 4707 354 4764 sceretur,
371 4704 415 4752 iter
429 4703 498 4752 uobis
510 4704 644 4753 laciendum
653 4709 723 4754 esset.
738 4707 783 4754 llic
795 4705 878 4754 obvios
891 4706 1018 4754 babuimus

239 4781 329 4842 legatos
340 4795 353 4828 a
364 4780 477 4828 Romanis
487 4780 689 4839 Occidentalibus,
704 4783 765 4843 ipsos
776 4775 872 4844 utroque
881 4783 910 4830 ad
920 4784 1017 4832 Attilam

241 4858 331 4906 misses.
354 4859 426 4905 Erant
440 4861 521 4905 aulem
537 4858 649 4918 praecipui
669 4860 785 4907 Romilius
795 4861 894 4908 Couaitis
904 4860 1018 4921 dignitate

239 4933 374 4994 «locandus,
383 4938 407 4982 et
415 4934 536 4982 l‘rimutus
546 4937 737 4997 (Prornolusel,
748 4937 839 4984 doricae
849 4936 951 4998 regionis
959 4951 1017 4999 prae·

241 5013 330 5068 leuius,
342 5013 366 5058 et
378 5013 510 5069 Romanus,
524 5010 633 5058 militaris
647 5011 737 5060 ordinis
753 5011 846 5060 ductor.
881 5014 924 5062 llis
936 5013 1018 5062 aderat

241 5087 403 5145 maurannus,
414 5101 484 5146 qrrem
494 5087 611 5135 teliusad
620 5089 726 5144 Attilam,
736 5093 761 5135 ul
769 5089 803 5136 illi
813 5089 834 5136 in
843 5090 1018 5138 cerisaribendis

241 5161 346 5224 epistolis
359 5161 497 5222 deserviret,
516 5165 620 5224 miserat,
634 5167 657 5212 et
677 5164 786 5224 'l'atulus,
802 5166 890 5213 Orestis
902 5168 961 5226 ajars,
977 5168 1017 5227 qui

1055 521 1223 600 ὑπογραᾳέως
1237 519 1333 598 χάριν,
1350 517 1394 576 καί
1414 519 1574 582 Τατοῦλοςὸ
1598 513 1719 596 Ὀρέστου
1739 518 1816 598 πατήρ

1057 615 1100 666 τοὺ
1120 609 1187 684 μετδι
1211 607 1367 678 Ἰίδέκωνος,
1387 607 1415 664 οὑ
1431 609 1476 673 τῆς
1490 603 1630 682 πρεσύείας
1651 604 1737 675 ἕνεκα,
1758 608 1815 662 ἀλλὰ

1055 695 1209 765 οἰκειότητος
1220 693 1297 773 χάριν
1308 692 1364 769 ἅμα
1378 692 1465 772 σᾳίσιν
1476 693 1562 756 αὐτοῖς
1573 690 1620 762 τήν
1631 691 1734 770 πορείαν
1743 693 1817 750 ποιοί·

1056 806 1140 858 μενοι,
1165 781 1347 846 Κωνστάντιος
1372 779 1418 855 μέν
1444 779 1486 836 δεδι
1511 778 1558 849 τὴν
1580 782 1606 837 ἐν
1628 787 1685 846 ταῖς
1707 779 1818 844 Ἰταλίαις

1055 869 1258 948 προϋπάρξασαν
1276 868 1338 946 πρὸς
1352 866 1411 932 τοὺς
1428 866 1523 944 ἀνδρας
1540 869 1648 942 γνῶσιν,
1661 869 1785 930 Τατοῦλος
1796 867 1818 922 δὲ

1057 957 1098 1014 δεδι
1114 956 1277 1034 συγγένειαν.
1293 954 1329 1016 Ὁ
1344 953 1395 1032 γδιρ
1412 956 1490 1012 αὑτοῦ
1505 961 1566 1018 παῖς
1583 952 1709 1032 Ὀρέστης
1724 953 1818 1027 Ῥωμύ·

1055 1047 1101 1103 λου
1113 1044 1243 1124 θυγατέρα
1256 1041 1427 1122 ἐγεγαμήκει,
1437 1040 1489 1098 ἀπὸ
1501 1039 1670 1105 Παταθίωνος
1676 1043 1720 1109 τῆς
1732 1042 1756 1097 ἐν
1768 1043 1819 1098 bn-

1057 1131 1119 1211 ρίκιρ
1139 1132 1239 1198 πόλεως
1244 1177 1299 1191 .....
1317 1128 1528 1209 Ἰἰπρεσόεύοντο
1548 1126 1764 1204 ἐκμειλιττόμενοι
1783 1125 1822 1183 τόν

1057 1219 1199 1291 Ἀττήλαν,
1234 1221 1370 1288 ἐκδοθῆναι
1404 1219 1475 1296 αὑτῷ
1502 1215 1658 1294 βουλόμενον
1689 1213 1821 1280 Σιλόανδν,

1057 1307 1161 1386 Ἀρμίσυ
1178 1306 1336 1384 (ἀργυρίοοῖ
1351 1307 1431 1380 Val.)
1445 1303 1576 1382 τραπέζης
1589 1301 1658 1361 κατὰ
1670 1301 1716 1372 τλν
1728 1299 1823 1376 Ῥώμην

1058 1400 1227 1466 προεστῶτα,
1252 1397 1286 1458 ὡς
1310 1394 1404 1471 φιάλας
1427 1399 1527 1470 χρυσᾶς
1555 1390 1628 1472 παρὰ
1652 1389 1824 1450 Κωνσταντίου

1057 1479 1208 1555 δεξάμενον,
1223 1479 1249 1546 θς
1264 1481 1293 1536 ἐκ
1314 1481 1440 1538 Γαλατῶν
1455 1477 1502 1553 μέν
1521 1481 1572 1535 τῶν
1589 1481 1615 1535 ἐν
1627 1480 1661 1556 τῇ
1674 1475 1768 1556 ἑσπέρᾳ
1782 1481 1826 1550 θνρ-

1059 1578 1141 1644 μᾶτο,
1158 1568 1307 1625 ἀπέσταλτο
1323 1566 1349 1624 δὲ
1368 1564 1413 1622 καί
1427 1565 1503 1628 αὐτὸς
1517 1563 1590 1642 παρίι
1606 1563 1733 1634 Ἀττήλαν
1749 1586 1775 1619 τε
1788 1563 1826 1618 καί

1060 1655 1178 1726 Βλήδαν,
1193 1652 1281 1732 ὥσπερ
1303 1657 1316 1712 ὁ
1333 1652 1389 1728 μετ’
1412 1651 1489 1708 αὐτόν
1505 1649 1703 1720 Κωνστάντιος,
1724 1653 1826 1724 ὑπογρα-

1058 1741 1124 1822 ρέως
1135 1741 1221 1820 χάριν.
1240 1739 1315 1799 Κατά
1330 1739 1356 1797 δὲ
1369 1738 1412 1797 τόν
1431 1738 1523 1818 χρόνον
1541 1728 1603 1817 ἐνῷ
1623 1737 1674 1794 ὑπὸ
1691 1739 1793 1796 Σκυθῶν
1806 1738 1828 1792 ἐν

1058 1835 1089 1907 τῇ
1104 1829 1225 1888 Παιόνων
1235 1829 1411 1906 ἐπολιορκεῖτο
1426 1827 1455 1884 τὸ
1467 1825 1591 1902 Σίρμιον,
1601 1824 1648 1890 τὰς
1665 1822 1828 1904 ριάλαςπαρλ

1057 1922 1102 1974 τοῦ
1117 1921 1161 1984 τῆς
1175 1917 1274 1979 πόλεως
1288 1913 1430 1972 ἐπισκόπου
1448 1911 1552 1979 ἐδέξατο
1571 1913 1610 1988 ἐρ’
1628 1901 1651 1990 ᾧ
1668 1911 1744 1968 αὑτὸν
1758 1910 1829 1967 λύσαι

1059 2007 1116 2059 σθαι
1125 2047 1131 2072 ,
1140 2001 1165 2060 εί
1175 2025 1203 2078 γε
1213 1999 1345 2081 περιόντος
1358 2002 1439 2057 αὑτοῦ
1453 2000 1551 2056 ἁλῶναι
1562 1997 1608 2068 τήν
1619 1997 1698 2055 πόλιν
1708 1996 1830 2072 συμόαίη,

1058 2088 1075 2158 ή
1098 2089 1272 2169 ἀναιρεθέντος
1291 2087 1443 2158 ὠνήσασθαι
1461 2088 1519 2150 τοὺς
1533 2084 1721 2163 αἰχμαλώτους
1739 2087 1832 2160 ἀπαγο-

1060 2175 1150 2252 μένους
1170 2181 1220 2232 τῶν
1243 2179 1338 2233 ἀστῶν.
1362 2173 1396 2234 ‘0
1410 2174 1438 2231 δὲ
1462 2174 1641 2240 Κωνστάντισς
1657 2174 1725 2250 μετὰ
1740 2171 1780 2228 τὸν
1794 2175 1833 2238 τῆς

1058 2265 1157 2329 πόλεως
1179 2261 1389 2344 ἀνδραποδισμὸν
1409 2259 1573 2339 ὀλιγωρήσας
1589 2264 1639 2317 τῶν
1664 2261 1796 2330 συνθηκῶν
1811 2259 1833 2320 ἐς

1059 2351 1105 2421 τήν
1119 2351 1228 2427 Ῥώμην
1241 2350 1308 2409 κατθι
1323 2349 1415 2430 πρᾶξίν
1428 2373 1484 2407 τινα
1504 2349 1696 2428 παραγίνεται,
1707 2347 1752 2406 καί
1766 2345 1835 2419 κομί-

1059 2443 1130 2506 ζεται
1150 2438 1222 2518 παρίι
1244 2444 1289 2495 τοὺ
1313 2436 1443 2496 Σιλόανοῦ
1459 2437 1565 2516 χρυσίον
1586 2437 1632 2504 τίς
1657 2435 1755 2515 φιάλας
1767 2432 1837 2501 δυὺς,

1062 2525 1128 2584 ὥστε
1153 2527 1232 2606 ρητοὺ
1250 2524 1344 2604 χρόνου
1368 2525 1469 2594 ἕντὸςῆ
1492 2525 1623 2582 ἀποδόντα
1636 2525 1669 2581 τὸ
1685 2519 1838 2581 ἐκδανεισθὲν

1059 2611 1166 2692 χρυσίον
1180 2611 1319 2669 ἀναλαόεῐν
1332 2609 1365 2668 τδι
1381 2611 1507 2690 ἐνέχυρα,
1522 2609 1539 2680 ἢ
1552 2612 1638 2676 αὑτοῖς
1651 2609 1697 2669 τόν
1714 2606 1837 2670 Σιλόανδν

1061 2705 1085 2766 ἐς
1101 2699 1116 2757 δ
1130 2723 1154 2756 τι
1168 2699 1287 2776 βούλοιτο
1302 2699 1464 2777 χρήσασθαι.
1479 2701 1579 2757 Τοῦτον
1591 2697 1622 2768 δή
1639 2698 1686 2756 τδν
1701 2695 1838 2756 Κωνστάν-

1059 2809 1112 2845 τιον
1125 2790 1151 2844 ἐν
1165 2785 1264 2865 ὑποψίᾳ
1277 2784 1416 2864 προδοσίας
1429 2785 1602 2860 ποιησάμενοι
1617 2785 1747 2855 Ἀττήλας
1761 2781 1840 2840 τεκαὶ

1062 2874 1164 2944 Βλήδας
1186 2873 1401 2952 ἀνεσταύρωσαν·
1424 2873 1491 2950 μετδι
1510 2874 1537 2930 δέ
1553 2873 1646 2952 χρόνον
1670 2877 1709 2952 τῷ
1734 2871 1841 2947 ’λττήλᾳ

1062 2969 1095 3028 ιὺς
1109 2961 1142 3020 ad
1156 2963 1216 3041 περὶ
1230 2967 1282 3020 τῶν
1297 2964 1397 3042 ᾳιαλῶν
1412 2961 1545 3038 ἐμηνύθη,
1563 2964 1703 3032 ἐκδοθῆναι
1719 2963 1789 3039 αὑτῷ
1803 2959 1841 3014 τόν

1062 3047 1206 3121 Etitovio,
1222 3041 1262 3106 οἷα
1278 3049 1310 3118 δή
1328 3053 1401 3129 μῶρα
1416 3051 1468 3105 τῶν
1490 3049 1568 3137 αὑτρὺ
1588 3048 1748 3126 γενόμενον,
1770 3046 1843 3106 edal-

1063 3243 1118 3278 cum
1131 3229 1242 3279 Edecone
1254 3232 1314 3288 erat,
1327 3232 1403 3292 pater,
1418 3241 1466 3278 aon
1479 3230 1601 3292 legationis
1613 3243 1699 3292 eausa,
1710 3228 1753 3278 sed
1765 3228 1846 3289 pruau

1062 3309 1133 3356 otuui
1141 3309 1165 3356 et
1174 3309 1340 3357 lamiliaritatis
1352 3322 1416 3370 erge.
1428 3309 1567 3358 coustantio
1577 3309 1640 3358 enirn
1651 3309 1677 3358 in
1688 3309 1766 3358 italiis
1772 3305 1847 3366 agenti

1062 3401 1161 3448 maguus
1169 3401 1224 3436 cum
1234 3388 1280 3436 illis
1290 3401 1348 3436 usus
1360 3389 1524 3438 intercesserat
1535 3402 1541 3434 :
1552 3388 1666 3438 Tatulum
1679 3388 1789 3436 affinitas
1801 3399 1849 3433 rnu-

1064 3467 1143 3515 vebat.
1156 3469 1253 3516 Orestes
1262 3468 1335 3528 euiua,
1346 3470 1396 3528 ejus
1408 3467 1478 3526 filius,
1490 3467 1583 3516 Romuli
1596 3467 1672 3516 tiliam
1686 3467 1849 3518 eputariuue.

1063 3546 1142 3595 Norici
1155 3547 1266 3608 ciuitate,
1279 3560 1380 3595 eruorem
1393 3546 1504 3596 drrxerat.
1520 3547 1600 3607 Legati
1612 3548 1699 3596 aulem
1712 3545 1849 3598 reuielaul,

1063 3627 1090 3674 ut
1111 3626 1208 3674 Attilam
1226 3626 1339 3688 leulrent,
1361 3626 1402 3688 qui
1420 3626 1465 3676 sibi
1483 3626 1627 3688 sylvanum,
1647 3627 1729 3674 nrmii
1743 3627 1849 3686 (arpen

1065 3705 1173 3763 turice)
1187 3717 1276 3752 mensae
1289 3706 1373 3752 noma
1385 3703 1536 3764 praetectum,
1556 3702 1617 3750 tradi
1627 3703 1784 3764 postulabat,
1798 3714 1849 3762 pro·

1063 3782 1144 3840 pterea
1153 3781 1218 3842 quod
1225 3784 1319 3842 pateras
1326 3792 1434 3830 arrreasa
1445 3780 1585 3829 coustantio
1595 3780 1706 3841 quodam
1718 3779 1844 3840 acceperat

1066 3857 1110 3904 llic
1119 3858 1282 3916 coustantius,
1290 3871 1321 3906 eu
1328 3856 1412 3906 Galliis
1419 3855 1613 3905 Occidentalibus
1620 3860 1703 3918 ortus,
1714 3856 1747 3906 ad
1757 3857 1849 3905 Attilau

1063 3936 1088 3982 et
1101 3933 1209 3992 Bledam,
1222 3935 1248 3981 ut
1259 3933 1340 3982 illisio
1356 3932 1534 3982 conscribendis
1542 3933 1648 3994 epistolis
1661 3947 1768 3998 operam
1779 3932 1845 3980 daret

1063 4009 1266 4070 quemadmodum
1286 4013 1311 4058 ct
1336 4013 1389 4072 post
1411 4009 1478 4058 illum
1499 4009 1560 4058 aller
1579 4011 1747 4058 Constantius
1772 4011 1849 4058 missu

1063 4089 1147 4135 luerat.
1160 4086 1202 4136 llle
1211 4100 1277 4146 vere,
1285 4100 1335 4146 quo
1343 4090 1449 4148 tenpore
1457 4087 1570 4136 Sirmium
1579 4086 1711 4148 oppidum,
1723 4087 1749 4135 iu
1762 4086 1849 4135 l¹uoriia

1063 4165 1150 4222 situm,
1163 4164 1259 4224 Scythae
1271 4162 1420 4222 obsidebant,
1432 4176 1506 4210 πιπτει
1522 4175 1579 4211 vasa
1591 4175 1606 4209 a
1619 4161 1733 4212 civitatis
1745 4163 1849 4224 episcop

1063 4245 1197 4301 acceperat,
1210 4243 1238 4288 ut
1249 4254 1280 4288 es
1295 4253 1379 4288 eorum
1393 4240 1477 4301 pretio,
1488 4239 1507 4288 si
1519 4253 1544 4288 se
1555 4239 1686 4300 superstite
1701 4241 1795 4288 urbem
1808 4253 1849 4298 cap

1064 4319 1209 4380 contigisset,
1223 4318 1302 4382 quoad
1313 4319 1370 4368 satis
1381 4321 1451 4378 esset,
1462 4332 1505 4380 pro
1515 4332 1557 4367 sua
1569 4318 1681 4368 libertate
1698 4319 1842 4367 solveretur

1064 4395 1099 4444 sin
1111 4397 1226 4458 periisset,
1239 4396 1302 4444 cives
1312 4396 1336 4442 in
1345 4395 1484 4444 seruitutem
1494 4395 1591 4443 abclucti
1605 4395 1804 4444 redimerentur.
1817 4400 1849 4442 Se

1064 4474 1217 4522 coustantius
1228 4475 1281 4534 post
1293 4473 1359 4521 urbis
1373 4472 1492 4520 excidium
1503 4471 1533 4520 de
1546 4474 1617 4533 pacto
1630 4471 1671 4520 illo
1687 4486 1783 4534 parurn
1800 4473 1849 4520 soll

1064 4551 1135 4611 citus,
1149 4553 1250 4600 [luuram
1267 4549 1390 4611 cujusdam
1408 4549 1494 4611 negotii
1510 4562 1582 4598 eausa
1597 4551 1737 4612 protectus,
1760 4565 1849 4600 rasaa

1064 4629 1193 4689 sylvanum
1204 4628 1299 4688 detulit,
1312 4631 1337 4675 et
1346 4641 1432 4676 aurum
1442 4629 1473 4677 ab
1484 4641 1513 4676 eo
1522 4627 1620 4688 caepit,
1632 4629 1811 4690 convenitque
1824 4633 1849 4676 ut

1063 4706 1082 4752 ai
1094 4705 1723 4765 intratempuspraessnilumaururnmuluosumptum
1736 4705 1849 4754 redderet

1065 4795 1121 4830 vasa
1135 4783 1249 4842 reciperet
1265 4795 1270 4822 ε
1284 4782 1308 4828 ui
1325 4781 1427 4839 lecisset,
1444 4780 1562 4842 Splaauus
1572 4793 1629 4829 vasa
1643 4781 1693 4828 sibi
1713 4783 1826 4831 baberet
1845 4797 1849 4830 ι

1064 4860 1100 4908 bis
1121 4873 1164 4921 pro
1180 4859 1279 4908 arbitrio
1297 4861 1413 4908 uteretur.
1434 4863 1505 4908 ltuuc
1526 4859 1699 4907 Constantium
1725 4861 1822 4910 Allitas
1844 4875 1849 4910 ι

1066 4936 1282 4997 uleua,qrrrrn1illls
1293 4935 1432 4998 proditionis
1438 4936 1534 4984 nomine
1543 4938 1667 4996 suspectus
1677 4941 1761 4996 esset,
1772 4939 1799 4987 iu
1812 4953 1848 4987 err

1064 5027 1115 5061 eeru
1127 5015 1233 5074 egerunt.
1269 5016 1303 5060 Es
1311 5025 1369 5073 qrro,
1378 5017 1405 5060 ut
1414 5013 1444 5060 de
1456 5012 1546 5073 parulis
1555 5013 1633 5060 aureis
1642 5012 1773 5062 iudiciuur
1785 5017 1846 5064 ads

1064 5090 1130 5138 tilam
1144 5092 1178 5137 est
1196 5088 1318 5147 italarum,
1335 5090 1379 5136 sibi
1393 5089 1454 5137 tradi
1471 5089 1617 5150 sylvanum,
1631 5089 1764 5148 tauquam
1786 5093 1849 5140 trrrei

1064 5179 1148 5216 eorrrru
1161 5179 1215 5226 nara
1227 5179 1269 5213 sira
1283 5169 1374 5224 esseut,
1389 5165 1508 5224 flagitarit.
1525 5165 1604 5224 Legati
1619 5165 1692 5224 igilur
1709 5167 1746 5214 ab
1760 5173 1849 5217 netiur
