3930 5754
859 327 1105 393 FRAGMENTA.
1724 351 1781 400 iiie

546 474 595 548 69,
1006 463 1049 522 καλ
1072 465 1271 544 πεντακισχίλια
1296 468 1412 523 τάλαντα
1440 465 1561 545 ἀργυρίου
1577 472 1615 548 τῷ
1640 470 1782 546 Ῥωμαίων

226 571 290 624 Em
302 571 345 642 1).e
360 571 412 628 ins·
427 590 457 645 li·
479 570 512 626 ι5
531 591 537 626 :
551 566 616 629 ⁶03,
631 571 790 648 Μργργὸάτης
802 575 815 629 ὁ
827 578 869 631 ,μγ
888 574 960 633 ῃό,,
1005 553 1098 633 δικαίῳ
1114 553 1204 633 (δήμῳ
1215 552 1374 612 καταύαλεῖν
1385 553 1504 632 λλίοίί.),
1515 555 1561 614 δίτε
1577 560 1673 635 χειρῶν
1685 559 1781 618 ἀδίκων

183 677 229 712 του
240 653 361 733 βασιλεὺς
373 655 488 733 χαλεπὸς
495 653 530 714 ὢν
540 656 585 715 καί
597 656 712 736 τραχύς,
726 659 961 728 καταστασιασθείς
981 701 985 731 ,
1005 639 1467 750 ἀρξάμενῗννγπθωηνᾶιίκαξῑ·,Μετὰ
1476 648 1558 700 ταῦτα
1568 643 1708 712 mm<
1720 650 1780 708 θπὲ·

183 740 234 798 ύπὸ
247 745 293 798 τοῦ
303 741 395 848 παιδὸς
407 743 551 850 Φαρνάκου
568 742 641 847 παρὰ
655 751 706 809 τοῖς
718 744 818 812 οἰκείοις
830 745 960 824 στρατιιύ-
982 743 985 846 ί
1005 727 1078 800 ‘⁰¹5³’
1088 751 1186 836 “Q''
1198 731 1307 840 Qu
1318 753 1369 787 των
1394 729 1495 836 Ῑςίθωγ*
1506 731 1635 808 Ἀρσάκην
1646 737 1681 840 ίί·
1695 733 1782 814 ’‘W‘'

183 851 253 900 ταις,
267 851 370 936 προςγτε
385 831 837 940 θανατομάναγκαιφνσυνελασθείφ,
853 834 960 912 φάρμα·
1005 818 1073 961 kun)
1095 837 1368 924 ffwstlwfffflu.)
1391 815 1506 962 ἰξίίλίῗγν
1528 818 1624 928 μ’ίξθὰῖ
1650 822 1782 930 Ᾱθμῑνίίαν

728 941 771 976 ν
1450 991 1782 1072 ,

222 1116 346 1173 suidas,
367 1113 525 1174 uolut,¹0
546 1042 595 1172 71⁸
613 1113 726 1176 ‘Ouss
764 1116 800 1176 m<
854 1116 913 1176 ὁ,
1005 1077 1191 1158 Παφλαγονίας
1203 1043 1584 1154 κατήγάγεν,ε’ξεληλαμίνους
1595 1081 1658 1161 πρὸς
1671 1039 1717 1141 τόῢ
1733 1047 1783 1143 Μί-

183 1202 261 1258 ,παλ
280 1200 313 1259 θ,
339 1159 374 1258 ’φ
419 1171 424 1190 ·
470 1139 542 1260 ηγς
642 1201 649 1222 s
681 1201 689 1222 .
728 1139 840 1224 ⁰³²)w‘
859 1141 961 1226 τμεγθς
1004 1165 1132 1242 θριδάτου.
1163 1165 1274 1242 Κόλχοις
1295 1187 1323 1222 τε
1351 1166 1484 1246 ἐφίστησιν
1507 1168 1636 1243 ἡγεμόνα.
1661 1169 1720 1249 Ἐφ’
1744 1165 1782 1240 οἷς

261 1225 344 1310 ηξιῆ
375 1224 669 1310 πθτοςκαοστρατηγος
691 1207 960 1312 Ρῶμαιῶᾘονπρος
1004 1253 1043 1312 Σύ
1062 1277 1104 1320 ους
1117 1276 1145 1312 τε
1159 1253 1204 1311 καὶ
1218 1251 1247 1313 ”A
1267 1253 1333 1319 αόας
1351 1275 1447 1311 κατεστ
1466 1256 1545 1334 ἕψατο
1575 1257 1620 1314 καὶ
1641 1257 1767 1320 Ἰουδαίου

182 1290 346 1368 Μιθριδατην
368 1311 412 1345 m
435 1291 567 1366 TWW'V
586 1289 700 1367 πολεμον
722 1293 866 1358 meum
906 1293 961 1353 Καὶ
1003 1277 1084 1417 τρίθω
1099 1339 1162 1411 μηνί
1182 1276 1378 1416 παρεθτήσατο.
1396 1279 1485 1400 Ἰίιιρδὲ
1506 1299 1559 1399 τῶν,
1568 1349 1612 1401 τοῦ
1627 1346 1695 1422 ίεροῦ
1716 1287 1782 1405 οἰναξ

1004 1395 1128 1503 θημοίτῶν
1138 1429 1209 1486 οὐδὲν
1221 1427 1374 1506 διήρπασεν,
1385 1427 1453 1486 ἀλλά
1463 1427 1550 1487 πάντα
1561 1429 1612 1489 ύπδ
1624 1433 1779 1514 ἀναγραφὴν

1003 1515 1179 1592 ποιησάμενος
1195 1513 1384 1597 Ἀριστούούλῳ
1401 1516 1560 1594 παρέδωκεν.
1577 1517 1708 1598 Ὑρκανὸν
1729 1522 1779 1604 γάρ

1003 1605 1037 1669 εἰς
1054 1602 1101 1672 τὴν
1118 1600 1258 1678 Ῥωμαίων
1277 1600 1419 1681 ἐξέπεμψεν
1434 1603 1567 1678 δέσμιον.»

180 1373 225 1434 τδν
240 1374 287 1450 μὲν
300 1375 463 1454 Μιθριδάτην
474 1373 542 1434 κατδι
553 1374 599 1446 τὴν
611 1375 705 1455 μικρδιν
717 1375 854 1454 Ἀρμενίαν
871 1403 959 1438 νυκτο-

181 1462 267 1542 μαχίᾳ
281 1461 492 1541 κατηγωνίσατο,
512 1466 546 1530 ῶς
557 1462 587 1521 τδ
601 1464 774 1544 στρατόπεδον
789 1467 868 1524 αὐτοῦ
884 1467 960 1545 διαρ-

180 1547 285 1621 πάσαι,
319 1549 364 1607 καὶ
392 1551 460 1628 τρεῖς
490 1548 616 1628 μυριάδας
645 1551 759 1608 ὁπλιτῶν
783 1549 956 1611 καταύαλεῖν.

181 1636 215 1696 Ὁ
228 1627 273 1695 ούν
284 1637 445 1717 Μιθριδάτης
453 1637 596 1714 γυμνωθεὶς
605 1637 760 1698 παντάπασι
769 1641 816 1707 τῆς
826 1638 959 1714 δυνάμεως

180 1724 325 1805 διαφεύγειν
346 1728 488 1802 ἀγαπητῶς
507 1725 564 1797 ἅμα
577 1729 611 1802 τῇ
631 1730 734 1806 γαμετῇ
752 1724 798 1784 καί
820 1725 865 1784 δύο
891 1727 957 1784 τισίν
1366 1729 1414 1779 7¹·

181 1811 328 1880 ἀκολούθοις
349 1811 436 1879 ίκανδς
456 1810 573 1890 γε’γονεν·
592 1803 648 1872 ε’ίτα
663 1813 897 1880 καταστασιασθείς
908 1813 959 1872 ύπδ
1042 1817 1110 1870 Exc.
1126 1815 1168 1868 De
1181 1815 1245 1868 virt.
1256 1833 1287 1887 p.
1307 1833 1360 1885 797
1380 1807 1463 1871 :⁸0u
1476 1813 1585 1879 Λούκιος
1601 1815 1707 1896 Σέργιος
1723 1819 1779 1877 Ka-

179 1907 226 1959 τοθ
240 1900 332 1966 παιδὸς
346 1900 490 1978 Φαρνάκου
504 1899 577 1980 παρδι
591 1908 643 1966 τοῖς
657 1900 758 1966 οἰκείοις
771 1900 956 1978 στρατιώταις,
1001 1900 1111 1971 τιλῖνος,
1126 1897 1192 1977 ἀνὴρ
1203 1896 1291 1973 γε’νους
1303 1897 1350 1974 μίν
1362 1895 1398 1955 ὧν
1414 1899 1633 1978 ἐπιφανεστάτου,
1649 1901 1734 1970 άλλως
1746 1905 1774 1963 δὲ

169 1988 224 2045 ’καὶ
235 1985 299 2064 πρδς
310 1987 421 2046 θάνατον
433 1989 575 2064 ἀναγκαῖον
591 1986 706 2060 ἐλαθεὶς,
722 1987 860 2067 φάρμακον
876 1990 959 2060 δηλη-
1001 1985 1110 2062 πονηρὸς
1124 1981 1171 2054 τὴν
1189 1983 1275 2064 φύσιν,
1289 1983 1421 2055 τολμητής
1436 1987 1520 2044 τεκαὶ
1540 1989 1777 2068 μεγαλοπράγμων,

178 2073 269 2154 τήριον
293 2075 391 2133 incidi
410 2075 519 2154 τελευτᾷ
539 2073 598 2151 περὶ
612 2071 656 2130 τδν
677 2071 821 2152 Βόσπορον.
836 2072 870 2134 Ὁ
885 2075 911 2133 δὲ
926 2076 957 2148 δὴ
1001 2073 1045 2131 καί
1054 2063 1327 2144 τὀἧθοςποικίλος,ίπ’
1338 2071 1436 2152 ὀλέθρῳ
1446 2077 1491 2144 τῆς
1501 2074 1624 2153 πατρίδος
1634 2075 1778 2154 συνύμοσε,

178 2169 240 2228 παῖς
263 2163 334 2242 αύτῷ
354 2160 498 2240 Φαρνάκης
523 2158 622 2237 γίνεται
646 2159 766 2239 διάδοχος
791 2165 838 2232 τῆς
861 2165 955 2241 ἀρχῆς.
1001 2159 1058 2226 τοθς
1072 2159 1247 2240 θρασυτάτους
1259 2158 1304 2218 καί
1323 2160 1533 2237 τολμηροτάτους
1549 2165 1600 2220 τῶν
1616 2165 1777 2244 εὐπατριδῶν

178 2247 213 2308 ‘0
240 2247 267 2306 il
290 2248 427 2324 ίΙομπάρος
447 2247 489 2306 ἐπὶ
512 2246 646 2328 Τιγράνην
665 2246 723 2325 ἄγει
748 2246 795 2316 τὴν
820 2251 955 2328 στρατιάν.
1002 2249 1037 2314 είς
1055 2245 1103 2318 πλν
1121 2249 1214 2304 ἑαυτοῦ
1235 2245 1322 2304 πίστιν
1337 2247 1518 2321 ἐνδησάμενος.
1537 2251 1777 2332 Λίγεταιγδράν-

178 2335 213 2396 Ὁ
226 2337 253 2394 δὲ
265 2335 397 2414 Ἀρμένιος
412 2336 454 2394 δεδι
475 2335 563 2414 μάχης
586 2335 668 2392 ίλθεῖν
688 2342 742 2402 τοῖς
764 2334 909 2411 Ῥωμαίοις
929 2340 956 2396 ού
1001 2340 1102 2412 θρωπον
1113 2334 1261 2401 καταθύσας
1270 2339 1361 2410 γεῦσαι
1371 2341 1416 2393 τοῦ
1427 2335 1537 2410 αίματος
1548 2335 1605 2403 τοὺς
1617 2339 1777 2416 συνωμότας,

178 2423 310 2489 λυσιτελὲς
330 2421 494 2500 ἡγησάμενος
514 2419 624 2487 ἐνδιδοὺς
649 2421 739 2480 ἑαυτὸν
764 2422 872 2503 ἀφίκετο
892 2422 955 2503 πρὸς
1000 2423 1133 2501 περιάγων
1147 2425 1183 2489 εἷς
1196 2421 1296 2487 πάντας
1314 2422 1361 2492 τὴν
1383 2423 1478 2482 κύλικα
1494 2423 1583 2502 πλήρη
1604 2424 1674 2484 οίνου
1689 2449 1718 2485 τε
1732 2427 1777 2486 καί

179 2509 338 2584 Πομπήιον,
351 2510 396 2568 καί
407 2509 471 2588 πρὸς
482 2509 535 2575 τοῖς
552 2509 656 2586 γόνασιν
674 2512 753 2569 αὐτοῦ
766 2509 852 2568 πεσὼν
868 2509 913 2568 καί
927 2511 956 2568 τδ
1000 2509 1159 2586 ἀνθρωπείου
1174 2507 1300 2584 αἵματος,
1323 2507 1374 2567 εἴτε
1389 2509 1590 2588 καταγοητεύων
1605 2511 1664 2580 τοὺς
1680 2513 1776 2594 ἄνδρας

178 2596 295 2672 διάδημα
312 2601 358 2666 τῆς
379 2599 493 2676 κεφαλῆς
516 2594 619 2676 ἀφελὼν
639 2599 666 2654 tn
684 2597 741 2663 ταῖς
761 2598 858 2656 ἐκείνου
880 2594 956 2675 χερσί
999 2599 1037 2674 τῷ
1048 2591 1342 2676 τοιῷδεύρκῳ,είτεκαί
1355 2596 1419 2674 πρὸς
1430 2605 1482 2654 πᾶν
1494 2599 1619 2673 τόλμημα
1633 2599 1776 2660 καίπᾶοσν

176 2683 309 2743 κατέθετο.
338 2675 386 2749 otc
410 2681 441 2755 δὴ
465 2682 593 2763 καμφθεὶς
614 2683 658 2741 τὸν
677 2681 757 2759 θυμδν
781 2687 795 2742 ὁ
814 2683 955 2754 Πομπήιος
1000 2683 1086 2752 ἐθίζων
1107 2681 1294 2762 άνοσιουργίαν,
1310 2680 1356 2740 άτε
1370 2681 1457 2762 οἰκείῳ
1476 2683 1521 2742 καί
1538 2687 1664 2766 πολιτικῷ
1678 2688 1777 2768 ἐπιχει-

178 2771 430 2844 internuncius
446 2771 491 2830 καί
509 2771 539 2831 τδ
560 2767 675 2847 διάδημα
690 2772 768 2829 πάλιν
787 2773 954 2843 ἀποδίδωσιν,
1001 2772 1050 2848 ρῶν
1066 2769 1173 2844 αἵματι,
1195 2769 1239 2828 καί
1255 2779 1411 2847 μεταγαγεῖν
1431 2775 1478 2841 τὴν
1490 2773 1623 2831 πολιτείαν
1635 2776 1670 2840 εἷς
1681 2798 1778 2854 τυραν-

177 2859 296 2938 αύτδςτῇ
310 2865 354 2918 τοῦ
371 2859 505 2940 Ἀρμενίου
526 2863 601 2918 τοῦτο
617 2857 728 2936 περιθείς
742 2859 858 2937 κεφαλῇ,
879 2859 912 2915 τά
927 2881 955 2916 τι
999 2857 1056 2915 νίδα
1069 2856 1138 2937 φόνῳ
1152 2879 1178 2914 τε
1193 2859 1283 2936 πολλῷ
1296 2859 1346 2914 τῶν
1360 2857 1471 2936 ἀρίστοιν
1490 2859 1534 2916 καί
1553 2861 1718 2935 καταπρήσει
1730 2867 1776 2934 τῆς

176 2945 244 3004 ἄλλα
259 2945 302 3004 διά
319 2951 397 3024 τιμῆς
411 2947 454 3005 τὸν
477 2946 557 3026 ἀνδρα
577 2937 655 3022 ἦγεν·
679 2944 815 3024 ἀφαιρέσει
835 2941 861 3001 il
885 2941 955 3018 ὅμως
998 2945 1097 3010 πολεως
1112 2943 1308 3023 μηχανώμενος.
1346 2942 1448 3020 Ἐπῆρε
1462 2944 1490 3002 δὲ
1509 2945 1561 3025 άρα
1576 2945 1618 3005 τὸν
1635 2949 1774 3008 Κατιλῐνον

176 3032 270 3110 μέρους
284 3035 351 3100 τινδς
361 3037 407 3104 τῆς
417 3036 499 3113 ἀρχῆς
509 3033 554 3092 καί
568 3033 690 3113 χρήμασι
704 3033 810 3097 πολλοῖς
825 3032 954 3106 ἐζημίωσε
995 3033 1033 3098 είς
1048 3028 1143 3096 ταύτας
1159 3029 1204 3097 τδς
1225 3029 1335 3096 ἀτόπους
1357 3030 1454 3099 ίννοίας
1479 3031 1547 3109 βάρη
1571 3055 1598 3091 τε
1615 3033 1773 3114 ὀφλημάτων

174 3119 219 3179 τὸν
230 3119 370 3199 Ἄρμάνιον.
386 3121 485 3201 Συρίαν
499 3143 527 3178 τι
540 3121 591 3198 γάρ
601 3119 646 3178 καὶ
660 3119 788 3190 Φοινίκην
799 3119 954 3195 ἀπετέμετο,
998 3122 1109 3176 νικῶντα
1120 3115 1150 3176 τδ
1163 3117 1266 3192 τίμημα
1280 3122 1326 3189 τῆς
1337 3117 1443 3194 οὐσίας,
1457 3119 1501 3176 καὶ
1513 3119 1567 3199 [τό]
1577 3121 1689 3187 συνειδὸς
1701 3121 1775 3180 ίκθί-

205 3287 244 3336 Fc.
256 3290 297 3336 69.
313 3288 341 3334 v.
352 3286 397 3335 Dio
408 3287 473 3335 cese.
487 3285 610 3344 xxxva,
623 3291 650 3334 tn
660 3297 696 3346 su.
710 3284 790 3334 livius
801 3297 839 3346 ep.
850 3291 889 3333 tii.
901 3284 1021 3333 Plutarch.
1037 3287 1119 3345 Pomp.
1136 3296 1158 3331 ο.
1171 3286 1210 3331 it.
1222 3285 1291 3346 Oros.
1304 3285 1350 3339 vr,
1365 3289 1388 3332 5.
1404 3283 1441 3333 tlt.
1454 3287 1551 3346 Eutrop.
1564 3287 1612 3340 vl,
1631 3290 1676 3335 to:
1691 3288 1777 3348 tl'eque

173 3355 257 3404 multo
272 3357 341 3416 nost,
355 3367 436 3418 quum
452 3357 481 3404 in
498 3367 557 3404 snos
567 3357 682 3412 suniret,
698 3355 859 3412 Pharnacis,
867 3355 923 3417 selti
935 3357 991 3414 sui,
1004 3352 1077 3418 anecd
1094 3355 1189 3404 milites
1200 3353 1323 3403 seditione
1339 3351 1375 3403 ad
1386 3355 1493 3403 mortem
1511 3357 1630 3411 coactus,
1649 3367 1776 3406 uenenum

174 3425 271 3474 hausit.

190 3493 243 3544 ‘Pn
256 3499 294 3545 70.
312 3497 382 3544 liunc
397 3494 477 3544 suida
490 3495 570 3544 locum
580 3494 610 3544 nd
622 3497 741 3545 ioannem
756 3494 904 3544 reterendnrn
922 3508 973 3545 esee
988 3495 1064 3557 liquet
1077 3509 1091 3545 e
1106 3495 1238 3554 frumento
1251 3493 1406 3544 antecedente
1421 3496 1486 3544 etex
1497 3499 1636 3556 οοωροιεῑο
1647 3497 1774 3556 Ευίιοοὶο,

172 3565 215 3627 qni
236 3567 260 3612 in
274 3564 395 3613 nonnullis
405 3567 497 3614 loenne
511 3567 550 3614 rel
560 3569 626 3615 certe
636 3567 736 3616 ioannis
746 3570 884 3627 excerptore
895 3565 989 3616 uberior
999 3566 1032 3616 lla
1042 3566 1114 3615 inaltet
1124 3567 1170 3625 vt,
1183 3571 1211 3613 to
1220 3578 1247 3626 eq
1262 3584 1268 3612 :
1283 3565 1343 3613 hiae
1355 3567 1378 3613 ei
1390 3563 1534 3624 (Pompeio)
1547 3564 1664 3613 delatum
1679 3564 1776 3614 hstium

172 3639 252 3684 etiam
264 3637 354 3684 cantra
372 3648 456 3696 rcqem
469 3636 650 3686 Mithridatem
661 3641 687 3686 et
700 3639 855 3696 tiqranem:
867 3642 1044 3700 quiescente
1057 3635 1238 3687 Mithridatem
1253 3637 1280 3682 tn
1297 3636 1418 3684 Araunia
1436 3635 1535 3682 minore
1547 3637 1673 3682 nocturno
1686 3634 1776 3696 pratia

173 3709 248 3762 uicit,
259 3708 348 3754 castra
360 3704 472 3767 diripuit
477 3723 487 3764 ,·
499 3706 681 3769 quadraqtnta
690 3707 808 3756 mittitur
818 3707 873 3767 q'us
884 3711 986 3763 occisis,
1000 3710 1093 3769 utqintt
1107 3709 1211 3756 tantum
1222 3705 1253 3755 dc
1265 3709 1382 3762 exercitu
1393 3719 1439 3754 eno
1453 3703 1569 3766 perdidit
1580 3709 1606 3754 et
1618 3705 1681 3755 dnae
1690 3709 1775 3756 centu·

172 3778 257 3824 rienes
276 3775 449 3824 -itichrtdaus
461 3789 519 3825 cum
531 3789 612 3828 uxore
619 3777 696 3838 suqit
707 3779 732 3826 et
743 3775 842 3826 duodus
852 3778 995 3828 cantitans.
1007 3781 1093 3840 h'cqne
1103 3778 1185 3826 mutto
1194 3779 1265 3839 nost,
1276 3788 1357 3838 quum
1367 3777 1394 3824 in
1410 3788 1467 3823 scios
1479 3777 1596 3832 seviret,
1610 3773 1773 3836 Pharnacis,

172 3842 220 3892 htit
238 3846 294 3900 eui,
312 3843 385 3905 apud
402 3846 499 3894 milites
515 3846 639 3897 seditione
651 3845 687 3896 ad
698 3849 807 3895 mortem
823 3849 940 3901 coactns,
958 3859 1084 3896 uenenum
1094 3846 1193 3896 hausit.
1207 3849 1283 3894 Ituna
1292 3844 1374 3903 finem
1390 3844 1480 3894 hahuit
1496 3844 1664 3895 Mithridates
1669 3861 1680 3904 ,·
1694 3849 1775 3908 periit

172 3917 262 3961 autem
278 3913 350 3974 apud
370 3917 525 3975 Bosporum,
538 3918 579 3964 uir
591 3918 700 3978 inqentis
712 3915 851 3964 industria
866 3915 1017 3978 consiliique
1030 3933 1038 3965 .·
1051 3918 1171 3975 rcqnanit
1190 3916 1268 3964 annis
1283 3916 1436 3974 secaqinta,
1456 3915 1521 3961 uixit
1533 3915 1699 3974 septuaqinta
1711 3914 1774 3962 duo·

173 3983 219 4032 heu
229 3997 235 4030 :
246 3987 336 4032 contra
349 3983 472 4032 hnmanae
485 3985 580 4034 heitum
591 3985 682 4034 hahuit
689 3987 764 4033 annis
776 3984 966 4046 quadraqinta.
981 3988 1088 4046 Tiqrani
1101 3985 1193 4035 deinde
1204 3987 1339 4044 Pompeius
1350 3983 1445 4032 trellum
1455 3981 1555 4032 intulit.
1568 3983 1618 4032 tlte
1627 3997 1653 4033 se
1662 3983 1771 4040 dedidit,

172 4059 196 4102 ei
210 4056 238 4101 iu
250 4056 340 4102 castra
352 4057 464 4112 Pomaeit
477 4057 550 4103 sento
563 4055 657 4104 decim
666 4056 792 4105 milliario
800 4054 833 4104 ah
846 4057 976 4103 Artaxata
987 4057 1071 4112 uenit,·
1082 4067 1113 4102 ac
1126 4053 1247 4102 diadema
1257 4066 1347 4106 snum,
1363 4065 1444 4114 quaene
1454 4052 1632 4114 procubuisset
1641 4053 1678 4103 ad
1688 4067 1774 4116 qenua

173 4125 301 4183 Pompeii,
316 4125 342 4171 tn
356 4111 475 4172 manitius
487 4125 542 4185 ejus
559 4124 695 4174 collocavit
714 4140 722 4174 :
741 4125 809 4188 quad
820 4128 843 4173 ei
858 4127 993 4186 Pompeius
1009 4128 1136 4186 reposuit,
1155 4124 1342 4186 honorificeque
1360 4119 1418 4172 ciem
1438 4123 1570 4178 habiturn,
1593 4129 1668 4186 requi
1687 4131 1773 4178 ianua

171 4194 249 4255 narie
259 4193 382 4241 mutlautt
389 4223 397 4248 ,
407 4197 432 4242 et
439 4193 535 4253 qrandi
544 4198 663 4255 pecnnia.
672 4195 797 4257 Adempta
805 4199 843 4244 est
852 4199 875 4244 ei
885 4198 976 4256 suria,
987 4195 1121 4250 Phaniae,
1131 4193 1258 4255 sophenec
1269 4207 1315 4242 sen
1327 4193 1414 4242 rnitliu
1424 4196 1549 4254 preterea
1560 4193 1718 4244 talentorum
1727 4210 1772 4246 ar·

171 4265 257 4323 qenti,
275 4274 334 4325 qun
343 4263 437 4323 populo
447 4267 560 4313 hamana
574 4264 664 4320 daret,
677 4269 741 4328 quta
753 4265 850 4315 tellum
860 4267 1006 4314 sinecansa
1017 4269 1138 4314 humanis
1149 4265 1332 4312 conrineooisset.
1351 4265 1486 4324 Porncpcius
1504 4273 1565 4310 enoc
1574 4265 1654 4311 etiem
1666 4264 1773 4318 Athenis

172 4330 269 4380 hettum
281 4332 388 4386 intulit,
398 4334 424 4380 et
432 4345 521 4382 comm
533 4343 617 4394 reqem
634 4333 741 4382 Orodem
752 4337 790 4382 ter
805 4336 874 4382 uicit.
889 4335 1018 4383 Postremo
1028 4347 1075 4394 per
1084 4335 1205 4396 epistolas
1217 4336 1242 4382 et
1254 4345 1363 4382 munera
1378 4335 1484 4394 roqatus
1495 4335 1597 4380 ueniam
1609 4335 1632 4382 ci
1642 4345 1673 4384 ac
1684 4346 1774 4395 pacem

171 4400 253 4451 dedit.
269 4401 354 4450 theria
370 4415 471 4464 quoqne
483 4415 568 4464 reqens
578 4407 686 4453 Artaccn
703 4407 763 4453 uicit
775 4408 831 4453 acic
842 4407 867 4453 et
880 4407 907 4452 in
920 4403 1076 4454 deditionem
1086 4407 1200 4466 accepit,·
1210 4407 1359 4452 Arrreentam
1371 4405 1495 4450 minorem
1511 4404 1646 4456 Deiotaro,
1660 4404 1772 4454 Galatia

171 4473 240 4532 reqi,
255 4469 375 4526 densauit,
397 4476 462 4534 quia
477 4477 561 4524 socius
573 4473 632 4523 hetti
644 4473 817 4524 Mithridatici
823 4473 927 4534 suerat.
941 4475 1027 4524 tituto
1036 4477 1061 4524 ct
1071 4475 1214 4535 Pqtcameni
1226 4471 1436 4532 Pantnluqoniam
1446 4469 1577 4524 reddidit,
1592 4471 1773 4521 Aristarchum

141 4567 144 4576 ·
171 4541 273 4590 Colchis
289 4553 372 4600 πορσον
383 4543 514 4602 imposuit.
528 4545 588 4594 hiae
601 4547 707 4594 itureos
722 4545 748 4593 et
757 4543 855 4594 trahas
866 4546 928 4594 vicit
938 4558 946 4592 :
958 4546 983 4592 et
999 4556 1080 4606 quum
1092 4547 1201 4593 uenisset
1214 4545 1240 4592 tn
1252 4545 1371 4602 Sqrium,
1384 4541 1541 4596 seleuciani,
1554 4543 1669 4589 uicinam
1686 4543 1773 4590 Antio·

170 4613 234 4660 chia
247 4615 391 4666 ciuitatem,
404 4611 527 4664 libertate
542 4614 663 4673 donarit,
682 4613 751 4678 quod
766 4627 850 4678 reqem
869 4619 1006 4677 thranem
1016 4628 1067 4664 non
1079 4615 1222 4673 coacuisset.
1242 4609 1453 4660 Antiochensibus
1464 4607 1562 4657 obsides
1574 4607 1692 4656 reddidit
1704 4622 1709 4654 :
1721 4610 1772 4656 ati-

171 4685 437 4745 qnuntumaqrorum
457 4684 651 4746 Daphnensthus
664 4685 749 4742 dedit,
764 4699 814 4750 quo
825 4687 899 4736 tuens
910 4687 944 4737 ihi
955 4682 1185 4748 spatiosiorflcrei,
1204 4683 1348 4732 delectatus
1360 4681 1513 4728 arrcoeuitatc
1531 4679 1578 4727 loct
1597 4682 1622 4727 et
1640 4691 1772 4739 aquarum

171 4753 344 4800 abundantia.
359 4751 422 4802 inde
438 4753 475 4802 ad
485 4754 608 4806 Judoearn
627 4759 821 4817 trousqressus,
841 4758 1060 4819 ttierosolqmarn,
1078 4757 1157 4817 capnt
1171 4757 1270 4816 qentts,
1289 4755 1365 4802 tertio
1383 4761 1467 4800 uicisse
1479 4751 1558 4810 cepit,
1570 4747 1701 4798 duodecim
1715 4749 1771 4797 irrit-

170 4823 240 4872 tihus
252 4821 402 4872 Ιαάποσαια
411 4825 514 4882 occisis,
525 4824 736 4887 cetertstnsrdenc
749 4827 869 4886 acceptis.
1724 4843 1727 4852 ¹

202 4897 241 4944 l'r.
253 4901 291 4946 71.
306 4895 394 4944 Eadem
408 4909 483 4956 sisque
492 4895 522 4942 ed
538 4895 610 4942 verbe
620 4896 715 4951 ἐξήλασε
728 4901 768 4952 τῆς
777 4897 865 4951 πολεως
877 4897 987 4959 teguntur
996 4897 1059 4958 apud
1071 4893 1167 4943 suidam
1178 4907 1202 4942 ν.
1216 4893 1315 4946 Λούκιος
1325 4891 1425 4954 Σέργιος.
1439 4892 1538 4949 liutran.
1551 4887 1597 4944 t'l,
1614 4891 1659 4937 12:
1674 4889 1700 4937 h.
1715 4889 1771 4936 Ser·

170 4969 228 5027 oliti
239 4965 371 5019 ccciiiina,
390 4965 542 5014 hobiltiit'iiit'
552 4969 652 5024 qeneric
664 4967 713 5022 tit,
730 4964 775 5014 ted
783 4969 877 5026 itiqereii
887 4971 1051 5029 pronissimi,
1066 4963 1103 5014 ad
1112 4963 1251 5014 delendam
1259 4967 1376 5024 patriani
1386 4962 1532 5022 conjurarit
1541 4969 1600 5006 σαιιι
1616 4955 1770 5018 quibusdum

170 5036 251 5084 ctarts
271 5035 374 5096 quidem
383 5070 389 5092 ,
399 5033 444 5083 sed
453 5034 597 5084 audacihuc
607 5036 679 5082 viru.
691 5039 710 5082 A
724 5037 844 5082 Cicerone
856 5037 918 5085 nrha
936 5037 1060 5097 caputius
1069 5037 1107 5084 est
1114 5051 1124 5093 ,·
1142 5037 1203 5084 socii
1213 5033 1267 5095 ejece
1278 5033 1441 5094 deprehensi,
1459 5033 1486 5078 in
1497 5039 1600 5078 carcere
1608 5027 1770 5088 strahqutute

96 5155 102 5166 ‚
170 5108 241 5154 scint.
260 5107 293 5153 lic
305 5105 333 5154 iis
344 5119 399 5166 quin
415 5108 501 5166 prutes
513 5103 767 5164 haeoloeuneelnhcl‚
780 5116 802 5153 r.
816 5105 867 5154 Dio.
880 5107 945 5154 cies.
957 5108 1082 5166 xxxxii,
1096 5112 1140 5166 σος
1158 5104 1277 5154 Plutarch.
1289 5103 1339 5153 cic.
1355 5111 1395 5164 103
1408 5099 1504 5152 sallust.
1520 5101 1573 5150 cei.
1587 5102 1626 5148 tii.
1641 5123 1671 5134 -
1681 5099 1701 5146 u
1711 5113 1769 5145 στε-

1625 5199 1658 5234 δυ.
