3908 5732
127 1661 131 1669 '
201 1650 338 1712 ἀπελύσω.

198 396 255 446 61⁴
789 381 951 444 JOANMS
970 379 1206 444 Ammonem

137 518 147 535 ¹
197 514 242 573 ἰττλ
253 511 387 594 χρήμασιν
403 513 468 590 αὐτῇ
484 510 626 591 τιμωρήσει
641 513 677 590 τῷ
690 509 829 590 γάμῳ·έπῖ
844 511 871 570 δί
878 511 977 578 τούτοις
1024 515 1111 569 νιανοῦ
1129 511 1238 589 γέγονα·
1249 515 1286 582 νή
1302 507 1568 589 δίίλευθερογνύνμων
1580 499 1661 582 οῦσα,
1672 509 1719 568 καῖ
1733 509 1807 585 λαγι·

198 601 243 660 καλ
257 598 393 659 δακτύλιον
409 599 522 680 έπεμψε,
536 597 700 674 πιστουμένη
713 597 755 656 τὸν
770 597 911 678 βάρύαρον.
924 596 978 658 Καὶ
1023 598 1124 674 σαμένη
1143 602 1178 666 ὡς
1195 625 1207 652 ι
1224 602 1289 678 φεῦ,
1306 599 1328 656 εί
1341 599 1476 676 παραίτιος
1490 597 1541 676 ῖγύι
1560 602 1606 670 τ’ής
1619 603 1664 656 τοῦ
1682 598 1807 659 συνεύνου

198 693 212 748 θ
227 687 275 765 μέν
285 687 479 766 παρεσκεύαζεν
495 686 585 744 έσυτθν
597 689 691 764 χωρεῖν
705 684 774 744 κατά
786 689 832 756 τῆς
841 689 892 744 τῶν
902 689 979 744 ἀσπι-
1023 685 1068 743 καί
1080 684 1207 764 βασιλέως
1221 687 1353 760 τελευτῆς,
1367 684 1480 764 ιγράφει
1492 687 1514 744 Γ
1516 685 1619 768 ιῖερίχιρ
1632 686 1684 758 ήδη
1702 687 1807 759 Διθύην

199 776 259 856 ρίων
274 774 419 854 βασιλείας.
435 773 579 834 Ἐθούλιτο
591 773 618 831 δί
633 773 702 838 ὅπως
715 773 758 832 τάν
769 772 864 832 Ἀέτιον
878 795 977 852 προκα·
1023 773 1178 854 κατέχοντι,
1189 772 1231 832 διά
1241 771 1337 850 τάχους
1348 775 1431 830 ίλθεῖν
1441 771 1486 830 καλ
1496 771 1545 844 τήν
1558 772 1666 850 Ῥώμην
1681 775 1807 855 παραλα-

198 859 367 939 ταλάύοιμή
377 863 429 942 γάρ
441 859 666 930 άλλωςτεύξισθαι
680 864 727 932 τῆς
737 861 856 939 ίλπίδος,
874 863 896 920 εἰ
909 858 978 939 μήγε
1024 859 1090 920 θεῖν.
1105 859 1139 920 ‘0
1149 859 1176 920 δί
1187 858 1268 920 έλθὼν
1283 860 1330 932 τήν
1341 858 1416 918 πόλιν
1429 849 1496 932 τῖλε,
1508 859 1553 918 καῖ
1567 859 1693 929 Εύδσξίαν
1704 863 1751 920 καί
1758 863 1806 934 τήν

199 954 295 1010 ἰκεῖνον
309 949 444 1021 ποιήσοιτο
460 947 587 1008 ἰκποδύιν.
1024 945 1152 1026 θυγατέρα
1164 948 1255 1018 αὐτῆς.
1265 945 1386 1023 Μάξιμος
1398 946 1426 1004 δί
1440 945 1557 1019 μισηθείς
1567 948 1611 1005 διὰ
1624 948 1668 1006 τὸν
1677 949 1808 1027 βασιλέως

238 1041 332 1099 Ταῦτα
340 1037 424 1098 τοίνυν
438 1035 577 1103 Θεοδόσιος
592 1034 767 1113 μεμαθηκὼς,
784 1034 930 1094 ἰπιστέλλιι
941 1036 979 1114 τῷ
1024 1033 1099 1114 φύνον
1111 1036 1232 1094 διώκεται
1245 1033 1292 1093 καί
1303 1033 1398 1115 βφδίιυς
1406 1035 1559 1114 ἀναιρεῖται.

200 1128 392 1206 Βαλεντινιανῷ
404 1123 450 1194 τήν
474 1123 602 1202 Ὀνωρίαν
623 1123 764 1200 ἰκπίμπιιν
791 1124 829 1204 τῷ
854 1121 976 1203 Ἆττήλορ.
1380 1125 1449 1201 2‘01·

200 1213 277 1274 Καῖθ
287 1213 334 1290 μέν
345 1210 482 1272 συλλαόιῖνν
498 1211 542 1270 τάν
557 1211 695 1271 Ὑάκινθον
706 1208 978 1290 ἀπανταιῖιηρεύνησε,
1066 1239 1134 1295 Em
1148 1239 1190 1294 De
1204 1238 1256 1295 im·
1275 1254 1305 1311 p·
1321 1255 1358 1308 7²
1372 1252 1380 1294 :
1394 1233 1458 1294 ‘¹0tt
1477 1233 1510 1293 t&
1523 1238 1574 1292 τῶν
1589 1236 1716 1317 γωργω,
1737 1238 1806 1301 Ῥω,

200 1301 245 1359 καί
260 1299 327 1378 θέῑῖί
342 1299 509 1399 mm&
530 1296 651 1375 σώματος
672 1295 824 1374 ‘tumst’
840 1301 979 1376 *³1:²⁸2*
1026 1321 1152 1398 μαίωνίν
1178 1325 1282 1401 ταραχῇ
1303 1312 1345 1394 ήν.
1360 1321 1482 1398 Μάξιμύς
1504 1344 1543 1388 τις
1562 1321 1627 1403 ἀνὴρ
1642 1327 1746 1402 εὐγενής
1761 1329 1807 1388 καὶ

200 1393 247 1459 λῆς
262 1391 445 1466 ἀποτμηθῆναι
458 1385 602 1448 mmmm·
620 1385 750 1463 Ὀνωθίαν
766 1385 794 1444 δέ
809 1384 856 1490 (θ’
866 1383 979 1464 θδῑλίἰίν
1028 1408 1135 1476 δυνατὸς
1148 1408 1194 1468 καί
1208 1409 1325 1488 δεύτερον
1343 1409 1503 1482 ὑπατεύσας,
1512 1407 1601 1490 Ἀιτίιρ
1614 1415 1652 1490 τῷ
1664 1419 1807 1495 στρατηγῷ

200 1476 395 1542 mmm&
411 1479 443 1554 τῦ
462 1475 542 1567 μητρί
560 1475 641 1553 δῶρον
657 1473 738 1532 'W‘
759 1471 845 1532 mm
868 1473 978 1544 ‘'W“
1025 1501 1077 1555 τῶν
1096 1496 1165 1555 κατὰ
1185 1495 1233 1569 τήν
1260 1495 1376 1557 Ἰταλίαν
1400 1497 1542 1574 ταγμάτων
1560 1497 1688 1574 δυσμενής
1711 1500 1758 1576 ὢν,
1772 1508 1807 1568 ὥς

201 1562 267 1643 RQ
292 1563 385 1634 θῦῖθῖ·
405 1561 497 1627 oum<
528 1559 575 1636 *⁵³2
595 1552 639 1619 οὖν
655 1560 769 1640 Ὀνίθθία
787 1561 845 1620 '‘⁶“
864 1564 910 1631 τῆς
928 1560 943 1590 ⁴
965 1559 979 1588 ι
1026 1583 1093 1664 ίγνω
1117 1583 1221 1643 παλτὸν
1236 1583 1393 1665 Ἡράκλειον
1412 1586 1546 1666 (εὐνοῦχος
1561 1579 1674 1654 δὲούτος
1696 1590 1805 1660 καλιήν

1026 1671 1151 1750 μεγίστην
1164 1671 1237 1752 παρθ
1251 1675 1288 1749 τῷ
1300 1673 1461 1752 βασιλεύοντι
1473 1673 1541 1753 έχων
1556 1676 1652 1756 βοπήν(
1668 1682 1713 1750 τῆς
1725 1683 1807 1748 αὐτῆς

1026 1761 1063 1839 τῷ
1081 1757 1170 1840 Ἀετίιρ
1182 1758 1299 1840 ἔχθιστον
1318 1759 1382 1818 ὄντα
1396 1762 1571 1841 προαιρέσεως
1586 1763 1683 1840 (ἄμφω
1698 1765 1748 1846 γὰρ
1760 1771 1806 1838 τῆς

125 1847 131 1854 ’
240 1859 308 1910 Ετιο.
324 1855 408 1910 Salm.
422 1871 454 1926 p.
473 1858 530 1918 ήοο
547 1868 554 1906 :
570 1843 785 1914 Ούαλιντινιανδς
799 1845 912 1928 ἰρασθείς
933 1847 978 1916 τῆς
1027 1845 1126 1906 ἰκείνου
1140 1847 1188 1917 τήν
1202 1845 1330 1928 σφετέραν
1340 1850 1480 1928 ἐπειρῶντο
1494 1849 1656 1926 ἀντεισάγειν
1667 1852 1777 1928 δύναμιν
1787 1857 1806 1932 },

204 1939 326 2016 γυναικὸς
347 1937 473 2013 Μαξίμου
498 1936 672 2015 συγκλητικοῦ
693 1933 875 1993 συνεπίττευεν
896 1935 980 2009 αὐτῶ·
1027 1939 1053 2001 ές
1066 1934 1232 2012 συνωμοσίαν
1247 1935 1368 2016 ἔρχεται·
1382 1935 1426 1994 καλ
1442 1935 1558 1996 πείθουσι
1571 1937 1614 1996 τὸν
1631 1939 1758 2017 βασιλέα,
1772 1945 1807 2008 ὡς

202 2025 294 2086 έπείδὲ
309 2025 408 2097 ἡττήθη
423 2028 437 2083 θ
451 2022 581 2100 Μάξιμος,
594 2023 641 2082 καλ
652 2023 699 2082 οῦκ
711 2011 780 2102 εἶχεν
792 2019 809 2081 δ
813 2045 838 2080 τι
852 2021 917 2094 δοίη,
925 2021 982 2080 έλα·
1027 2023 1050 2080 εί
1070 2021 1107 2098 μή
1121 2021 1216 2102 φθάσαι
1229 2022 1273 2081 τὸν
1295 2022 1388 2082 Ἀέτιον
1406 2024 1505 2082 ἀνελεῖν
1519 2023 1637 2103 ταχέως,
1661 2029 1705 2083 ὑπ’
1726 2029 1807 2086 αύτοῦ

202 2115 246 2174 θεν
268 2117 282 2172 δ
297 2111 418 2192 βασιλεὺς
431 2111 474 2170 τὸν
483 2111 619 2170 δακτύλιον
632 2113 725 2183 αύτοῦ,
737 2109 782 2168 καί
793 2107 906 2176 ἀναστθς
920 2110 979 2186 (ὡς)
1026 2107 1196 2190 φθαρήσεται.

203 2201 338 2260 ἀποδίδωσι
354 2199 397 2257 τὸν
412 2197 550 2257 δακτύλιύν
562 2220 612 2255 τινι
636 2194 740 2267 συνήθει
761 2194 899 2272 Μαξίμου,
913 2192 980 2253 ὥστε
1067 2217 1091 2255 τ.
1112 2197 1148 2258 Ὁ
1160 2196 1187 2255 δέ
1201 2197 1415 2275 Βαλεντιντανδς,
1430 2197 1521 2270 ἐπειδὴ
1541 2201 1612 2276 αύτῷ
1632 2201 1712 2280 ἰχρῆν
1734 2203 1807 2279 γενέ.

202 2287 348 2348 ἀπελθόντα
362 2285 492 2352 ὑποδεῖξαι
507 2283 655 2364 τῇγυναικὶ
669 2285 763 2354 αὐτοῦ,
783 2287 818 2348 ὡς
830 2288 876 2341 τοῦ
890 2281 981 2361 ἀνδρὸς
1027 2289 1087 2342 σθαι
1104 2285 1231 2352 κακῶςτδ
1244 2287 1329 2364 τεῖχος
1348 2289 1395 2356 τ’ής
1413 2287 1508 2344 έαυτοῦ
1528 2288 1611 2366 ἀρχῆς
1631 2289 1806 2363 καταλύοντι,

201 2373 370 2438 κελεύσαντος
382 2371 456 2444 ήκειν
468 2373 503 2438 εἰς
517 2371 551 2429 τά
567 2371 688 2448 βασίλεια
698 2369 934 2440 συνδειπνήσουσαν
947 2393 980 2449 τη
1028 2371 1152 2452 προσίετό
1166 2396 1194 2432 τε
1210 2371 1268 2439 τοῖος
1282 2371 1376 2450 λόγους
1391 2372 1515 2452 Μαξίμου
1529 2375 1615 2432 τεκαὶ
1632 2374 1806 2453 Ἡρακλείου,

200 2463 291 2518 αὐτοῦ.
332 2458 365 2518 Ἣ
383 2458 410 2518 δί
421 2457 515 2528 ἀληθές
528 2463 603 2516 τοῦτο
617 2456 747 2533 νομίσασα
762 2448 882 2528 ήκε,καῖ
896 2479 978 2532 μηνυ·
1027 2459 1073 2518 καί
1088 2459 1202 2539 διαρτύει
1214 2463 1252 2540 τῷ
1266 2459 1339 2540 ἀνδρί
1353 2459 1396 2519 τὸν
1406 2459 1529 2538 θάνατον,
1543 2461 1586 2520 ύτε
1596 2461 1628 2532 δή
1644 2464 1767 2532 θἈέττος
1781 2468 1808 2524 ἐν

204 2545 245 2605 θέν
256 2551 294 2625 τῷ
311 2547 414 2624 βασιλεῖ
426 2544 538 2617 ἀνέστη,
553 2545 597 2602 καλ
620 2545 770 2622 ἀγνοοῦντος
783 2549 828 2602 τοῦ
846 2543 981 2620 Μαξίμου,
1027 2555 1082 2612 τοῖς
1095 2547 1235 2625 βασιλείοις
1249 2545 1357 2623 ἐγένετο,
1370 2555 1501 2608 κοινωνεῖν
1512 2552 1549 2628 τῷ
1559 2553 1695 2627 κρατοῦντι
1703 2553 1807 2626 μέλλων

204 2633 352 2727 συνεφθάρη
365 2635 442 2713 αὐτῇ.
461 2632 538 2692 Μετίι
559 2629 587 2690 δέ
599 2632 648 2702 τήν
662 2631 768 2689 παιδιῖιν
786 2630 979 2690 έλθόντιύπαν-
1028 2633 1071 2692 ἰπλ
1090 2635 1139 2700 τοῖς
1158 2633 1343 2712 βουλεύμασιν,
1364 2633 1410 2693 καί
1435 2636 1554 2716 προνοίας
1568 2635 1673 2716 χρυσίω
1693 2639 1808 2715 εἰσάγειν

203 2721 284 2790 τιάζει
295 2725 312 2792 ἡ
325 2720 389 2798 γυνή
404 2719 548 2796 κλαίουσα,
559 2719 604 2778 καλ
617 2719 773 2788 ὀνειδίζουσα
784 2719 860 2778 αὐτὸν
873 2723 907 2786 ὡς
916 2742 982 2799 προ·
1027 2720 1195 2802 πειρώμενος.
1239 2720 1288 2786 Ὧς
1302 2721 1328 2780 δὲ
1337 2721 1368 2780 τά
1384 2722 1443 2802 περὶ
1457 2725 1508 2780 τῶν
1522 2723 1609 2802 πόρων
1623 2723 1717 2792 Ἀέτιος
1725 2727 1810 2806 πρού-

204 2808 280 2880 δύτην
296 2811 390 2879 αὐτῆς·
409 2807 461 2867 ὁδί
477 2806 566 2885 μαθὼν
587 2809 617 2866 τδ
636 2815 688 2866 πάν
703 2810 786 2888 ἐνεῖχε
802 2807 844 2866 τὸν
859 2808 981 2886 βασιλέα.
1028 2813 1091 2880 θηκε
1114 2807 1160 2867 καῖ
1174 2807 1350 2884 ἀναλογισμὸν
1370 2811 1482 2870 ίποιεῑτο
1494 2813 1545 2868 τῶν
1567 2812 1597 2868 ίκ
1623 2815 1669 2884 ιη”ς
1687 2814 1810 2893 εἰσφορᾶς

203 2895 288 2964 Εἰδὼς
299 2898 327 2954 δέ
338 2899 372 2963 ὥς
393 2899 485 2965 ζῶντος
494 2901 539 2955 τοῦ
552 2895 649 2955 Ἀετίου
667 2896 697 2954 οὗ
711 2895 849 2967 δυνήσεται
865 2901 980 2975 τιμωρή-
1028 2894 1212 2975 ἀθροισθέντων
1222 2895 1367 2977 χρημάτων
1382 2897 1493 2976 ἀθρόων,
1506 2901 1520 2955 θ
1532 2898 1729 2966 Βαλεντινιανδς
1742 2902 1809 2958 ένα-

202 3007 248 3042 σαι
266 2983 353 3056 αὐτὸν,
368 2982 549 3062 παρεσκεύασε
571 2981 614 3040 διά
632 2986 684 3041 τῶν
697 2981 826 3060 εύνούχων
842 2988 886 3040 τοῦ
903 2987 982 3056 βασι·
1027 2983 1130 3062 κραγάιν
1145 2981 1250 3062 ἀνέθορέ
1271 2989 1361 3042 τετοῦ
1380 2986 1476 3063 θάκου,
1497 2983 1543 3043 καῖ
1559 2985 1645 3044 οὐκέτι
1665 2985 1714 3065 ίφη
1728 2985 1809 3046 τίσειν

202 3069 267 3137 λίως
282 3072 381 3128 ἀνελεῖν
392 3069 469 3128 αὐτὸν
486 3072 560 3141 δῆθεν
577 3073 613 3136 ὡς
626 3069 772 3130 έπίύουλον.
788 3069 866 3131 Ἐπεί
880 3071 907 3130 δὲ
922 3073 988 3150 ἀνῃ-
1027 3067 1165 3135 τοσαύταις
1175 3068 1409 3148 έμπαροινούμενος
1423 3071 1589 3151 μοχθηρίαις·
1611 3075 1654 3130 ἐπ’
1665 3073 1744 3131 αὐτὸν
1756 3075 1810 3154 γὰρ

205 3157 282 3236 μέθη,
297 3148 393 3215 εἰπενθ
409 3156 529 3236 βασιλεὺς
539 3157 601 3235 πρός
619 3180 677 3216 τινα
689 3160 741 3216 τῶν
752 3159 923 3238 στοχάζεσθαι
938 3158 977 3215 δυ·
1027 3158 1137 3237 φέροντα
1154 3155 1203 3229 τήν
1224 3160 1312 3216 κακῶν
1330 3157 1415 3216 αἰτίαν
1430 3158 1587 3237 παρελέσθαι
1610 3159 1697 3231 αὐτὸν,
1718 3159 1810 3241 ῶσπερ

203 3245 351 3320 ναμίνων·ι
364 3247 405 3306 Οθ
417 3247 503 3312 καλῶς
511 3268 555 3321 μοι
567 3249 582 3304 θ
593 3246 701 3312 θάνατος
711 3244 808 3304 Ἀετίου
817 3246 982 3324 είργασταιςν
1027 3248 1072 3314 τῆς
1087 3242 1152 3326 έῴας
1169 3246 1317 3324 βασιλείας,
1335 3245 1380 3302 καί
1404 3251 1449 3304 τοῦ
1477 3251 1523 3318 τῆς
1539 3247 1650 3324 ἑσπέρας
1670 3247 1811 3326 βούλεσθαι

203 3337 217 3390 θ
234 3332 278 3407 δέ,
292 3359 304 3384 ι
318 3333 352 3394 Εἰ
363 3334 457 3406 καλῶς,
470 3335 559 3414 φησὶν,
573 3331 591 3402 ή
602 3331 655 3410 μή,
667 3335 714 3391 οάκ
726 3323 797 3390 οἰδα·
807 3331 943 3410 γιγνώσκω
955 3331 982 3391 δέ
1027 3329 1135 3410 κράτους
1147 3333 1305 3411 παραδηλῶν
1317 3334 1379 3410 (τῆς
1392 3334 1499 3411 ἀρχῆς).
1511 3333 1552 3394 Τὸ
1566 3333 1594 3392 δέ
1607 3335 1751 3412 παράδοξον
1764 3340 1811 3405 τῆς

203 3417 285 3498 ύτιτῇ
301 3420 365 3501 λαιᾷ
378 3419 448 3498 χειρί
464 3420 510 3488 τήν
524 3418 607 3487 δεξιάν
618 3443 663 3479 σου
682 3419 827 3502 ἀπέκοβας.
840 3447 852 3471 ι
1028 3421 1106 3499 ἀργῆς
1129 3421 1164 3484 ὡς
1188 3417 1371 3496 ἀπεθαύμαζεν
1390 3418 1528 3498 θ’θέτιος,
1553 3420 1598 3479 καλ
1619 3422 1742 3500 έπειρῖίτο
1764 3426 1811 3492 τῆς

243 3526 270 3568 α.
292 3497 376 3572 θύτας
389 3497 459 3566 ούνθ
474 3505 597 3583 Μάξιμος
611 3507 709 3586 ἔρημον
724 3506 822 3566 Ἀετίου
844 3507 888 3566 τὸν
906 3512 981 3586 βασι·
1029 3505 1123 3582 ἀλόγου
1137 3507 1152 3538 *
1167 3506 1179 3532 ”
1194 3512 1239 3565 τοῦ
1254 3507 1345 3566 κολεοῦ
1357 3508 1387 3565 τὸ
1397 3504 1475 3582 ξίφος,
1490 3507 1582 3588 σύντῷ
1596 3507 1745 3590 Ἡρακλείῳ
1757 3507 1811 3589 ῶρ·

202 3591 251 3651 λέα
263 3591 355 3671 εύριλν,
372 3591 525 3669 ἀπέκτεινε,
543 3593 587 3651 καῖ
608 3598 640 3675 τῇ
665 3594 780 3671 βασιλίδι
796 3593 907 3674 Εύδοξίρ
922 3617 981 3652 συν·
1029 3615 1121 3670 μησεν,
1136 3593 1186 3668 ήδη
1199 3593 1243 3652 καί
1254 3596 1325 3674 αὐτῷ
1336 3593 1383 3664 τήν
1393 3594 1488 3653 κοπίδα
1499 3597 1610 3674 εύτρεπῆ
1622 3596 1728 3667 θπὸτήν
1739 3599 1812 3678 χλε-

203 3680 291 3749 ῆλθεν.
306 3669 359 3739 Ἦν
372 3678 399 3736 δέ
410 3678 476 3749 αὐτή
491 3677 602 3747 Εύδοξία
618 3683 733 3760 θυγάτηρ
743 3686 789 3739 τοῦ
812 3687 905 3759 μικροῦ
915 3683 982 3741 Θεο·
1031 3680 1100 3756 μύδα
1113 3681 1233 3761 φέροντι(
1243 3680 1412 3762 Πριμικέριος
1424 3681 1474 3762 γθρ
1488 3686 1539 3740 τῶν
1547 3682 1677 3742 κοιτύενων
1690 3675 1751 3761 ήν)
1764 3686 1811 3743 καί

203 3765 289 3824 δοσίου
299 3764 437 3843 βασιλέως.
449 3769 538 3826 Δοκῶν
548 3765 575 3824 δέ
589 3769 624 3831 εἰς
635 3765 735 3826 εὔνοιαν
743 3768 883 3847 ἐφελκύσαι
893 3765 984 3840 αὐτὴν,
1029 3767 1109 3848 άμφω
1124 3768 1193 3828 κατά
1208 3769 1365 3830 ποῦἰθετίου
1379 3770 1492 3850 κεφαλῆς
1504 3779 1619 3850 συνεχεῖς
1630 3771 1811 3850 ἀπενεγκόντας

203 3854 281 3932 φησίν
296 3852 336 3911 δτι
355 3881 366 3903 ι
382 3853 424 3910 θιά
436 3853 480 3912 τὸν
489 3852 552 3934 πρός
566 3875 596 3912 σε
610 3853 693 3933 ἔρωτα
706 3855 829 3926 αὐθέντης
841 3857 983 3914 Οὐαλεντι-
1028 3856 1145 3934 πληγὰς,
1160 3858 1260 3914 ἀνεῖλον
1274 3855 1362 3929 αύτδν,
1377 3856 1463 3916 πολλὰ
1478 3856 1568 3937 ἀνδρὸς
1579 3856 1642 3938 ἔργα
1658 3859 1811 3939 διαπραξά-

557 1757 623 1797 200.

204 4049 234 4058 —
244 4021 396 4084 ῖθούλετο]
406 4023 488 4072 malim
504 4023 645 4072 ἐδουλεύετε.
656 4049 684 4058 -
696 4021 886 4087 διηρεύνησι]
898 4025 1031 4088 διηνειήτησε
1040 4025 1095 4074 cod·

236 4095 275 4140 Fr.
291 4097 344 4142 200.
361 4093 399 4140 cf.
415 4095 514 4154 Prooop.
528 4091 605 4141 vend.
618 4091 674 4141 bess.
691 4095 756 4154 1‚4;
771 4093 885 4155 Euagrius
897 4097 933 4153 ΙΙ,
947 4099 970 4144 7.
982 4098 1071 4145 -ιιαί
1084 4096 1211 4158 μηνυθὲν
1222 4100 1261 4157 τῷ
1273 4095 1409 4159 βασιλεῖ]
1423 4096 1475 4148 hoo
1487 4097 1549 4148 dura
1560 4097 1692 4148 admodum
1704 4111 1748 4160 ρτο
1762 4117 1769 4146 τ
1782 4099 1811 4148 οθ

205 4161 340 4222 μηνυθέντος
351 4167 384 4223 τῷ
398 4162 440 4223 β.,
456 4161 548 4218 ἀνίστη.
562 4190 593 4204 -·
604 4163 652 4212 διὰ
664 4168 723 4211 τῶν
737 4164 887 4226 εὐνούχων
898 4169 949 4213 τοῦ
963 4166 1125 4230 βασιλέως]
1138 4168 1160 4215 δ.
1171 4183 1192 4214 τ.
1204 4183 1224 4215 ε.
1237 4167 1276 4215 τὸν
1291 4169 1388 4230 βασιλέα
1398 4167 1483 4217 codex.
1495 4168 1572 4218 Possis
1583 4168 1656 4217 etiam
1668 4169 1812 4232 ττῶνβασι·

204 4231 280 4281 λείων.
299 4231 337 4280 cf.
349 4229 435 4280 suidas
446 4245 471 4280 v·
484 4232 621 4293 θλαδίας,
634 4233 758 4296 εὐνοῦχος·
779 4253 791 4276 ν
809 4233 945 4282 Ὕπούάλλει
961 4236 1038 4284 τοίνυν
1055 4235 1179 4299 [ευμμίεθ
1197 4236 1305 4296 θλαδίας,
1324 4238 1340 4287 ί.
1351 4252 1373 4288 ο.
1388 4238 1526 4301 Ματταθίαν]
1549 4240 1603 4295 τοὺς
1618 4239 1812 4289 Οὐαλεντινισνσῦ

205 4301 345 4362 (Οὐάλεντος
355 4299 442 4362 codd.)
457 4302 580 4363 μυστικοὺς
589 4323 599 4362 ,·
607 4303 648 4360 τήν
658 4307 819 4364 γυναικωνῖτιν
828 4303 889 4364 λέγω
899 4303 1021 4366 φάλαγγα,
1031 4307 1097 4369 οῖπερ
1107 4308 1164 4356 είσῖν
1173 4306 1209 4355 θεῖ
1218 4311 1264 4356 τῶν
1276 4308 1368 4369 φαύλων
1377 4307 1479 4371 πράξεων
1490 4309 1640 4372 έμπύρευμα,
1650 4316 1812 4376 κατηγορῆσαι

204 4375 246 4419 τοῖν
263 4370 350 4419 Ἀετίου
367 4370 428 4418 κατὰ
440 4371 554 4433 βασιλέως
566 4373 708 4433 ἐμμελετᾶν,
730 4375 761 4428 ὡς
773 4375 802 4422 ἀν
812 4373 952 4438 ῖπιὸατεύση
966 4381 1006 4438 τῆς
1023 4373 1136 4433 ἀξονσίας.
1155 4373 1202 4436 [οί
1212 4373 1252 4438 δὲ]
1269 4375 1418 4437 ἀγωνίζονται
1435 4381 1515 4425 πεῖσαι
1532 4379 1690 4440 τὸνβασιλέα
1704 4375 1751 4426 Ἦν
1765 4379 1812 4440 γὰρ

205 4440 275 4503 βαρὺς
285 4441 298 4488 θ
308 4441 409 4502 σταθμὸς
417 4445 458 4488 τοῦ
468 4442 634 4504 ύποσχιθὲντος
646 4442 743 4505 χρυσίου
753 4445 920 4506 θθποσμήχων
934 4447 1094 4509 (ύποσμύχων
1105 4443 1168 4505 conj.
1180 4446 1276 4494 ίίθείοπ.
1289 4449 1314 4494 σί
1323 4447 1476 4507 Hemsterh.)
1487 4447 1564 4496 αὐτῶν
1573 4447 1602 4496 τά
1612 4447 1729 4496 ἰντοσθεν·
1738 4449 1811 4497 δεινοί

204 4511 248 4574 γάρ
257 4511 289 4564 εἰς
298 4510 325 4558 τὸ
335 4508 450 4572 συρράψαι
461 4510 563 4573 βλάθας,
574 4513 724 4573 προκειμένης
733 4513 832 4575 χρυσίον
843 4515 1010 4578 ὑποσχέσεως·
1022 4516 1142 4572 ἀπληστον
1153 4515 1199 4577 γὰρ
1214 4516 1241 4564 τδ
1258 4515 1324 4576 γένος
1339 4517 1379 4566 καί
1390 4517 1447 4580 πρὸς
1457 4517 1589 4574 πλεονεξίαν
1604 4517 1640 4565 ἀεῖ
1651 4518 1752 4580 κέχηνα,
1769 4521 1811 4567 καί

204 4581 248 4628 οὐκ
260 4579 309 4628 ἐστι
318 4596 340 4626 τι
350 4583 397 4628 τῶν
408 4579 501 4640 φαύλων
511 4581 565 4629 ἀνευ
577 4586 618 4638 τῆς
630 4583 706 4630 αὐτῶν
721 4582 861 4644 δυστροπίας
872 4585 894 4632 ἐν
907 4591 954 4640 τοῖς
965 4585 1090 4649 βασιλείοις
1100 4585 1245 4650 τελούμενον.
1255 4585 1363 4633 Πείθεται
1372 4592 1422 4644 ταῖς
1433 4587 1597 4650 συκοφαντίαις
1608 4587 1621 4633 ὁ
1631 4587 1754 4650 βασιλεὺς.
1770 4591 1811 4636 καί
1840 4633 1843 4640 ,

204 4650 276 4712 λόγου
292 4648 417 4712 ταχύτερον
430 4651 485 4711 πρὸς
496 4652 536 4699 τὸν
547 4652 616 4713 ρύνον
629 4652 712 4700 Ἀετίου
725 4655 824 4710 κινηθεὶς
841 4659 923 4716 τοῦτον
940 4655 1034 4718 ἀναιρεῖ.
1058 4655 1103 4702 Καὶ
1124 4655 1155 4708 ὡς
1168 4655 1262 4716 ἕρμαιον
1276 4654 1340 4716 αύτῷ
1358 4655 1386 4704 τδ
1402 4657 1502 4720 πραχθὲν
1516 4654 1667 4716 λογισάμενύς
1681 4671 1737 4716 φησι
1753 4656 1813 4718 πρός

205 4737 257 4768 τινα
268 4725 315 4767 τῶν
327 4721 383 4780 (τὸν
391 4719 467 4768 codd.
478 4723 486 4782 )
500 4721 654 4782 στοχάζεσθαι
666 4723 696 4770 τὰ
709 4721 827 4786 ἀπόρρητα
842 4725 976 4786 δυναμένων
989 4723 1131 4786 (δυνάμενον
1143 4722 1214 4772 codd,
1223 4723 1246 4783 )·
1264 4742 1277 4768 ιι
1288 4725 1324 4772 Ού
1335 4725 1412 4781 καλῶς
1424 4741 1463 4786 μοι
1477 4727 1607 4788 πέπρακται
1620 4727 1635 4782 ἡ
1651 4731 1693 4773 τού
1702 4726 1809 4788 Ἀετίου,

208 4791 228 4837 ὧ
242 4789 324 4850 οὗτος,
335 4789 464 4852 ἀναίρεσις;
477 4810 488 4832 ν
499 4791 529 4839 ‘0
539 4791 563 4838 δέ
573 4806 655 4851 φησιν·
666 4809 677 4833 ο
690 4794 718 4841 Et
728 4796 804 4850 καλῶς
814 4795 829 4852 ή
839 4796 884 4856 μή,
894 4795 938 4843 οὐκ
947 4796 1015 4844 οῖδα·
1026 4795 1137 4855 γινώσκω
1153 4793 1271 4855 (γίνωσκε
1282 4793 1352 4842 codd.
1362 4797 1369 4855 )
1380 4797 1404 4844 δὲ
1413 4795 1448 4843 ὅτι
1460 4801 1489 4858 τῇ
1501 4798 1551 4858 λειᾷ
1560 4797 1618 4858 χειρί
1630 4795 1672 4852 τήν
1681 4796 1756 4852 δεξιάν
1766 4815 1813 4846 σου

205 4859 332 4921 απίνοψας.
344 4879 356 4901 ν
368 4861 437 4907 Hunc
449 4861 528 4908 locum
542 4860 622 4910 Prisco
633 4859 763 4912 vindicavit
776 4863 907 4914 λείπεσθαι.
920 4865 994 4926 idque
1005 4877 1090 4914 verum
1102 4875 1154 4912 εσσε
1165 4877 1212 4912 non
1224 4863 1318 4912 dubito.
1332 4866 1370 4913 cs.
1386 4867 1435 4913 ποί.
1447 4865 1476 4913 ad
1490 4865 1518 4912 fr.
1530 4871 1584 4913 νον.
1595 4865 1640 4912 Ani
1652 4864 1683 4912 de
1702 4867 1813 4927 Ευιιαρίσ

206 4928 244 4976 ντί
259 4929 353 4976 Malcho
366 4929 500 4990 cogitarunt
522 4929 610 4991 inepte.
635 4934 748 4981 ceterum
763 4933 815 4982 Ιιεεο
830 4935 942 4995 Εκσειφίῖ
953 4935 1052 4984 salmas.
1073 4935 1178 4983 narratio
1191 4947 1275 4995 ρατιιιτι
1288 4933 1406 4995 quadrare
1418 4935 1476 4982 mihi
1498 4933 1593 4983 videtur
1605 4945 1663 4982 cum
1675 4933 1704 4982 iis
1713 4947 1774 4997 ηυιο
1788 4938 1815 4986 in

206 4999 267 5047 Exc.
280 5000 315 5046 De
330 4997 373 5046 ίιιε.
385 4997 429 5058 (fr.
442 5001 502 5060 τοι)
516 4999 546 5048 de
561 4999 666 5048 Μτιίυιο
678 5005 814 5050 ιιετιαιιιιιτ.
826 5003 863 5050 cr.
874 5004 1011 5054 ΤίΙΙειιιουί.
1025 5007 1072 5066 Vl,
1084 5017 1108 5065 p.
1121 5011 1174 5054 θνα.
1186 5003 1274 5067 -βθ,
1289 5004 1360 5067 πρός
1370 5004 1419 5068 σε]
1430 5005 1485 5068 πρθς
1496 5021 1523 5067 γε
1534 5003 1626 5064 οοθειις
1637 5017 1686 5053 em.
1698 5007 1813 5056 Οτειπετ.

237 5069 276 5116 Fr.
295 5073 348 5116 201.
359 5065 405 5128 §2
418 5068 559 5130 προσίετό
570 5067 762 5132 τε(προσίετοθὲ
773 5071 1278 5139 υυθ.-χρυσίεν]χρυσίουθο(ἰ.-τῆς
1291 5075 1817 5144 ἀλθγου”]ευρρ1ατίροεείίιτῆςάλύγγε

207 5137 281 5268 αὐτὸν]
289 5137 369 5184 παύειν
384 5137 461 5201 ὀργῆς,
475 5139 488 5187 δ
501 5141 607 5203 βασιλεὺς
620 5141 739 5197 έκσποίσας
758 5146 799 5190 τοῦ
818 5143 899 5191 κολεοῦ
918 5146 968 5194 κτλ.
990 5171 1020 5180 -
1032 5147 1139 5208 αύτῷ...
1161 5145 1294 5211 φέροντι]
1317 5149 1415 5196 αὐτοῦ...
1434 5151 1539 5213 φέροντος
1555 5146 1608 5196 συθ.
1626 5171 1659 5184 -
1672 5147 1814 5209 πριμικέ·

207 5223 266 5268 ριος
294 5209 432 5271 πριμικίριος
441 5209 495 5261 eod.
