<?xml version="1.0" encoding="UTF-8"?>
<!DOCTYPE html PUBLIC "-//W3C//DTD XHTML 1.0 Transitional//EN"
    "http://www.w3.org/TR/xhtml1/DTD/xhtml1-transitional.dtd">
<html xmlns="http://www.w3.org/1999/xhtml" xml:lang="en" lang="en">
 <head>
  <title>
</title>
<meta http-equiv="Content-Type" content="text/html;charset=utf-8" />
  <meta name='ocr-system' content='tesseract 3.04.00' />
  <meta name='ocr-capabilities' content='ocr_page ocr_carea ocr_par ocr_line ocrx_word'/>
</head>
<body>
  <div class='ocr_page' id='page_1' title='image "./fragmentahistor01antgoog/fragmentahistor01antgoog_0097.png"; bbox 0 0 3792 5728; ppageno 0'>
   <div class='ocr_carea' id='block_1_1' title="bbox 794 359 1687 422">
    <p class='ocr_par' dir='ltr' id='par_1_1' title="bbox 794 359 1687 422">
     <span class='ocr_line' id='line_1_1' title="bbox 794 359 1687 422; baseline -0.007 0"><span class='ocrx_word' id='word_1_1' title='bbox 794 359 1039 422; x_wconf 73' lang='lat' dir='ltr'><strong>FRAGMENTA.</strong></span> <span class='ocrx_word' id='word_1_2' title='bbox 1651 367 1687 416; x_wconf 82' lang='lat' dir='ltr'>tta</span> 
     </span>
    </p>
   </div>
   <div class='ocr_carea' id='block_1_2' title="bbox 107 473 1702 2820">
    <p class='ocr_par' dir='ltr' id='par_1_2' title="bbox 107 473 1697 1952">
     <span class='ocr_line' id='line_1_2' title="bbox 111 473 1689 565; baseline -0.003 -20"><span class='ocrx_word' id='word_1_3' title='bbox 111 487 196 546; x_wconf 84' lang='grc' dir='ltr'>ιαλτῶν</span> <span class='ocrx_word' id='word_1_4' title='bbox 203 483 498 565; x_wconf 83' lang='grc' dir='ltr'>σφετέρωνστερηθέντα</span> <span class='ocrx_word' id='word_1_5' title='bbox 507 486 602 562; x_wconf 85' lang='grc' dir='ltr'>γερῶν,</span> <span class='ocrx_word' id='word_1_6' title='bbox 612 481 869 542; x_wconf 83' lang='grc' dir='ltr'>έπικαλέσασθαιτθν</span> <span class='ocrx_word' id='word_1_7' title='bbox 920 482 1003 562; x_wconf 77' lang='grc' dir='ltr'>φήσας</span> <span class='ocrx_word' id='word_1_8' title='bbox 1017 473 1060 552; x_wconf 69' lang='grc' dir='ltr'>ἦν.</span> <span class='ocrx_word' id='word_1_9' title='bbox 1085 479 1139 540; x_wconf 78' lang='grc' dir='ltr'>Καὶ</span> <span class='ocrx_word' id='word_1_10' title='bbox 1155 481 1258 546; x_wconf 80' lang='grc' dir='ltr'>τούτους</span> <span class='ocrx_word' id='word_1_11' title='bbox 1273 479 1320 556; x_wconf 81' lang='grc' dir='ltr'>μέν</span> <span class='ocrx_word' id='word_1_12' title='bbox 1341 479 1533 559; x_wconf 77' lang='grc' dir='ltr'>ἐπεραιώθημεν</span> <span class='ocrx_word' id='word_1_13' title='bbox 1547 481 1599 545; x_wconf 84' lang='grc' dir='ltr'>τοῖς</span> <span class='ocrx_word' id='word_1_14' title='bbox 1614 503 1689 556; x_wconf 87' lang='grc' dir='ltr'>μονο-</span> 
     </span>
     <span class='ocr_line' id='line_1_3' title="bbox 111 559 1691 648; baseline -0.005 -14"><span class='ocrx_word' id='word_1_15' title='bbox 111 575 220 646; x_wconf 61' lang='lat' dir='ltr'>{irriti-as</span> <span class='ocrx_word' id='word_1_16' title='bbox 230 573 301 630; x_wconf 80' lang='grc' dir='ltr'>κατδ</span> <span class='ocrx_word' id='word_1_17' title='bbox 308 575 359 631; x_wconf 89' lang='grc' dir='ltr'>τῶν</span> <span class='ocrx_word' id='word_1_18' title='bbox 370 571 624 648; x_wconf 81' lang='grc' dir='ltr'>συμάασιλευόντων,</span> <span class='ocrx_word' id='word_1_19' title='bbox 635 572 678 628; x_wconf 80' lang='grc' dir='ltr'>τὸν</span> <span class='ocrx_word' id='word_1_20' title='bbox 689 569 716 629; x_wconf 82' lang='grc' dir='ltr'>δέ</span> <span class='ocrx_word' id='word_1_21' title='bbox 728 570 765 648; x_wconf 78' lang='grc' dir='ltr'>μὴ</span> <span class='ocrx_word' id='word_1_22' title='bbox 776 569 872 646; x_wconf 74' lang='grc' dir='ltr'>μελλή-</span> <span class='ocrx_word' id='word_1_23' title='bbox 918 568 1000 636; x_wconf 76' lang='grc' dir='ltr'>ξύλοις</span> <span class='ocrx_word' id='word_1_24' title='bbox 1020 566 1131 639; x_wconf 84' lang='grc' dir='ltr'>πλοίοις,</span> <span class='ocrx_word' id='word_1_25' title='bbox 1154 559 1191 632; x_wconf 79' lang='grc' dir='ltr'>οῖς</span> <span class='ocrx_word' id='word_1_26' title='bbox 1213 570 1236 624; x_wconf 87' lang='lat' dir='ltr'>oi</span> <span class='ocrx_word' id='word_1_27' title='bbox 1258 572 1454 642; x_wconf 76' lang='grc' dir='ltr'>προσοικοῦντες</span> <span class='ocrx_word' id='word_1_28' title='bbox 1473 567 1531 632; x_wconf 84' lang='grc' dir='ltr'>τοὺς</span> <span class='ocrx_word' id='word_1_29' title='bbox 1558 568 1691 640; x_wconf 87' lang='grc' dir='ltr'>ποταμούς</span> 
     </span>
     <span class='ocr_line' id='line_1_4' title="bbox 109 647 1692 738; baseline -0.004 -19"><span class='ocrx_word' id='word_1_30' title='bbox 109 684 177 720; x_wconf 84' lang='grc' dir='ltr'>σαντα</span> <span class='ocrx_word' id='word_1_31' title='bbox 184 659 287 730; x_wconf 78' lang='grc' dir='ltr'>πολλὴν</span> <span class='ocrx_word' id='word_1_32' title='bbox 294 659 428 738; x_wconf 77' lang='grc' dir='ltr'>ἐκπέμψαι</span> <span class='ocrx_word' id='word_1_33' title='bbox 436 657 558 734; x_wconf 88' lang='grc' dir='ltr'>δύναμιν,</span> <span class='ocrx_word' id='word_1_34' title='bbox 567 658 611 716; x_wconf 84' lang='grc' dir='ltr'>καί</span> <span class='ocrx_word' id='word_1_35' title='bbox 619 657 676 723; x_wconf 86' lang='grc' dir='ltr'>τοθς</span> <span class='ocrx_word' id='word_1_36' title='bbox 684 658 730 732; x_wconf 82' lang='grc' dir='ltr'>μὲν</span> <span class='ocrx_word' id='word_1_37' title='bbox 740 656 873 728; x_wconf 90' lang='grc' dir='ltr'>ἀνελόντα,</span> <span class='ocrx_word' id='word_1_38' title='bbox 919 647 1139 734; x_wconf 77' lang='grc' dir='ltr'>ιῖέχρηνται·τοθς</span> <span class='ocrx_word' id='word_1_39' title='bbox 1148 655 1174 712; x_wconf 77' lang='grc' dir='ltr'>δὲ</span> <span class='ocrx_word' id='word_1_40' title='bbox 1184 652 1287 720; x_wconf 82' lang='grc' dir='ltr'>λοιπούς</span> <span class='ocrx_word' id='word_1_41' title='bbox 1296 662 1352 720; x_wconf 89' lang='grc' dir='ltr'>ταῖς</span> <span class='ocrx_word' id='word_1_42' title='bbox 1364 652 1478 732; x_wconf 75' lang='grc' dir='ltr'>σχεδίαις</span> <span class='ocrx_word' id='word_1_43' title='bbox 1490 653 1692 730; x_wconf 80' lang='grc' dir='ltr'>διεπλεύσαμεν,</span> 
     </span>
     <span class='ocr_line' id='line_1_5' title="bbox 108 739 1692 826; baseline -0.006 -19"><span class='ocrx_word' id='word_1_44' title='bbox 108 749 151 815; x_wconf 85' lang='grc' dir='ltr'>πύς</span> <span class='ocrx_word' id='word_1_45' title='bbox 170 749 198 806; x_wconf 72' lang='grc' dir='ltr'>δέ</span> <span class='ocrx_word' id='word_1_46' title='bbox 217 745 461 826; x_wconf 83' lang='grc' dir='ltr'>Ιπαραστησάμενον</span> <span class='ocrx_word' id='word_1_47' title='bbox 483 747 572 804; x_wconf 81' lang='grc' dir='ltr'>καλεῖν</span> <span class='ocrx_word' id='word_1_48' title='bbox 587 745 630 802; x_wconf 86' lang='grc' dir='ltr'>τὸν</span> <span class='ocrx_word' id='word_1_49' title='bbox 647 743 807 824; x_wconf 81' lang='grc' dir='ltr'>Κουρίδαχον</span> <span class='ocrx_word' id='word_1_50' title='bbox 823 747 874 802; x_wconf 87' lang='grc' dir='ltr'>τῶν</span> <span class='ocrx_word' id='word_1_51' title='bbox 920 742 949 808; x_wconf 75' lang='lat' dir='ltr'>d&lt;</span> <span class='ocrx_word' id='word_1_52' title='bbox 964 741 1008 800; x_wconf 79' lang='grc' dir='ltr'>ἐπί</span> <span class='ocrx_word' id='word_1_53' title='bbox 1022 745 1073 799; x_wconf 89' lang='grc' dir='ltr'>τῶν</span> <span class='ocrx_word' id='word_1_54' title='bbox 1088 740 1194 817; x_wconf 78' lang='grc' dir='ltr'>ἁμαξῶν</span> <span class='ocrx_word' id='word_1_55' title='bbox 1206 744 1229 799; x_wconf 84' lang='lat' dir='ltr'>oi</span> <span class='ocrx_word' id='word_1_56' title='bbox 1250 740 1378 820; x_wconf 79' lang='grc' dir='ltr'>βάρόαροι</span> <span class='ocrx_word' id='word_1_57' title='bbox 1392 740 1435 798; x_wconf 85' lang='grc' dir='ltr'>διθι</span> <span class='ocrx_word' id='word_1_58' title='bbox 1453 739 1510 807; x_wconf 83' lang='grc' dir='ltr'>τούς</span> <span class='ocrx_word' id='word_1_59' title='bbox 1523 741 1692 816; x_wconf 80' lang='grc' dir='ltr'>λιμνάζοντας</span> 
     </span>
     <span class='ocr_line' id='line_1_6' title="bbox 107 825 1693 912; baseline -0.003 -22"><span class='ocrx_word' id='word_1_60' title='bbox 107 834 251 912; x_wconf 83' lang='grc' dir='ltr'>ιαητηρῖων</span> <span class='ocrx_word' id='word_1_61' title='bbox 263 831 414 908; x_wconf 74' lang='grc' dir='ltr'>μεθέξοντα.</span> <span class='ocrx_word' id='word_1_62' title='bbox 424 831 479 890; x_wconf 86' lang='grc' dir='ltr'>Τδν</span> <span class='ocrx_word' id='word_1_63' title='bbox 491 831 518 890; x_wconf 78' lang='grc' dir='ltr'>δέ</span> <span class='ocrx_word' id='word_1_64' title='bbox 527 830 665 901; x_wconf 78' lang='grc' dir='ltr'>ίπιῦουλὴν</span> <span class='ocrx_word' id='word_1_65' title='bbox 675 829 874 900; x_wconf 82' lang='grc' dir='ltr'>ύποτοπήσαντα</span> <span class='ocrx_word' id='word_1_66' title='bbox 920 829 1024 909; x_wconf 90' lang='grc' dir='ltr'>φέρουσι</span> <span class='ocrx_word' id='word_1_67' title='bbox 1046 827 1151 893; x_wconf 81' lang='grc' dir='ltr'>τύπους.</span> <span class='ocrx_word' id='word_1_68' title='bbox 1173 828 1366 906; x_wconf 79' lang='grc' dir='ltr'>Ἐχορηγοῦντο</span> <span class='ocrx_word' id='word_1_69' title='bbox 1383 825 1410 884; x_wconf 82' lang='grc' dir='ltr'>δέ</span> <span class='ocrx_word' id='word_1_70' title='bbox 1430 831 1492 902; x_wconf 75' lang='grc' dir='ltr'>ἡμῖν</span> <span class='ocrx_word' id='word_1_71' title='bbox 1514 825 1582 885; x_wconf 81' lang='grc' dir='ltr'>κατά</span> <span class='ocrx_word' id='word_1_72' title='bbox 1603 827 1693 902; x_wconf 85' lang='grc' dir='ltr'>κώμας</span> 
     </span>
     <span class='ocr_line' id='line_1_7' title="bbox 108 913 1693 998; baseline -0.003 -21"><span class='ocrx_word' id='word_1_73' title='bbox 108 919 185 994; x_wconf 78' lang='grc' dir='ltr'>εἰπεῖν,</span> <span class='ocrx_word' id='word_1_74' title='bbox 198 923 236 986; x_wconf 88' lang='grc' dir='ltr'>ώς</span> <span class='ocrx_word' id='word_1_75' title='bbox 247 919 367 998; x_wconf 81' lang='grc' dir='ltr'>χαλεπὸν</span> <span class='ocrx_word' id='word_1_76' title='bbox 378 918 506 998; x_wconf 82' lang='grc' dir='ltr'>ἀνθρώπῳ</span> <span class='ocrx_word' id='word_1_77' title='bbox 519 920 599 975; x_wconf 78' lang='grc' dir='ltr'>ἐλθεῖν</span> <span class='ocrx_word' id='word_1_78' title='bbox 608 919 633 982; x_wconf 79' lang='grc' dir='ltr'>ές</span> <span class='ocrx_word' id='word_1_79' title='bbox 643 917 700 997; x_wconf 75' lang='grc' dir='ltr'>ὄψιν</span> <span class='ocrx_word' id='word_1_80' title='bbox 711 921 780 976; x_wconf 87' lang='grc' dir='ltr'>θεοῦ·</span> <span class='ocrx_word' id='word_1_81' title='bbox 793 920 816 975; x_wconf 82' lang='grc' dir='ltr'>εἰ</span> <span class='ocrx_word' id='word_1_82' title='bbox 825 915 875 994; x_wconf 75' lang='grc' dir='ltr'>γάρ</span> <span class='ocrx_word' id='word_1_83' title='bbox 920 914 1028 993; x_wconf 85' lang='grc' dir='ltr'>τροφαὶ,</span> <span class='ocrx_word' id='word_1_84' title='bbox 1042 914 1099 971; x_wconf 84' lang='grc' dir='ltr'>ἀντὶ</span> <span class='ocrx_word' id='word_1_85' title='bbox 1112 913 1159 990; x_wconf 88' lang='grc' dir='ltr'>μὲν</span> <span class='ocrx_word' id='word_1_86' title='bbox 1173 913 1245 972; x_wconf 89' lang='grc' dir='ltr'>σίτου</span> <span class='ocrx_word' id='word_1_87' title='bbox 1260 913 1383 992; x_wconf 63' lang='grc' dir='ltr'>κέγγρος,</span> <span class='ocrx_word' id='word_1_88' title='bbox 1400 913 1457 970; x_wconf 82' lang='grc' dir='ltr'>ἀντί</span> <span class='ocrx_word' id='word_1_89' title='bbox 1469 913 1497 971; x_wconf 81' lang='grc' dir='ltr'>δέ</span> <span class='ocrx_word' id='word_1_90' title='bbox 1510 913 1577 972; x_wconf 89' lang='grc' dir='ltr'>οίνου</span> <span class='ocrx_word' id='word_1_91' title='bbox 1591 917 1604 971; x_wconf 87' lang='grc' dir='ltr'>ό</span> <span class='ocrx_word' id='word_1_92' title='bbox 1618 914 1693 988; x_wconf 89' lang='grc' dir='ltr'>μέδος</span> 
     </span>
     <span class='ocr_line' id='line_1_8' title="bbox 107 999 1693 1079; baseline -0.004 -14"><span class='ocrx_word' id='word_1_93' title='bbox 107 1007 151 1066; x_wconf 79' lang='grc' dir='ltr'>αὖθί</span> <span class='ocrx_word' id='word_1_94' title='bbox 164 1007 211 1064; x_wconf 85' lang='grc' dir='ltr'>τὸν</span> <span class='ocrx_word' id='word_1_95' title='bbox 225 1013 276 1064; x_wconf 87' lang='grc' dir='ltr'>τοῦ</span> <span class='ocrx_word' id='word_1_96' title='bbox 291 1007 365 1076; x_wconf 74' lang='grc' dir='ltr'>ἡλίου</span> <span class='ocrx_word' id='word_1_97' title='bbox 378 1007 465 1064; x_wconf 88' lang='grc' dir='ltr'>δίσκον</span> <span class='ocrx_word' id='word_1_98' title='bbox 481 1009 576 1070; x_wconf 81' lang='grc' dir='ltr'>ἀτενῶς</span> <span class='ocrx_word' id='word_1_99' title='bbox 590 1005 660 1063; x_wconf 77' lang='grc' dir='ltr'>ἔστιν</span> <span class='ocrx_word' id='word_1_100' title='bbox 675 1007 745 1076; x_wconf 80' lang='grc' dir='ltr'>ἰδεῖν,</span> <span class='ocrx_word' id='word_1_101' title='bbox 760 1007 815 1070; x_wconf 89' lang='grc' dir='ltr'>πῶς</span> <span class='ocrx_word' id='word_1_102' title='bbox 830 1005 874 1062; x_wconf 83' lang='grc' dir='ltr'>τὸν</span> <span class='ocrx_word' id='word_1_103' title='bbox 921 999 1065 1079; x_wconf 81' lang='grc' dir='ltr'>ἐπιχωρίως</span> <span class='ocrx_word' id='word_1_104' title='bbox 1075 999 1241 1076; x_wconf 87' lang='grc' dir='ltr'>καλούμενος.</span> <span class='ocrx_word' id='word_1_105' title='bbox 1255 1000 1423 1075; x_wconf 78' lang='grc' dir='ltr'>Ἐκομίζοντο</span> <span class='ocrx_word' id='word_1_106' title='bbox 1436 1001 1464 1078; x_wconf 79' lang='grc' dir='ltr'>δέ</span> <span class='ocrx_word' id='word_1_107' title='bbox 1480 1001 1525 1059; x_wconf 80' lang='grc' dir='ltr'>καί</span> <span class='ocrx_word' id='word_1_108' title='bbox 1535 1003 1557 1059; x_wconf 83' lang='lat' dir='ltr'>oi</span> <span class='ocrx_word' id='word_1_109' title='bbox 1570 1001 1693 1075; x_wconf 83' lang='grc' dir='ltr'>ἑπόμενοι</span> 
     </span>
     <span class='ocr_line' id='line_1_9' title="bbox 108 1085 1694 1172; baseline -0.005 -21"><span class='ocrx_word' id='word_1_110' title='bbox 108 1095 216 1170; x_wconf 83' lang='grc' dir='ltr'>μέγιστον</span> <span class='ocrx_word' id='word_1_111' title='bbox 239 1097 295 1150; x_wconf 87' lang='grc' dir='ltr'>τῶν</span> <span class='ocrx_word' id='word_1_112' title='bbox 313 1097 377 1151; x_wconf 89' lang='grc' dir='ltr'>θεῶν</span> <span class='ocrx_word' id='word_1_113' title='bbox 395 1095 501 1159; x_wconf 81' lang='grc' dir='ltr'>ἀπαθῶς</span> <span class='ocrx_word' id='word_1_114' title='bbox 516 1115 554 1158; x_wconf 90' lang='grc' dir='ltr'>τις</span> <span class='ocrx_word' id='word_1_115' title='bbox 568 1091 668 1172; x_wconf 72' lang='grc' dir='ltr'>όψοιτσς</span> <span class='ocrx_word' id='word_1_116' title='bbox 691 1091 781 1152; x_wconf 86' lang='grc' dir='ltr'>Οθτως</span> <span class='ocrx_word' id='word_1_117' title='bbox 796 1089 843 1165; x_wconf 79' lang='grc' dir='ltr'>μέν</span> <span class='ocrx_word' id='word_1_118' title='bbox 862 1094 877 1148; x_wconf 84' lang='grc' dir='ltr'>θ</span> <span class='ocrx_word' id='word_1_119' title='bbox 922 1087 983 1162; x_wconf 78' lang='grc' dir='ltr'>ἡμῖν</span> <span class='ocrx_word' id='word_1_120' title='bbox 1001 1085 1127 1164; x_wconf 86' lang='grc' dir='ltr'>ύπηρίται</span> <span class='ocrx_word' id='word_1_121' title='bbox 1141 1085 1249 1164; x_wconf 74' lang='grc' dir='ltr'>κέγχρον</span> <span class='ocrx_word' id='word_1_122' title='bbox 1264 1087 1346 1145; x_wconf 82' lang='grc' dir='ltr'>καὶτὸ</span> <span class='ocrx_word' id='word_1_123' title='bbox 1359 1090 1388 1146; x_wconf 81' lang='grc' dir='ltr'>ἐκ</span> <span class='ocrx_word' id='word_1_124' title='bbox 1402 1091 1495 1166; x_wconf 80' lang='grc' dir='ltr'>κριθῶν</span> <span class='ocrx_word' id='word_1_125' title='bbox 1506 1087 1694 1166; x_wconf 48' lang='grc' dir='ltr'>Ιχορηγούμενα</span> 
     </span>
     <span class='ocr_line' id='line_1_10' title="bbox 109 1173 1694 1258; baseline -0.006 -18"><span class='ocrx_word' id='word_1_126' title='bbox 109 1179 260 1258; x_wconf 75' lang='grc' dir='ltr'>λἀιρίδαχος</span> <span class='ocrx_word' id='word_1_127' title='bbox 269 1179 370 1255; x_wconf 76' lang='grc' dir='ltr'>ἔμεινεν</span> <span class='ocrx_word' id='word_1_128' title='bbox 380 1180 480 1243; x_wconf 80' lang='grc' dir='ltr'>ίπῖτοῖς</span> <span class='ocrx_word' id='word_1_129' title='bbox 491 1178 620 1257; x_wconf 75' lang='grc' dir='ltr'>σφετέροις</span> <span class='ocrx_word' id='word_1_130' title='bbox 630 1178 675 1236; x_wconf 86' lang='grc' dir='ltr'>καί</span> <span class='ocrx_word' id='word_1_131' title='bbox 685 1176 818 1256; x_wconf 78' lang='grc' dir='ltr'>διεφύλαξε</span> <span class='ocrx_word' id='word_1_132' title='bbox 828 1175 875 1248; x_wconf 71' lang='grc' dir='ltr'>τὴν</span> <span class='ocrx_word' id='word_1_133' title='bbox 921 1173 1008 1247; x_wconf 84' lang='grc' dir='ltr'>πόμα·</span> <span class='ocrx_word' id='word_1_134' title='bbox 1026 1173 1108 1249; x_wconf 84' lang='grc' dir='ltr'>κάμον</span> <span class='ocrx_word' id='word_1_135' title='bbox 1123 1176 1146 1232; x_wconf 82' lang='lat' dir='ltr'>oi</span> <span class='ocrx_word' id='word_1_136' title='bbox 1166 1174 1293 1254; x_wconf 81' lang='grc' dir='ltr'>βοίρῦαροι</span> <span class='ocrx_word' id='word_1_137' title='bbox 1312 1176 1434 1232; x_wconf 88' lang='grc' dir='ltr'>καλοῦσιν</span> <span class='ocrx_word' id='word_1_138' title='bbox 1452 1175 1524 1234; x_wconf 85' lang='grc' dir='ltr'>αὐτό.</span> <span class='ocrx_word' id='word_1_139' title='bbox 1541 1173 1655 1252; x_wconf 82' lang='grc' dir='ltr'>Μακρδν</span> <span class='ocrx_word' id='word_1_140' title='bbox 1668 1173 1694 1231; x_wconf 86' lang='grc' dir='ltr'>δὲ</span> 
     </span>
     <span class='ocr_line' id='line_1_11' title="bbox 108 1258 1695 1344; baseline -0.004 -20"><span class='ocrx_word' id='word_1_141' title='bbox 108 1266 188 1344; x_wconf 66' lang='grc' dir='ltr'>ἀρχὴν,</span> <span class='ocrx_word' id='word_1_142' title='bbox 200 1272 247 1324; x_wconf 82' lang='grc' dir='ltr'>τοῦ</span> <span class='ocrx_word' id='word_1_143' title='bbox 259 1268 354 1324; x_wconf 83' lang='grc' dir='ltr'>λοιποῦ</span> <span class='ocrx_word' id='word_1_144' title='bbox 365 1265 461 1332; x_wconf 84' lang='grc' dir='ltr'>παντὸς</span> <span class='ocrx_word' id='word_1_145' title='bbox 474 1270 519 1322; x_wconf 88' lang='grc' dir='ltr'>τοῦ</span> <span class='ocrx_word' id='word_1_146' title='bbox 534 1264 669 1342; x_wconf 83' lang='grc' dir='ltr'>Κατζίρων</span> <span class='ocrx_word' id='word_1_147' title='bbox 679 1267 708 1339; x_wconf 92' lang='lat' dir='ltr'>(l.</span> <span class='ocrx_word' id='word_1_148' title='bbox 724 1264 875 1342; x_wconf 84' lang='grc' dir='ltr'>Ἀκατίρων)</span> <span class='ocrx_word' id='word_1_149' title='bbox 922 1258 1061 1326; x_wconf 83' lang='grc' dir='ltr'>ἀνύσαντες</span> <span class='ocrx_word' id='word_1_150' title='bbox 1084 1260 1143 1318; x_wconf 85' lang='grc' dir='ltr'>ὁδὸν</span> <span class='ocrx_word' id='word_1_151' title='bbox 1165 1260 1224 1340; x_wconf 78' lang='grc' dir='ltr'>περὶ</span> <span class='ocrx_word' id='word_1_152' title='bbox 1248 1261 1334 1331; x_wconf 87' lang='grc' dir='ltr'>δείλην</span> <span class='ocrx_word' id='word_1_153' title='bbox 1357 1261 1434 1340; x_wconf 79' lang='grc' dir='ltr'>ὀψίαν</span> <span class='ocrx_word' id='word_1_154' title='bbox 1458 1261 1695 1337; x_wconf 86' lang='grc' dir='ltr'>κατεσκηνώσαμεν</span> 
     </span>
     <span class='ocr_line' id='line_1_12' title="bbox 108 1343 1695 1431; baseline -0.003 -20"><span class='ocrx_word' id='word_1_155' title='bbox 108 1353 180 1418; x_wconf 82' lang='grc' dir='ltr'>ἔθνους</span> <span class='ocrx_word' id='word_1_156' title='bbox 191 1355 231 1431; x_wconf 80' lang='grc' dir='ltr'>τῷ</span> <span class='ocrx_word' id='word_1_157' title='bbox 247 1351 363 1431; x_wconf 73' lang='grc' dir='ltr'>Ἀπήλφ</span> <span class='ocrx_word' id='word_1_158' title='bbox 374 1351 571 1431; x_wconf 86' lang='grc' dir='ltr'>παραστάντος·</span> <span class='ocrx_word' id='word_1_159' title='bbox 582 1343 662 1430; x_wconf 82' lang='grc' dir='ltr'>ούπερ</span> <span class='ocrx_word' id='word_1_160' title='bbox 674 1349 758 1416; x_wconf 82' lang='grc' dir='ltr'>ἔθνους</span> <span class='ocrx_word' id='word_1_161' title='bbox 768 1349 877 1428; x_wconf 82' lang='grc' dir='ltr'>βασιλέα</span> <span class='ocrx_word' id='word_1_162' title='bbox 923 1347 986 1427; x_wconf 87' lang='grc' dir='ltr'>πρθς</span> <span class='ocrx_word' id='word_1_163' title='bbox 1005 1347 1083 1426; x_wconf 86' lang='grc' dir='ltr'>λίμνῃ</span> <span class='ocrx_word' id='word_1_164' title='bbox 1103 1347 1167 1418; x_wconf 82' lang='grc' dir='ltr'>τινί,</span> <span class='ocrx_word' id='word_1_165' title='bbox 1184 1348 1293 1426; x_wconf 88' lang='grc' dir='ltr'>πότιμον</span> <span class='ocrx_word' id='word_1_166' title='bbox 1308 1348 1376 1427; x_wconf 74' lang='grc' dir='ltr'>ὕδωρ</span> <span class='ocrx_word' id='word_1_167' title='bbox 1398 1347 1508 1427; x_wconf 80' lang='grc' dir='ltr'>ἐχούσῃ,</span> <span class='ocrx_word' id='word_1_168' title='bbox 1522 1349 1585 1426; x_wconf 79' lang='grc' dir='ltr'>ὅπερ</span> <span class='ocrx_word' id='word_1_169' title='bbox 1605 1351 1628 1406; x_wconf 83' lang='lat' dir='ltr'>ot</span> <span class='ocrx_word' id='word_1_170' title='bbox 1649 1352 1695 1420; x_wconf 84' lang='grc' dir='ltr'>τῆς</span> 
     </span>
     <span class='ocr_line' id='line_1_13' title="bbox 109 1433 1695 1518; baseline -0.003 -22"><span class='ocrx_word' id='word_1_171' title='bbox 109 1439 142 1496; x_wconf 72' lang='grc' dir='ltr'>τόν</span> <span class='ocrx_word' id='word_1_172' title='bbox 157 1437 341 1518; x_wconf 77' lang='grc' dir='ltr'>αρεσῦύτερον</span> <span class='ocrx_word' id='word_1_173' title='bbox 357 1441 409 1496; x_wconf 88' lang='grc' dir='ltr'>τῶν</span> <span class='ocrx_word' id='word_1_174' title='bbox 424 1437 524 1496; x_wconf 81' lang='grc' dir='ltr'>παίδοιν</span> <span class='ocrx_word' id='word_1_175' title='bbox 546 1441 709 1506; x_wconf 76' lang='grc' dir='ltr'>καταστῆσαι</span> <span class='ocrx_word' id='word_1_176' title='bbox 725 1437 877 1514; x_wconf 90' lang='grc' dir='ltr'>βουλόμενος</span> <span class='ocrx_word' id='word_1_177' title='bbox 922 1434 1032 1503; x_wconf 89' lang='grc' dir='ltr'>πλησίον</span> <span class='ocrx_word' id='word_1_178' title='bbox 1046 1434 1181 1512; x_wconf 72' lang='grc' dir='ltr'>ὑδρεύοντο</span> <span class='ocrx_word' id='word_1_179' title='bbox 1192 1434 1291 1511; x_wconf 90' lang='grc' dir='ltr'>κώμης.</span> <span class='ocrx_word' id='word_1_180' title='bbox 1305 1437 1415 1510; x_wconf 80' lang='grc' dir='ltr'>Πνεῦμα</span> <span class='ocrx_word' id='word_1_181' title='bbox 1430 1434 1456 1491; x_wconf 82' lang='grc' dir='ltr'>δέ</span> <span class='ocrx_word' id='word_1_182' title='bbox 1471 1435 1515 1492; x_wconf 84' lang='grc' dir='ltr'>καί</span> <span class='ocrx_word' id='word_1_183' title='bbox 1530 1433 1624 1492; x_wconf 87' lang='grc' dir='ltr'>θύελλα</span> <span class='ocrx_word' id='word_1_184' title='bbox 1637 1433 1695 1502; x_wconf 74' lang='grc' dir='ltr'>ἐξα-</span> 
     </span>
     <span class='ocr_line' id='line_1_14' title="bbox 110 1519 1695 1602; baseline -0.004 -18"><span class='ocrx_word' id='word_1_185' title='bbox 110 1527 257 1602; x_wconf 59' lang='lat' dir='ltr'>&#39;duplam</span> <span class='ocrx_word' id='word_1_186' title='bbox 274 1525 320 1582; x_wconf 83' lang='grc' dir='ltr'>ἐπὶ</span> <span class='ocrx_word' id='word_1_187' title='bbox 331 1523 428 1598; x_wconf 83' lang='grc' dir='ltr'>ταύτην</span> <span class='ocrx_word' id='word_1_188' title='bbox 443 1524 571 1600; x_wconf 79' lang='grc' dir='ltr'>ἐκπέμπει</span> <span class='ocrx_word' id='word_1_189' title='bbox 592 1522 640 1594; x_wconf 71' lang='grc' dir='ltr'>τὴν</span> <span class='ocrx_word' id='word_1_190' title='bbox 661 1523 763 1602; x_wconf 81' lang='grc' dir='ltr'>πρᾶξιν.</span> <span class='ocrx_word' id='word_1_191' title='bbox 779 1523 827 1584; x_wconf 69' lang='lat' dir='ltr'>nrt</span> <span class='ocrx_word' id='word_1_192' title='bbox 845 1523 876 1596; x_wconf 79' lang='grc' dir='ltr'>δὴ</span> <span class='ocrx_word' id='word_1_193' title='bbox 922 1519 997 1592; x_wconf 86' lang='grc' dir='ltr'>πίνης</span> <span class='ocrx_word' id='word_1_194' title='bbox 1007 1522 1168 1579; x_wconf 78' lang='grc' dir='ltr'>διαναστᾶσα</span> <span class='ocrx_word' id='word_1_195' title='bbox 1181 1521 1247 1597; x_wconf 85' lang='grc' dir='ltr'>μετδι</span> <span class='ocrx_word' id='word_1_196' title='bbox 1261 1525 1373 1600; x_wconf 86' lang='grc' dir='ltr'>βροντῶν</span> <span class='ocrx_word' id='word_1_197' title='bbox 1386 1521 1430 1580; x_wconf 84' lang='grc' dir='ltr'>καί</span> <span class='ocrx_word' id='word_1_198' title='bbox 1441 1525 1543 1599; x_wconf 71' lang='grc' dir='ltr'>συχνῶν</span> <span class='ocrx_word' id='word_1_199' title='bbox 1554 1525 1695 1600; x_wconf 87' lang='grc' dir='ltr'>ἀστραπῶν</span> 
     </span>
     <span class='ocr_line' id='line_1_15' title="bbox 110 1607 1695 1692; baseline -0.002 -23"><span class='ocrx_word' id='word_1_200' title='bbox 110 1615 143 1670; x_wconf 83' lang='grc' dir='ltr'>καί</span> <span class='ocrx_word' id='word_1_201' title='bbox 153 1617 240 1688; x_wconf 72' lang='grc' dir='ltr'>ἠμῦς,</span> <span class='ocrx_word' id='word_1_202' title='bbox 260 1615 299 1677; x_wconf 87' lang='grc' dir='ltr'>ὡς</span> <span class='ocrx_word' id='word_1_203' title='bbox 317 1609 436 1692; x_wconf 75' lang='grc' dir='ltr'>εἴρηται,</span> <span class='ocrx_word' id='word_1_204' title='bbox 452 1611 581 1686; x_wconf 79' lang='grc' dir='ltr'>ἐπιμεῖναι</span> <span class='ocrx_word' id='word_1_205' title='bbox 599 1611 875 1689; x_wconf 80' lang='grc' dir='ltr'>παρακελευσάμενος,</span> <span class='ocrx_word' id='word_1_206' title='bbox 924 1607 969 1665; x_wconf 82' lang='grc' dir='ltr'>καί</span> <span class='ocrx_word' id='word_1_207' title='bbox 983 1607 1083 1686; x_wconf 82' lang='grc' dir='ltr'>όμθρου</span> <span class='ocrx_word' id='word_1_208' title='bbox 1098 1611 1193 1667; x_wconf 87' lang='grc' dir='ltr'>πολλοῦ</span> <span class='ocrx_word' id='word_1_209' title='bbox 1206 1611 1236 1666; x_wconf 87' lang='grc' dir='ltr'>ού</span> <span class='ocrx_word' id='word_1_210' title='bbox 1249 1610 1325 1685; x_wconf 87' lang='grc' dir='ltr'>μόνον</span> <span class='ocrx_word' id='word_1_211' title='bbox 1341 1612 1416 1684; x_wconf 79' lang='grc' dir='ltr'>ἡμῶν</span> <span class='ocrx_word' id='word_1_212' title='bbox 1432 1611 1554 1688; x_wconf 72' lang='grc' dir='ltr'>ἀνέτρεψε</span> <span class='ocrx_word' id='word_1_213' title='bbox 1567 1609 1613 1679; x_wconf 82' lang='grc' dir='ltr'>τὴν</span> <span class='ocrx_word' id='word_1_214' title='bbox 1628 1631 1695 1680; x_wconf 84' lang='grc' dir='ltr'>σκη-</span> 
     </span>
     <span class='ocr_line' id='line_1_16' title="bbox 111 1692 1697 1777; baseline -0.003 -21"><span class='ocrx_word' id='word_1_215' title='bbox 111 1699 265 1774; x_wconf 79' lang='grc' dir='ltr'>αθιίθιγίλαν</span> <span class='ocrx_word' id='word_1_216' title='bbox 290 1699 417 1776; x_wconf 75' lang='grc' dir='ltr'>διαφῆκεν</span> <span class='ocrx_word' id='word_1_217' title='bbox 438 1697 496 1772; x_wconf 78' lang='grc' dir='ltr'>ἅμα</span> <span class='ocrx_word' id='word_1_218' title='bbox 510 1695 600 1776; x_wconf 82' lang='grc' dir='ltr'>Ἥσλφ</span> <span class='ocrx_word' id='word_1_219' title='bbox 620 1697 747 1777; x_wconf 76' lang='grc' dir='ltr'>προφάσει</span> <span class='ocrx_word' id='word_1_220' title='bbox 767 1696 814 1773; x_wconf 83' lang='grc' dir='ltr'>μὲν</span> <span class='ocrx_word' id='word_1_221' title='bbox 827 1701 878 1754; x_wconf 91' lang='grc' dir='ltr'>τῶν</span> <span class='ocrx_word' id='word_1_222' title='bbox 923 1692 984 1769; x_wconf 81' lang='grc' dir='ltr'>νὴν,</span> <span class='ocrx_word' id='word_1_223' title='bbox 999 1695 1066 1752; x_wconf 82' lang='grc' dir='ltr'>ἀλλά</span> <span class='ocrx_word' id='word_1_224' title='bbox 1082 1697 1126 1753; x_wconf 83' lang='grc' dir='ltr'>καὶ</span> <span class='ocrx_word' id='word_1_225' title='bbox 1140 1695 1186 1767; x_wconf 77' lang='grc' dir='ltr'>τὴν</span> <span class='ocrx_word' id='word_1_226' title='bbox 1205 1695 1368 1766; x_wconf 77' lang='grc' dir='ltr'>κατασκευὴν</span> <span class='ocrx_word' id='word_1_227' title='bbox 1385 1695 1526 1772; x_wconf 87' lang='grc' dir='ltr'>σύμπασαν</span> <span class='ocrx_word' id='word_1_228' title='bbox 1549 1697 1573 1761; x_wconf 82' lang='grc' dir='ltr'>ἐς</span> <span class='ocrx_word' id='word_1_229' title='bbox 1587 1695 1615 1753; x_wconf 82' lang='grc' dir='ltr'>τὸ</span> <span class='ocrx_word' id='word_1_230' title='bbox 1629 1695 1697 1772; x_wconf 86' lang='grc' dir='ltr'>ύδωρ</span> 
     </span>
     <span class='ocr_line' id='line_1_17' title="bbox 113 1780 1697 1864; baseline -0.002 -22"><span class='ocrx_word' id='word_1_231' title='bbox 113 1787 217 1862; x_wconf 53' lang='lat' dir='ltr'>puriora</span> <span class='ocrx_word' id='word_1_232' title='bbox 227 1787 255 1852; x_wconf 81' lang='grc' dir='ltr'>ἐς</span> <span class='ocrx_word' id='word_1_233' title='bbox 265 1782 314 1854; x_wconf 68' lang='grc' dir='ltr'>τὴν</span> <span class='ocrx_word' id='word_1_234' title='bbox 326 1783 467 1860; x_wconf 86' lang='grc' dir='ltr'>Ῥωμαίων</span> <span class='ocrx_word' id='word_1_235' title='bbox 479 1783 676 1859; x_wconf 80' lang='grc' dir='ltr'>διαῦησόμενον,</span> <span class='ocrx_word' id='word_1_236' title='bbox 688 1787 720 1862; x_wconf 80' lang='grc' dir='ltr'>τῇ</span> <span class='ocrx_word' id='word_1_237' title='bbox 731 1785 758 1842; x_wconf 85' lang='grc' dir='ltr'>δέ</span> <span class='ocrx_word' id='word_1_238' title='bbox 770 1786 878 1864; x_wconf 69' lang='grc' dir='ltr'>ἀληθεία</span> <span class='ocrx_word' id='word_1_239' title='bbox 924 1782 1027 1840; x_wconf 85' lang='grc' dir='ltr'>ε’κύλισε</span> <span class='ocrx_word' id='word_1_240' title='bbox 1040 1787 1086 1852; x_wconf 69' lang='grc' dir='ltr'>τῆς</span> <span class='ocrx_word' id='word_1_241' title='bbox 1100 1783 1202 1859; x_wconf 84' lang='grc' dir='ltr'>λίμνης.</span> <span class='ocrx_word' id='word_1_242' title='bbox 1217 1783 1286 1842; x_wconf 82' lang='grc' dir='ltr'>Ὑπὸ</span> <span class='ocrx_word' id='word_1_243' title='bbox 1307 1783 1334 1841; x_wconf 85' lang='grc' dir='ltr'>δέ</span> <span class='ocrx_word' id='word_1_244' title='bbox 1349 1786 1395 1860; x_wconf 74' lang='grc' dir='ltr'>τῇς</span> <span class='ocrx_word' id='word_1_245' title='bbox 1416 1780 1562 1859; x_wconf 84' lang='grc' dir='ltr'>κρατούσης</span> <span class='ocrx_word' id='word_1_246' title='bbox 1574 1782 1618 1839; x_wconf 83' lang='grc' dir='ltr'>τὸν</span> <span class='ocrx_word' id='word_1_247' title='bbox 1634 1783 1697 1862; x_wconf 85' lang='grc' dir='ltr'>ἀέρα</span> 
     </span>
     <span class='ocr_line' id='line_1_18' title="bbox 113 1868 1697 1952; baseline -0.002 -21"><span class='ocrx_word' id='word_1_248' title='bbox 113 1871 276 1952; x_wconf 62' lang='grc' dir='ltr'>κεῖν’θζόέκωνι</span> <span class='ocrx_word' id='word_1_249' title='bbox 291 1871 321 1928; x_wconf 82' lang='grc' dir='ltr'>τὸ</span> <span class='ocrx_word' id='word_1_250' title='bbox 332 1869 439 1948; x_wconf 65' lang='grc' dir='ltr'>Ιχρυσίον</span> <span class='ocrx_word' id='word_1_251' title='bbox 452 1875 601 1944; x_wconf 88' lang='grc' dir='ltr'>κομιοῦντα.</span> <span class='ocrx_word' id='word_1_252' title='bbox 924 1874 1040 1948; x_wconf 77' lang='grc' dir='ltr'>ταραχῆς</span> <span class='ocrx_word' id='word_1_253' title='bbox 1055 1871 1100 1928; x_wconf 84' lang='grc' dir='ltr'>καὶ</span> <span class='ocrx_word' id='word_1_254' title='bbox 1120 1875 1165 1928; x_wconf 89' lang='grc' dir='ltr'>τοῦ</span> <span class='ocrx_word' id='word_1_255' title='bbox 1181 1869 1327 1946; x_wconf 81' lang='grc' dir='ltr'>συμῦάντος</span> <span class='ocrx_word' id='word_1_256' title='bbox 1349 1868 1548 1945; x_wconf 85' lang='grc' dir='ltr'>δειματωθέντες</span> <span class='ocrx_word' id='word_1_257' title='bbox 1559 1869 1588 1928; x_wconf 84' lang='grc' dir='ltr'>τὸ</span> <span class='ocrx_word' id='word_1_258' title='bbox 1602 1871 1697 1948; x_wconf 84' lang='grc' dir='ltr'>χοιρίον</span> 
     </span>
    </p>

    <p class='ocr_par' dir='ltr' id='par_1_3' title="bbox 108 1955 1702 2820">
     <span class='ocr_line' id='line_1_19' title="bbox 143 1955 1700 2036; baseline -0.003 -18"><span class='ocrx_word' id='word_1_259' title='bbox 143 1963 191 2018; x_wconf 88' lang='grc' dir='ltr'>Τοῦ</span> <span class='ocrx_word' id='word_1_260' title='bbox 204 1958 229 2017; x_wconf 79' lang='grc' dir='ltr'>δὲ</span> <span class='ocrx_word' id='word_1_261' title='bbox 243 1957 340 2034; x_wconf 86' lang='grc' dir='ltr'>Βιγίλα</span> <span class='ocrx_word' id='word_1_262' title='bbox 352 1956 555 2035; x_wconf 77' lang='grc' dir='ltr'>ἐξορμήσαντος,</span> <span class='ocrx_word' id='word_1_263' title='bbox 568 1956 629 2032; x_wconf 88' lang='grc' dir='ltr'>μίαν</span> <span class='ocrx_word' id='word_1_264' title='bbox 643 1955 710 2033; x_wconf 85' lang='grc' dir='ltr'>μετδι</span> <span class='ocrx_word' id='word_1_265' title='bbox 719 1956 767 2027; x_wconf 74' lang='grc' dir='ltr'>τὴν</span> <span class='ocrx_word' id='word_1_266' title='bbox 778 1959 876 2016; x_wconf 79' lang='grc' dir='ltr'>ἐκείνου</span> <span class='ocrx_word' id='word_1_267' title='bbox 925 1956 1100 2033; x_wconf 89' lang='grc' dir='ltr'>ἀπελείπομεν</span> <span class='ocrx_word' id='word_1_268' title='bbox 1117 1957 1162 2015; x_wconf 85' lang='grc' dir='ltr'>καί</span> <span class='ocrx_word' id='word_1_269' title='bbox 1177 1957 1296 2026; x_wconf 73' lang='grc' dir='ltr'>ἀλλήλων</span> <span class='ocrx_word' id='word_1_270' title='bbox 1311 1955 1502 2036; x_wconf 76' lang='grc' dir='ltr'>έχωριζόμεθα,</span> <span class='ocrx_word' id='word_1_271' title='bbox 1518 1960 1551 2022; x_wconf 70' lang='lat' dir='ltr'>a&lt;</span> <span class='ocrx_word' id='word_1_272' title='bbox 1571 1959 1597 2014; x_wconf 84' lang='grc' dir='ltr'>ἔν</span> <span class='ocrx_word' id='word_1_273' title='bbox 1612 1957 1700 2035; x_wconf 82' lang='grc' dir='ltr'>σκότῳ</span> 
     </span>
     <span class='ocr_line' id='line_1_20' title="bbox 115 2039 1698 2124; baseline -0.001 -22"><span class='ocrx_word' id='word_1_274' title='bbox 115 2046 270 2124; x_wconf 71' lang='grc' dir='ltr'>διαχώρησιν</span> <span class='ocrx_word' id='word_1_275' title='bbox 283 2044 386 2122; x_wconf 79' lang='grc' dir='ltr'>ἡμέραν</span> <span class='ocrx_word' id='word_1_276' title='bbox 400 2043 633 2122; x_wconf 75' lang='grc' dir='ltr'>ῖπιμείναντες,τῇ</span> <span class='ocrx_word' id='word_1_277' title='bbox 648 2042 770 2124; x_wconf 75' lang='grc' dir='ltr'>ὑστεραία</span> <span class='ocrx_word' id='word_1_278' title='bbox 788 2045 830 2102; x_wconf 81' lang='grc' dir='ltr'>ἐπὶ</span> <span class='ocrx_word' id='word_1_279' title='bbox 844 2045 877 2102; x_wconf 78' lang='grc' dir='ltr'>τὰ</span> <span class='ocrx_word' id='word_1_280' title='bbox 924 2042 969 2099; x_wconf 81' lang='grc' dir='ltr'>καλ</span> <span class='ocrx_word' id='word_1_281' title='bbox 987 2045 1066 2124; x_wconf 55' lang='lat' dir='ltr'>irrep,</span> <span class='ocrx_word' id='word_1_282' title='bbox 1087 2043 1227 2124; x_wconf 80' lang='grc' dir='ltr'>τραπέντες</span> <span class='ocrx_word' id='word_1_283' title='bbox 1249 2043 1306 2102; x_wconf 84' lang='grc' dir='ltr'>ὁδὸν</span> <span class='ocrx_word' id='word_1_284' title='bbox 1327 2045 1359 2114; x_wconf 77' lang='grc' dir='ltr'>ἣν</span> <span class='ocrx_word' id='word_1_285' title='bbox 1382 2045 1452 2121; x_wconf 82' lang='grc' dir='ltr'>αύτῷ</span> <span class='ocrx_word' id='word_1_286' title='bbox 1476 2042 1566 2123; x_wconf 75' lang='grc' dir='ltr'>ῥᾳδίαν</span> <span class='ocrx_word' id='word_1_287' title='bbox 1591 2039 1698 2107; x_wconf 78' lang='grc' dir='ltr'>ἕκαστος</span> 
     </span>
     <span class='ocr_line' id='line_1_21' title="bbox 115 2128 1698 2211; baseline 0 -23"><span class='ocrx_word' id='word_1_288' title='bbox 115 2132 280 2210; x_wconf 82' lang='grc' dir='ltr'>ἀρκτικώτερα</span> <span class='ocrx_word' id='word_1_289' title='bbox 303 2135 351 2200; x_wconf 73' lang='grc' dir='ltr'>τῆς</span> <span class='ocrx_word' id='word_1_290' title='bbox 370 2129 458 2209; x_wconf 77' lang='grc' dir='ltr'>χώρας</span> <span class='ocrx_word' id='word_1_291' title='bbox 485 2129 530 2187; x_wconf 88' lang='grc' dir='ltr'>οθν</span> <span class='ocrx_word' id='word_1_292' title='bbox 555 2129 667 2208; x_wconf 75' lang='grc' dir='ltr'>Ἀττάλφ</span> <span class='ocrx_word' id='word_1_293' title='bbox 690 2131 875 2211; x_wconf 79' lang='grc' dir='ltr'>ἐπορεύθημεν,</span> <span class='ocrx_word' id='word_1_294' title='bbox 924 2128 1027 2188; x_wconf 82' lang='grc' dir='ltr'>ἔσεσθαι</span> <span class='ocrx_word' id='word_1_295' title='bbox 1038 2129 1113 2206; x_wconf 84' lang='grc' dir='ltr'>ᾤετο.</span> <span class='ocrx_word' id='word_1_296' title='bbox 1130 2131 1174 2198; x_wconf 85' lang='grc' dir='ltr'>Ἐς</span> <span class='ocrx_word' id='word_1_297' title='bbox 1188 2130 1215 2188; x_wconf 77' lang='grc' dir='ltr'>δὲ</span> <span class='ocrx_word' id='word_1_298' title='bbox 1230 2129 1275 2198; x_wconf 87' lang='grc' dir='ltr'>τδις</span> <span class='ocrx_word' id='word_1_299' title='bbox 1286 2128 1403 2196; x_wconf 81' lang='grc' dir='ltr'>καλύύας</span> <span class='ocrx_word' id='word_1_300' title='bbox 1415 2134 1462 2200; x_wconf 81' lang='grc' dir='ltr'>τῆς</span> <span class='ocrx_word' id='word_1_301' title='bbox 1477 2129 1567 2204; x_wconf 86' lang='grc' dir='ltr'>κώμης</span> <span class='ocrx_word' id='word_1_302' title='bbox 1581 2152 1698 2206; x_wconf 87' lang='grc' dir='ltr'>παραγε-</span> 
     </span>
     <span class='ocr_line' id='line_1_22' title="bbox 117 2214 1696 2298; baseline -0.003 -20"><span class='ocrx_word' id='word_1_303' title='bbox 117 2220 158 2278; x_wconf 60' lang='lat' dir='ltr'>ist</span> <span class='ocrx_word' id='word_1_304' title='bbox 175 2219 235 2298; x_wconf 73' lang='grc' dir='ltr'>ἀχρι</span> <span class='ocrx_word' id='word_1_305' title='bbox 251 2219 322 2284; x_wconf 82' lang='grc' dir='ltr'>τινθς</span> <span class='ocrx_word' id='word_1_306' title='bbox 341 2221 379 2297; x_wconf 81' lang='grc' dir='ltr'>τῷ</span> <span class='ocrx_word' id='word_1_307' title='bbox 402 2217 528 2296; x_wconf 83' lang='grc' dir='ltr'>βαρύαίρῳ</span> <span class='ocrx_word' id='word_1_308' title='bbox 550 2219 769 2296; x_wconf 85' lang='grc' dir='ltr'>συμπροελθόντες</span> <span class='ocrx_word' id='word_1_309' title='bbox 787 2217 878 2297; x_wconf 79' lang='grc' dir='ltr'>ἑτέραν</span> <span class='ocrx_word' id='word_1_310' title='bbox 924 2214 1026 2292; x_wconf 88' lang='grc' dir='ltr'>νόμενοι</span> <span class='ocrx_word' id='word_1_311' title='bbox 1043 2217 1102 2295; x_wconf 76' lang='grc' dir='ltr'>(τὴν</span> <span class='ocrx_word' id='word_1_312' title='bbox 1118 2217 1198 2290; x_wconf 75' lang='grc' dir='ltr'>αὐτὴν</span> <span class='ocrx_word' id='word_1_313' title='bbox 1216 2217 1243 2276; x_wconf 83' lang='grc' dir='ltr'>δέ</span> <span class='ocrx_word' id='word_1_314' title='bbox 1259 2217 1354 2284; x_wconf 88' lang='grc' dir='ltr'>πάντες</span> <span class='ocrx_word' id='word_1_315' title='bbox 1371 2216 1498 2296; x_wconf 83' lang='grc' dir='ltr'>διαφόρως</span> <span class='ocrx_word' id='word_1_316' title='bbox 1518 2215 1696 2296; x_wconf 81' lang='grc' dir='ltr'>ἐτράπημεν),</span> 
     </span>
     <span class='ocr_line' id='line_1_23' title="bbox 115 2301 1699 2386; baseline -0.001 -22"><span class='ocrx_word' id='word_1_317' title='bbox 115 2307 161 2364; x_wconf 77' lang='grc' dir='ltr'>θῶν</span> <span class='ocrx_word' id='word_1_318' title='bbox 173 2307 338 2386; x_wconf 79' lang='grc' dir='ltr'>έτραίπημεν,</span> <span class='ocrx_word' id='word_1_319' title='bbox 350 2307 402 2362; x_wconf 86' lang='grc' dir='ltr'>τῶν</span> <span class='ocrx_word' id='word_1_320' title='bbox 414 2303 584 2380; x_wconf 76' lang='grc' dir='ltr'>ξεναγούντων</span> <span class='ocrx_word' id='word_1_321' title='bbox 600 2309 667 2378; x_wconf 77' lang='grc' dir='ltr'>ἡμᾶς</span> <span class='ocrx_word' id='word_1_322' title='bbox 682 2307 788 2366; x_wconf 85' lang='grc' dir='ltr'>Σκυθῶν</span> <span class='ocrx_word' id='word_1_323' title='bbox 800 2312 876 2364; x_wconf 87' lang='grc' dir='ltr'>τοῦτο</span> <span class='ocrx_word' id='word_1_324' title='bbox 925 2304 950 2368; x_wconf 81' lang='grc' dir='ltr'>ίς</span> <span class='ocrx_word' id='word_1_325' title='bbox 965 2303 1057 2362; x_wconf 68' lang='lat' dir='ltr'>ratris</span> <span class='ocrx_word' id='word_1_326' title='bbox 1071 2304 1224 2382; x_wconf 78' lang='grc' dir='ltr'>συνῄειμεν,</span> <span class='ocrx_word' id='word_1_327' title='bbox 1238 2305 1283 2363; x_wconf 81' lang='grc' dir='ltr'>καὶ</span> <span class='ocrx_word' id='word_1_328' title='bbox 1297 2309 1348 2362; x_wconf 87' lang='grc' dir='ltr'>τῶν</span> <span class='ocrx_word' id='word_1_329' title='bbox 1362 2301 1575 2378; x_wconf 83' lang='grc' dir='ltr'>ἀπολειπομένων</span> <span class='ocrx_word' id='word_1_330' title='bbox 1589 2304 1636 2361; x_wconf 85' lang='grc' dir='ltr'>σύν</span> <span class='ocrx_word' id='word_1_331' title='bbox 1651 2308 1699 2382; x_wconf 78' lang='grc' dir='ltr'>βοῇ</span> 
     </span>
     <span class='ocr_line' id='line_1_24' title="bbox 115 2389 1698 2471; baseline -0.003 -21"><span class='ocrx_word' id='word_1_332' title='bbox 115 2398 184 2450; x_wconf 76' lang='grc' dir='ltr'>ποιεῖν</span> <span class='ocrx_word' id='word_1_333' title='bbox 197 2391 488 2471; x_wconf 84' lang='grc' dir='ltr'>παρακελευσαμένων,</span> <span class='ocrx_word' id='word_1_334' title='bbox 503 2395 538 2457; x_wconf 82' lang='grc' dir='ltr'>ὡς</span> <span class='ocrx_word' id='word_1_335' title='bbox 557 2397 603 2450; x_wconf 85' lang='grc' dir='ltr'>τοῦ</span> <span class='ocrx_word' id='word_1_336' title='bbox 619 2391 729 2461; x_wconf 79' lang='grc' dir='ltr'>’λττήλα</span> <span class='ocrx_word' id='word_1_337' title='bbox 744 2396 769 2458; x_wconf 80' lang='grc' dir='ltr'>ἐς</span> <span class='ocrx_word' id='word_1_338' title='bbox 786 2392 879 2468; x_wconf 90' lang='grc' dir='ltr'>κώμην</span> <span class='ocrx_word' id='word_1_339' title='bbox 924 2389 971 2461; x_wconf 74' lang='grc' dir='ltr'>τὴν</span> <span class='ocrx_word' id='word_1_340' title='bbox 984 2391 1089 2462; x_wconf 79' lang='grc' dir='ltr'>ζήτησιν</span> <span class='ocrx_word' id='word_1_341' title='bbox 1104 2390 1270 2468; x_wconf 81' lang='grc' dir='ltr'>ἐποιούμεθα.</span> <span class='ocrx_word' id='word_1_342' title='bbox 1289 2391 1505 2462; x_wconf 76' lang='grc' dir='ltr'>Ἐκπηδήσαντες</span> <span class='ocrx_word' id='word_1_343' title='bbox 1519 2389 1545 2447; x_wconf 85' lang='grc' dir='ltr'>δὲ</span> <span class='ocrx_word' id='word_1_344' title='bbox 1560 2393 1583 2448; x_wconf 84' lang='grc' dir='ltr'>οῖ</span> <span class='ocrx_word' id='word_1_345' title='bbox 1598 2390 1698 2450; x_wconf 85' lang='grc' dir='ltr'>Σκύθαι</span> 
     </span>
     <span class='ocr_line' id='line_1_25' title="bbox 115 2469 1699 2558; baseline -0.001 -22"><span class='ocrx_word' id='word_1_346' title='bbox 115 2483 161 2536; x_wconf 78' lang='lat' dir='ltr'>rai</span> <span class='ocrx_word' id='word_1_347' title='bbox 171 2481 369 2558; x_wconf 75' lang='grc' dir='ltr'>παρεσομίνω,</span> <span class='ocrx_word' id='word_1_348' title='bbox 380 2481 407 2536; x_wconf 84' lang='grc' dir='ltr'>έν</span> <span class='ocrx_word' id='word_1_349' title='bbox 418 2471 437 2557; x_wconf 73' lang='grc' dir='ltr'>ἦ</span> <span class='ocrx_word' id='word_1_350' title='bbox 449 2480 541 2557; x_wconf 88' lang='grc' dir='ltr'>γαμεῖν</span> <span class='ocrx_word' id='word_1_351' title='bbox 551 2479 678 2557; x_wconf 82' lang='grc' dir='ltr'>θυγατέρα</span> <span class='ocrx_word' id='word_1_352' title='bbox 689 2479 794 2556; x_wconf 81' lang='grc' dir='ltr'>Ἐσκάμ</span> <span class='ocrx_word' id='word_1_353' title='bbox 805 2478 879 2538; x_wconf 74' lang='lat' dir='ltr'>idot-</span> <span class='ocrx_word' id='word_1_354' title='bbox 925 2477 967 2534; x_wconf 85' lang='grc' dir='ltr'>δεδι</span> <span class='ocrx_word' id='word_1_355' title='bbox 981 2477 1024 2536; x_wconf 86' lang='grc' dir='ltr'>τὸν</span> <span class='ocrx_word' id='word_1_356' title='bbox 1039 2477 1161 2556; x_wconf 82' lang='grc' dir='ltr'>θύρυύον,</span> <span class='ocrx_word' id='word_1_357' title='bbox 1177 2479 1234 2544; x_wconf 86' lang='grc' dir='ltr'>τούς</span> <span class='ocrx_word' id='word_1_358' title='bbox 1248 2478 1381 2554; x_wconf 85' lang='grc' dir='ltr'>καλάμους</span> <span class='ocrx_word' id='word_1_359' title='bbox 1395 2469 1431 2543; x_wconf 80' lang='grc' dir='ltr'>οἷς</span> <span class='ocrx_word' id='word_1_360' title='bbox 1447 2477 1510 2557; x_wconf 84' lang='grc' dir='ltr'>πρὸς</span> <span class='ocrx_word' id='word_1_361' title='bbox 1524 2481 1560 2556; x_wconf 80' lang='grc' dir='ltr'>τῷ</span> <span class='ocrx_word' id='word_1_362' title='bbox 1577 2477 1638 2555; x_wconf 82' lang='grc' dir='ltr'>πυρὶ</span> <span class='ocrx_word' id='word_1_363' title='bbox 1655 2477 1699 2534; x_wconf 82' lang='grc' dir='ltr'>κε’·</span> 
     </span>
     <span class='ocr_line' id='line_1_26' title="bbox 113 2562 1701 2645; baseline -0.001 -22"><span class='ocrx_word' id='word_1_364' title='bbox 113 2569 175 2638; x_wconf 73' lang='lat' dir='ltr'>lare,</span> <span class='ocrx_word' id='word_1_365' title='bbox 193 2568 320 2632; x_wconf 84' lang='grc' dir='ltr'>πλείστας</span> <span class='ocrx_word' id='word_1_366' title='bbox 334 2565 383 2643; x_wconf 78' lang='grc' dir='ltr'>μέν</span> <span class='ocrx_word' id='word_1_367' title='bbox 405 2565 472 2644; x_wconf 84' lang='grc' dir='ltr'>ἔχων</span> <span class='ocrx_word' id='word_1_368' title='bbox 494 2564 623 2642; x_wconf 81' lang='grc' dir='ltr'>γαμετάς,</span> <span class='ocrx_word' id='word_1_369' title='bbox 640 2565 764 2642; x_wconf 87' lang='grc' dir='ltr'>ἀγόμενος</span> <span class='ocrx_word' id='word_1_370' title='bbox 785 2565 812 2624; x_wconf 81' lang='grc' dir='ltr'>δέ</span> <span class='ocrx_word' id='word_1_371' title='bbox 834 2567 880 2644; x_wconf 78' lang='grc' dir='ltr'>καί</span> <span class='ocrx_word' id='word_1_372' title='bbox 928 2587 1040 2642; x_wconf 84' lang='grc' dir='ltr'>χρηνται</span> <span class='ocrx_word' id='word_1_373' title='bbox 1062 2565 1196 2643; x_wconf 76' lang='grc' dir='ltr'>ἀνέκαιον,</span> <span class='ocrx_word' id='word_1_374' title='bbox 1221 2569 1274 2645; x_wconf 88' lang='grc' dir='ltr'>φῶς</span> <span class='ocrx_word' id='word_1_375' title='bbox 1294 2564 1476 2643; x_wconf 78' lang='grc' dir='ltr'>ἐργαζόμεναι,</span> <span class='ocrx_word' id='word_1_376' title='bbox 1497 2564 1551 2637; x_wconf 44' lang='grc' dir='ltr'>καί,</span> <span class='ocrx_word' id='word_1_377' title='bbox 1563 2562 1701 2643; x_wconf 89' lang='grc' dir='ltr'>ἀνηρώτων</span> 
     </span>
     <span class='ocr_line' id='line_1_27' title="bbox 113 2649 1702 2731; baseline -0.002 -21"><span class='ocrx_word' id='word_1_378' title='bbox 113 2655 199 2724; x_wconf 82' lang='grc' dir='ltr'>ταύτην</span> <span class='ocrx_word' id='word_1_379' title='bbox 215 2653 286 2712; x_wconf 84' lang='grc' dir='ltr'>κατά</span> <span class='ocrx_word' id='word_1_380' title='bbox 300 2651 380 2728; x_wconf 85' lang='grc' dir='ltr'>νόμον</span> <span class='ocrx_word' id='word_1_381' title='bbox 401 2651 444 2710; x_wconf 78' lang='grc' dir='ltr'>τὸν</span> <span class='ocrx_word' id='word_1_382' title='bbox 460 2653 596 2711; x_wconf 87' lang='grc' dir='ltr'>Σκυθικόν.</span> <span class='ocrx_word' id='word_1_383' title='bbox 616 2651 733 2711; x_wconf 84' lang='grc' dir='ltr'>Ἐνθένδε</span> <span class='ocrx_word' id='word_1_384' title='bbox 755 2653 879 2730; x_wconf 86' lang='grc' dir='ltr'>έπορευό-</span> <span class='ocrx_word' id='word_1_385' title='bbox 927 2650 976 2709; x_wconf 85' lang='grc' dir='ltr'>ότι</span> <span class='ocrx_word' id='word_1_386' title='bbox 990 2651 1141 2729; x_wconf 89' lang='grc' dir='ltr'>βουλόμενοι</span> <span class='ocrx_word' id='word_1_387' title='bbox 1156 2653 1330 2731; x_wconf 87' lang='grc' dir='ltr'>κεκράγαμεν.</span> <span class='ocrx_word' id='word_1_388' title='bbox 1346 2655 1406 2711; x_wconf 81' lang='grc' dir='ltr'>Τῶν</span> <span class='ocrx_word' id='word_1_389' title='bbox 1420 2651 1446 2709; x_wconf 83' lang='grc' dir='ltr'>δέ</span> <span class='ocrx_word' id='word_1_390' title='bbox 1461 2649 1507 2708; x_wconf 80' lang='grc' dir='ltr'>σύν</span> <span class='ocrx_word' id='word_1_391' title='bbox 1523 2651 1586 2726; x_wconf 81' lang='grc' dir='ltr'>ἡμῖν</span> <span class='ocrx_word' id='word_1_392' title='bbox 1602 2651 1702 2731; x_wconf 69' lang='lat' dir='ltr'>papet-</span> 
     </span>
     <span class='ocr_line' id='line_1_28' title="bbox 108 2735 1701 2820; baseline 0.001 -24"><span class='ocrx_word' id='word_1_393' title='bbox 108 2746 168 2812; x_wconf 79' lang='grc' dir='ltr'>μεθα</span> <span class='ocrx_word' id='word_1_394' title='bbox 181 2741 239 2798; x_wconf 66' lang='lat' dir='ltr'>tiis</span> <span class='ocrx_word' id='word_1_395' title='bbox 253 2740 373 2814; x_wconf 72' lang='grc' dir='ltr'>ὁμαλὴν,</span> <span class='ocrx_word' id='word_1_396' title='bbox 388 2739 415 2796; x_wconf 76' lang='grc' dir='ltr'>ἐν</span> <span class='ocrx_word' id='word_1_397' title='bbox 429 2739 510 2816; x_wconf 83' lang='grc' dir='ltr'>πεδίῳ</span> <span class='ocrx_word' id='word_1_398' title='bbox 524 2735 662 2810; x_wconf 81' lang='grc' dir='ltr'>κειυένην,</span> <span class='ocrx_word' id='word_1_399' title='bbox 674 2738 839 2816; x_wconf 88' lang='grc' dir='ltr'>ναυσιπόροις</span> <span class='ocrx_word' id='word_1_400' title='bbox 850 2762 879 2796; x_wconf 93' lang='grc' dir='ltr'>τε</span> <span class='ocrx_word' id='word_1_401' title='bbox 929 2762 979 2820; x_wconf 86' lang='grc' dir='ltr'>ρων</span> <span class='ocrx_word' id='word_1_402' title='bbox 995 2740 1222 2819; x_wconf 86' lang='grc' dir='ltr'>ἀποκριναμένων,</span> <span class='ocrx_word' id='word_1_403' title='bbox 1236 2743 1271 2806; x_wconf 85' lang='grc' dir='ltr'>ύις</span> <span class='ocrx_word' id='word_1_404' title='bbox 1282 2739 1325 2798; x_wconf 83' lang='grc' dir='ltr'>διδ</span> <span class='ocrx_word' id='word_1_405' title='bbox 1342 2739 1384 2798; x_wconf 81' lang='grc' dir='ltr'>τὸν</span> <span class='ocrx_word' id='word_1_406' title='bbox 1397 2743 1515 2818; x_wconf 81' lang='grc' dir='ltr'>χειμῶνα</span> <span class='ocrx_word' id='word_1_407' title='bbox 1529 2739 1701 2816; x_wconf 85' lang='grc' dir='ltr'>διαταραττό-</span> 
     </span>
    </p>
   </div>
   <div class='ocr_carea' id='block_1_3' title="bbox 107 2817 1704 2993">
    <p class='ocr_par' dir='ltr' id='par_1_4' title="bbox 107 2817 1704 2993">
     <span class='ocr_line' id='line_1_29' title="bbox 108 2817 1703 2906; baseline 0.001 -24"><span class='ocrx_word' id='word_1_408' title='bbox 108 2827 300 2902; x_wconf 78' lang='grc' dir='ltr'>τροτεῦάλαμεν</span> <span class='ocrx_word' id='word_1_409' title='bbox 322 2833 467 2900; x_wconf 86' lang='grc' dir='ltr'>ποταμοῖς,</span> <span class='ocrx_word' id='word_1_410' title='bbox 496 2817 532 2884; x_wconf 81' lang='grc' dir='ltr'>ῶν</span> <span class='ocrx_word' id='word_1_411' title='bbox 557 2827 581 2883; x_wconf 86' lang='grc' dir='ltr'>οἱ</span> <span class='ocrx_word' id='word_1_412' title='bbox 604 2823 720 2901; x_wconf 77' lang='grc' dir='ltr'>μέγιστοι</span> <span class='ocrx_word' id='word_1_413' title='bbox 744 2825 811 2902; x_wconf 83' lang='grc' dir='ltr'>μετά</span> <span class='ocrx_word' id='word_1_414' title='bbox 832 2824 874 2883; x_wconf 82' lang='grc' dir='ltr'>τόν</span> <span class='ocrx_word' id='word_1_415' title='bbox 927 2831 1009 2900; x_wconf 90' lang='grc' dir='ltr'>μεθα,</span> <span class='ocrx_word' id='word_1_416' title='bbox 1022 2825 1085 2905; x_wconf 79' lang='grc' dir='ltr'>πρὸς</span> <span class='ocrx_word' id='word_1_417' title='bbox 1098 2836 1162 2906; x_wconf 75' lang='grc' dir='ltr'>σφᾶς</span> <span class='ocrx_word' id='word_1_418' title='bbox 1175 2850 1203 2884; x_wconf 90' lang='grc' dir='ltr'>τε</span> <span class='ocrx_word' id='word_1_419' title='bbox 1216 2826 1307 2894; x_wconf 83' lang='grc' dir='ltr'>αὐτούς</span> <span class='ocrx_word' id='word_1_420' title='bbox 1320 2829 1459 2892; x_wconf 87' lang='grc' dir='ltr'>καλοῦντες</span> <span class='ocrx_word' id='word_1_421' title='bbox 1472 2824 1643 2904; x_wconf 77' lang='grc' dir='ltr'>ὑπεδέχοντο,</span> <span class='ocrx_word' id='word_1_422' title='bbox 1658 2828 1703 2884; x_wconf 81' lang='grc' dir='ltr'>καὶ</span> 
     </span>
     <span class='ocr_line' id='line_1_30' title="bbox 107 2911 1704 2993; baseline -0.001 -21"><span class='ocrx_word' id='word_1_423' title='bbox 107 2915 200 2992; x_wconf 70' lang='lat' dir='ltr'>&#39;torpor</span> <span class='ocrx_word' id='word_1_424' title='bbox 215 2913 232 2970; x_wconf 78' lang='grc' dir='ltr'>ἀ</span> <span class='ocrx_word' id='word_1_425' title='bbox 244 2937 272 2972; x_wconf 87' lang='grc' dir='ltr'>τε</span> <span class='ocrx_word' id='word_1_426' title='bbox 287 2911 400 2992; x_wconf 67' lang='grc' dir='ltr'>Δράκων</span> <span class='ocrx_word' id='word_1_427' title='bbox 413 2912 549 2988; x_wconf 87' lang='grc' dir='ltr'>λεγόμενος</span> <span class='ocrx_word' id='word_1_428' title='bbox 559 2911 605 2970; x_wconf 87' lang='grc' dir='ltr'>καί</span> <span class='ocrx_word' id='word_1_429' title='bbox 618 2916 631 2971; x_wconf 85' lang='grc' dir='ltr'>θ</span> <span class='ocrx_word' id='word_1_430' title='bbox 643 2911 726 2990; x_wconf 78' lang='grc' dir='ltr'>Τίγας</span> <span class='ocrx_word' id='word_1_431' title='bbox 740 2911 785 2970; x_wconf 82' lang='grc' dir='ltr'>καλ</span> <span class='ocrx_word' id='word_1_432' title='bbox 802 2915 879 2973; x_wconf 81' lang='grc' dir='ltr'>ὁΤι·</span> <span class='ocrx_word' id='word_1_433' title='bbox 926 2913 1006 2971; x_wconf 72' lang='lat' dir='ltr'>distr</span> <span class='ocrx_word' id='word_1_434' title='bbox 1019 2923 1145 2993; x_wconf 77' lang='grc' dir='ltr'>παρεῖχον</span> <span class='ocrx_word' id='word_1_435' title='bbox 1157 2913 1290 2991; x_wconf 86' lang='grc' dir='ltr'>καλάμους</span> <span class='ocrx_word' id='word_1_436' title='bbox 1300 2914 1434 2980; x_wconf 89' lang='grc' dir='ltr'>πλείστους</span> <span class='ocrx_word' id='word_1_437' title='bbox 1447 2911 1589 2978; x_wconf 76' lang='grc' dir='ltr'>ἐναύοντας,</span> <span class='ocrx_word' id='word_1_438' title='bbox 1603 2915 1659 2983; x_wconf 83' lang='grc' dir='ltr'>Τῆς</span> <span class='ocrx_word' id='word_1_439' title='bbox 1677 2913 1704 2970; x_wconf 85' lang='grc' dir='ltr'>δὲ</span> 
     </span>
    </p>
   </div>
   <div class='ocr_carea' id='block_1_4' title="bbox 105 3101 1712 5227">
    <p class='ocr_par' dir='ltr' id='par_1_5' title="bbox 105 3101 1712 4468">
     <span class='ocr_line' id='line_1_31' title="bbox 105 3101 1704 3167; baseline -0.001 -16"><span class='ocrx_word' id='word_1_440' title='bbox 105 3117 158 3152; x_wconf 81' lang='lat' dir='ltr'>mas</span> <span class='ocrx_word' id='word_1_441' title='bbox 165 3105 272 3167; x_wconf 74' lang='lat' dir='ltr'>accipere</span> <span class='ocrx_word' id='word_1_442' title='bbox 288 3103 414 3154; x_wconf 74' lang='lat' dir='ltr'><strong>debuerat.</strong></span> <span class='ocrx_word' id='word_1_443' title='bbox 428 3103 480 3166; x_wconf 89' lang='lat' dir='ltr'>llle,</span> <span class='ocrx_word' id='word_1_444' title='bbox 498 3105 614 3164; x_wconf 84' lang='lat' dir='ltr'>tanquam</span> <span class='ocrx_word' id='word_1_445' title='bbox 630 3103 780 3164; x_wconf 85' lang='lat' dir='ltr'>contemptus</span> <span class='ocrx_word' id='word_1_446' title='bbox 791 3105 816 3152; x_wconf 90' lang='lat' dir='ltr'>et</span> <span class='ocrx_word' id='word_1_447' title='bbox 836 3102 881 3152; x_wconf 91' lang='lat' dir='ltr'>sibi</span> <span class='ocrx_word' id='word_1_448' title='bbox 928 3101 1015 3154; x_wconf 88' lang='lat' dir='ltr'>dimus.</span> <span class='ocrx_word' id='word_1_449' title='bbox 1030 3106 1139 3162; x_wconf 89' lang='lat' dir='ltr'>Quorum</span> <span class='ocrx_word' id='word_1_450' title='bbox 1151 3109 1205 3166; x_wconf 86' lang='lat' dir='ltr'>post</span> <span class='ocrx_word' id='word_1_451' title='bbox 1225 3108 1311 3157; x_wconf 92' lang='lat' dir='ltr'>lstrum</span> <span class='ocrx_word' id='word_1_452' title='bbox 1323 3103 1421 3152; x_wconf 80' lang='lat' dir='ltr'>maximi</span> <span class='ocrx_word' id='word_1_453' title='bbox 1432 3108 1489 3152; x_wconf 88' lang='lat' dir='ltr'>sunt</span> <span class='ocrx_word' id='word_1_454' title='bbox 1502 3106 1594 3152; x_wconf 83' lang='lat' dir='ltr'>brecou</span> <span class='ocrx_word' id='word_1_455' title='bbox 1613 3102 1704 3162; x_wconf 82' lang='lat' dir='ltr'>(lictus,</span> 
     </span>
     <span class='ocr_line' id='line_1_32' title="bbox 105 3179 1706 3242; baseline -0.001 -14"><span class='ocrx_word' id='word_1_456' title='bbox 105 3181 188 3230; x_wconf 78' lang='lat' dir='ltr'>debitis</span> <span class='ocrx_word' id='word_1_457' title='bbox 206 3180 311 3242; x_wconf 60' lang='lat' dir='ltr'>proriis</span> <span class='ocrx_word' id='word_1_458' title='bbox 330 3180 472 3237; x_wconf 75' lang='lat' dir='ltr'>frustratus,</span> <span class='ocrx_word' id='word_1_459' title='bbox 491 3179 589 3229; x_wconf 78' lang='lat' dir='ltr'>Attilam</span> <span class='ocrx_word' id='word_1_460' title='bbox 610 3181 692 3228; x_wconf 86' lang='lat' dir='ltr'>contra</span> <span class='ocrx_word' id='word_1_461' title='bbox 705 3183 797 3228; x_wconf 86' lang='lat' dir='ltr'>ceteros</span> <span class='ocrx_word' id='word_1_462' title='bbox 816 3191 882 3240; x_wconf 77' lang='lat' dir='ltr'>reges</span> <span class='ocrx_word' id='word_1_463' title='bbox 927 3181 1031 3242; x_wconf 84' lang='lat' dir='ltr'>etTigas</span> <span class='ocrx_word' id='word_1_464' title='bbox 1046 3182 1071 3230; x_wconf 86' lang='lat' dir='ltr'>et</span> <span class='ocrx_word' id='word_1_465' title='bbox 1092 3182 1213 3242; x_wconf 83' lang='lat' dir='ltr'>Tiplresas.</span> <span class='ocrx_word' id='word_1_466' title='bbox 1229 3185 1258 3232; x_wconf 85' lang='lat' dir='ltr'>Et</span> <span class='ocrx_word' id='word_1_467' title='bbox 1269 3183 1313 3231; x_wconf 86' lang='lat' dir='ltr'>bos</span> <span class='ocrx_word' id='word_1_468' title='bbox 1324 3180 1421 3242; x_wconf 90' lang='lat' dir='ltr'>quidem</span> <span class='ocrx_word' id='word_1_469' title='bbox 1436 3179 1551 3228; x_wconf 78' lang='lat' dir='ltr'>naviculis</span> <span class='ocrx_word' id='word_1_470' title='bbox 1562 3179 1633 3227; x_wconf 89' lang='lat' dir='ltr'>unico</span> <span class='ocrx_word' id='word_1_471' title='bbox 1643 3180 1706 3239; x_wconf 85' lang='lat' dir='ltr'>ligno</span> 
     </span>
     <span class='ocr_line' id='line_1_33' title="bbox 107 3255 1706 3320; baseline 0.001 -18"><span class='ocrx_word' id='word_1_472' title='bbox 107 3257 192 3304; x_wconf 70' lang='lat' dir='ltr'>nordio</span> <span class='ocrx_word' id='word_1_473' title='bbox 203 3258 341 3305; x_wconf 77' lang='lat' dir='ltr'>reuerent,</span> <span class='ocrx_word' id='word_1_474' title='bbox 354 3255 438 3304; x_wconf 84' lang='lat' dir='ltr'>lsuitiil</span> <span class='ocrx_word' id='word_1_475' title='bbox 447 3259 582 3316; x_wconf 87' lang='lat' dir='ltr'>cunctatus,</span> <span class='ocrx_word' id='word_1_476' title='bbox 593 3255 881 3317; x_wconf 81' lang='lat' dir='ltr'>magncenercituemisso</span> <span class='ocrx_word' id='word_1_477' title='bbox 926 3257 1053 3317; x_wconf 85' lang='lat' dir='ltr'>conlectis,</span> <span class='ocrx_word' id='word_1_478' title='bbox 1066 3270 1126 3319; x_wconf 84' lang='lat' dir='ltr'>qrras</span> <span class='ocrx_word' id='word_1_479' title='bbox 1146 3259 1170 3306; x_wconf 93' lang='lat' dir='ltr'>in</span> <span class='ocrx_word' id='word_1_480' title='bbox 1182 3258 1320 3320; x_wconf 77' lang='lat' dir='ltr'>quotidiano</span> <span class='ocrx_word' id='word_1_481' title='bbox 1333 3271 1377 3306; x_wconf 89' lang='lat' dir='ltr'>usu</span> <span class='ocrx_word' id='word_1_482' title='bbox 1399 3256 1487 3306; x_wconf 82' lang='lat' dir='ltr'>liabent</span> <span class='ocrx_word' id='word_1_483' title='bbox 1500 3255 1540 3317; x_wconf 82' lang='lat' dir='ltr'>qui</span> <span class='ocrx_word' id='word_1_484' title='bbox 1557 3255 1587 3304; x_wconf 91' lang='lat' dir='ltr'>ad</span> <span class='ocrx_word' id='word_1_485' title='bbox 1608 3255 1706 3303; x_wconf 83' lang='lat' dir='ltr'>llrrnrina</span> 
     </span>
     <span class='ocr_line' id='line_1_34' title="bbox 108 3331 1705 3396; baseline 0 -16"><span class='ocrx_word' id='word_1_486' title='bbox 108 3345 189 3380; x_wconf 84' lang='lat' dir='ltr'>eornm</span> <span class='ocrx_word' id='word_1_487' title='bbox 196 3334 254 3382; x_wconf 81' lang='lat' dir='ltr'>elios</span> <span class='ocrx_word' id='word_1_488' title='bbox 263 3331 375 3392; x_wconf 82' lang='lat' dir='ltr'>sustulit,</span> <span class='ocrx_word' id='word_1_489' title='bbox 386 3332 445 3380; x_wconf 82' lang='lat' dir='ltr'>alios</span> <span class='ocrx_word' id='word_1_490' title='bbox 459 3332 489 3380; x_wconf 88' lang='lat' dir='ltr'>ad</span> <span class='ocrx_word' id='word_1_491' title='bbox 499 3331 642 3382; x_wconf 87' lang='lat' dir='ltr'>deditionem</span> <span class='ocrx_word' id='word_1_492' title='bbox 656 3332 779 3393; x_wconf 78' lang='lat' dir='ltr'><strong>compulit.</strong></span> <span class='ocrx_word' id='word_1_493' title='bbox 793 3333 882 3382; x_wconf 85' lang='lat' dir='ltr'>Deinde</span> <span class='ocrx_word' id='word_1_494' title='bbox 926 3333 1047 3390; x_wconf 86' lang='lat' dir='ltr'>habitant,</span> <span class='ocrx_word' id='word_1_495' title='bbox 1058 3332 1161 3395; x_wconf 84' lang='lat' dir='ltr'>reliquos</span> <span class='ocrx_word' id='word_1_496' title='bbox 1169 3335 1266 3392; x_wconf 89' lang='lat' dir='ltr'>ratibus,</span> <span class='ocrx_word' id='word_1_497' title='bbox 1276 3347 1337 3396; x_wconf 82' lang='lat' dir='ltr'>quos</span> <span class='ocrx_word' id='word_1_498' title='bbox 1345 3333 1439 3382; x_wconf 85' lang='lat' dir='ltr'>barbari</span> <span class='ocrx_word' id='word_1_499' title='bbox 1449 3332 1560 3381; x_wconf 87' lang='lat' dir='ltr'>curribus</span> <span class='ocrx_word' id='word_1_500' title='bbox 1570 3333 1705 3394; x_wconf 90' lang='lat' dir='ltr'>imponunt,</span> 
     </span>
     <span class='ocr_line' id='line_1_35' title="bbox 110 3407 1712 3472; baseline 0 -16"><span class='ocrx_word' id='word_1_501' title='bbox 110 3409 266 3458; x_wconf 64' lang='lat' dir='ltr'>corbanum</span> <span class='ocrx_word' id='word_1_502' title='bbox 278 3407 310 3456; x_wconf 80' lang='lat' dir='ltr'>ad</span> <span class='ocrx_word' id='word_1_503' title='bbox 319 3421 344 3458; x_wconf 79' lang='lat' dir='ltr'>se</span> <span class='ocrx_word' id='word_1_504' title='bbox 356 3412 434 3469; x_wconf 80' lang='lat' dir='ltr'>vorat,</span> <span class='ocrx_word' id='word_1_505' title='bbox 449 3411 562 3471; x_wconf 84' lang='lat' dir='ltr'>tauquam</span> <span class='ocrx_word' id='word_1_506' title='bbox 575 3407 608 3457; x_wconf 91' lang='lat' dir='ltr'>illi</span> <span class='ocrx_word' id='word_1_507' title='bbox 618 3421 672 3471; x_wconf 80' lang='lat' dir='ltr'>qum</span> <span class='ocrx_word' id='word_1_508' title='bbox 681 3408 882 3457; x_wconf 77' lang='lat' dir='ltr'>exvietoriaron·</span> <span class='ocrx_word' id='word_1_509' title='bbox 927 3412 951 3458; x_wconf 88' lang='lat' dir='ltr'>et</span> <span class='ocrx_word' id='word_1_510' title='bbox 964 3421 1006 3470; x_wconf 83' lang='lat' dir='ltr'>per</span> <span class='ocrx_word' id='word_1_511' title='bbox 1020 3409 1072 3458; x_wconf 84' lang='lat' dir='ltr'>lora</span> <span class='ocrx_word' id='word_1_512' title='bbox 1091 3411 1248 3472; x_wconf 80' lang='lat' dir='ltr'>restagnantia</span> <span class='ocrx_word' id='word_1_513' title='bbox 1265 3411 1408 3472; x_wconf 70' lang='lat' dir='ltr'><strong>important,</strong></span> <span class='ocrx_word' id='word_1_514' title='bbox 1429 3409 1572 3470; x_wconf 85' lang='lat' dir='ltr'>trajecimus.</span> <span class='ocrx_word' id='word_1_515' title='bbox 1586 3411 1712 3468; x_wconf 38' lang='lat' dir='ltr'>congere-⁷</span> 
     </span>
     <span class='ocr_line' id='line_1_36' title="bbox 113 3484 1707 3549; baseline 0.001 -18"><span class='ocrx_word' id='word_1_516' title='bbox 113 3489 201 3534; x_wconf 70' lang='lat' dir='ltr'>saraim</span> <span class='ocrx_word' id='word_1_517' title='bbox 219 3485 310 3546; x_wconf 84' lang='lat' dir='ltr'>iuerat,</span> <span class='ocrx_word' id='word_1_518' title='bbox 328 3487 499 3549; x_wconf 74' lang='lat' dir='ltr'>impertiturus.</span> <span class='ocrx_word' id='word_1_519' title='bbox 531 3487 577 3536; x_wconf 83' lang='lat' dir='ltr'>Sed</span> <span class='ocrx_word' id='word_1_520' title='bbox 588 3487 640 3546; x_wconf 85' lang='lat' dir='ltr'>iste,</span> <span class='ocrx_word' id='word_1_521' title='bbox 655 3487 737 3536; x_wconf 89' lang='lat' dir='ltr'>dotum</span> <span class='ocrx_word' id='word_1_522' title='bbox 751 3489 775 3536; x_wconf 91' lang='lat' dir='ltr'>et</span> <span class='ocrx_word' id='word_1_523' title='bbox 789 3487 883 3537; x_wconf 77' lang='lat' dir='ltr'>insidias</span> <span class='ocrx_word' id='word_1_524' title='bbox 927 3485 1015 3534; x_wconf 80' lang='lat' dir='ltr'>bantur</span> <span class='ocrx_word' id='word_1_525' title='bbox 1026 3498 1084 3534; x_wconf 82' lang='lat' dir='ltr'>vero</span> <span class='ocrx_word' id='word_1_526' title='bbox 1100 3486 1170 3535; x_wconf 88' lang='lat' dir='ltr'>nobis</span> <span class='ocrx_word' id='word_1_527' title='bbox 1181 3500 1211 3536; x_wconf 84' lang='grc' dir='ltr'>εκ</span> <span class='ocrx_word' id='word_1_528' title='bbox 1223 3487 1281 3535; x_wconf 83' lang='lat' dir='ltr'>vicis</span> <span class='ocrx_word' id='word_1_529' title='bbox 1295 3489 1459 3545; x_wconf 83' lang='lat' dir='ltr'>coirnmoatus,</span> <span class='ocrx_word' id='word_1_530' title='bbox 1476 3497 1518 3547; x_wconf 91' lang='lat' dir='ltr'>pro</span> <span class='ocrx_word' id='word_1_531' title='bbox 1531 3485 1649 3533; x_wconf 88' lang='lat' dir='ltr'>irurneuto</span> <span class='ocrx_word' id='word_1_532' title='bbox 1662 3484 1707 3532; x_wconf 92' lang='lat' dir='ltr'>mi·</span> 
     </span>
     <span class='ocr_line' id='line_1_37' title="bbox 114 3561 1705 3625; baseline 0.001 -19"><span class='ocrx_word' id='word_1_533' title='bbox 114 3563 252 3623; x_wconf 58' lang='lat' dir='ltr'>ruphine,</span> <span class='ocrx_word' id='word_1_534' title='bbox 265 3563 363 3612; x_wconf 87' lang='lat' dir='ltr'>dillicile</span> <span class='ocrx_word' id='word_1_535' title='bbox 376 3565 482 3624; x_wconf 71' lang='lat' dir='ltr'>eierare</span> <span class='ocrx_word' id='word_1_536' title='bbox 496 3575 545 3612; x_wconf 72' lang='lat' dir='ltr'>csse</span> <span class='ocrx_word' id='word_1_537' title='bbox 558 3563 648 3612; x_wconf 88' lang='lat' dir='ltr'>bomini</span> <span class='ocrx_word' id='word_1_538' title='bbox 663 3563 795 3625; x_wconf 75' lang='lat' dir='ltr'>respondit,</span> <span class='ocrx_word' id='word_1_539' title='bbox 809 3565 881 3614; x_wconf 88' lang='lat' dir='ltr'>iudei</span> <span class='ocrx_word' id='word_1_540' title='bbox 927 3561 1000 3622; x_wconf 91' lang='lat' dir='ltr'>lium,</span> <span class='ocrx_word' id='word_1_541' title='bbox 1016 3575 1059 3624; x_wconf 93' lang='lat' dir='ltr'>pro</span> <span class='ocrx_word' id='word_1_542' title='bbox 1076 3562 1130 3610; x_wconf 80' lang='lat' dir='ltr'>vino</span> <span class='ocrx_word' id='word_1_543' title='bbox 1144 3563 1241 3625; x_wconf 87' lang='lat' dir='ltr'>ruedns;</span> <span class='ocrx_word' id='word_1_544' title='bbox 1254 3563 1288 3612; x_wconf 86' lang='lat' dir='ltr'>sic</span> <span class='ocrx_word' id='word_1_545' title='bbox 1306 3563 1369 3611; x_wconf 85' lang='lat' dir='ltr'>enim</span> <span class='ocrx_word' id='word_1_546' title='bbox 1388 3563 1496 3611; x_wconf 89' lang='lat' dir='ltr'>locorum</span> <span class='ocrx_word' id='word_1_547' title='bbox 1515 3562 1600 3610; x_wconf 77' lang='lat' dir='ltr'>incolae</span> <span class='ocrx_word' id='word_1_548' title='bbox 1611 3563 1705 3609; x_wconf 81' lang='lat' dir='ltr'>vocant.</span> 
     </span>
     <span class='ocr_line' id='line_1_38' title="bbox 115 3637 1709 3701; baseline 0.002 -19"><span class='ocrx_word' id='word_1_549' title='bbox 115 3642 260 3698; x_wconf 77' lang='lat' dir='ltr'>conspectum</span> <span class='ocrx_word' id='word_1_550' title='bbox 272 3639 362 3687; x_wconf 72' lang='lat' dir='ltr'>sarrire.</span> <span class='ocrx_word' id='word_1_551' title='bbox 376 3639 400 3686; x_wconf 83' lang='lat' dir='ltr'>Si</span> <span class='ocrx_word' id='word_1_552' title='bbox 411 3639 475 3688; x_wconf 85' lang='lat' dir='ltr'>euim</span> <span class='ocrx_word' id='word_1_553' title='bbox 485 3639 588 3689; x_wconf 87' lang='lat' dir='ltr'>immotis</span> <span class='ocrx_word' id='word_1_554' title='bbox 598 3640 675 3689; x_wconf 81' lang='lat' dir='ltr'>oculis</span> <span class='ocrx_word' id='word_1_555' title='bbox 687 3641 742 3689; x_wconf 87' lang='lat' dir='ltr'>solis</span> <span class='ocrx_word' id='word_1_556' title='bbox 752 3641 834 3690; x_wconf 85' lang='lat' dir='ltr'>orbem</span> <span class='ocrx_word' id='word_1_557' title='bbox 845 3641 882 3690; x_wconf 92' lang='lat' dir='ltr'>in·</span> <span class='ocrx_word' id='word_1_558' title='bbox 929 3638 996 3688; x_wconf 85' lang='lat' dir='ltr'>servi</span> <span class='ocrx_word' id='word_1_559' title='bbox 1004 3652 1115 3701; x_wconf 85' lang='lat' dir='ltr'>quoque,</span> <span class='ocrx_word' id='word_1_560' title='bbox 1125 3640 1166 3701; x_wconf 88' lang='lat' dir='ltr'>qui</span> <span class='ocrx_word' id='word_1_561' title='bbox 1177 3651 1220 3688; x_wconf 86' lang='lat' dir='ltr'>nos</span> <span class='ocrx_word' id='word_1_562' title='bbox 1230 3638 1415 3699; x_wconf 75' lang='lat' dir='ltr'>comitabantur,</span> <span class='ocrx_word' id='word_1_563' title='bbox 1425 3639 1519 3687; x_wconf 90' lang='lat' dir='ltr'>mitium</span> <span class='ocrx_word' id='word_1_564' title='bbox 1528 3637 1676 3700; x_wconf 72' lang='lat' dir='ltr'>accipiebant</span> <span class='ocrx_word' id='word_1_565' title='bbox 1685 3640 1709 3685; x_wconf 90' lang='lat' dir='ltr'>et</span> 
     </span>
     <span class='ocr_line' id='line_1_39' title="bbox 114 3713 1706 3778; baseline -0.001 -16"><span class='ocrx_word' id='word_1_566' title='bbox 114 3715 252 3764; x_wconf 71' lang='lat' dir='ltr'>terrineam</span> <span class='ocrx_word' id='word_1_567' title='bbox 269 3717 365 3776; x_wconf 68' lang='lat' dir='ltr'>potent,</span> <span class='ocrx_word' id='word_1_568' title='bbox 386 3713 632 3778; x_wconf 82' lang='lat' dir='ltr'>qorrmodoquissioe</span> <span class='ocrx_word' id='word_1_569' title='bbox 648 3717 883 3766; x_wconf 78' lang='lat' dir='ltr'>serundolcriscum</span> <span class='ocrx_word' id='word_1_570' title='bbox 928 3715 1049 3776; x_wconf 89' lang='lat' dir='ltr'>potionem</span> <span class='ocrx_word' id='word_1_571' title='bbox 1070 3729 1098 3764; x_wconf 85' lang='lat' dir='ltr'>ex</span> <span class='ocrx_word' id='word_1_572' title='bbox 1115 3715 1220 3774; x_wconf 83' lang='lat' dir='ltr'>hordeo,</span> <span class='ocrx_word' id='word_1_573' title='bbox 1242 3729 1315 3778; x_wconf 83' lang='lat' dir='ltr'>quam</span> <span class='ocrx_word' id='word_1_574' title='bbox 1338 3728 1434 3764; x_wconf 91' lang='lat' dir='ltr'>camum</span> <span class='ocrx_word' id='word_1_575' title='bbox 1463 3714 1556 3763; x_wconf 87' lang='lat' dir='ltr'>barbari</span> <span class='ocrx_word' id='word_1_576' title='bbox 1579 3713 1706 3776; x_wconf 89' lang='lat' dir='ltr'>appellant.</span> 
     </span>
     <span class='ocr_line' id='line_1_40' title="bbox 114 3787 1708 3855; baseline -0.001 -17"><span class='ocrx_word' id='word_1_577' title='bbox 114 3787 625 3854; x_wconf 69' lang='lat' dir='ltr'>drcnrmrnasimooongrudiaturintpueita</span> <span class='ocrx_word' id='word_1_578' title='bbox 631 3793 884 3855; x_wconf 78' lang='lat' dir='ltr'>Curidaclrusreguum</span> <span class='ocrx_word' id='word_1_579' title='bbox 930 3793 1009 3852; x_wconf 82' lang='lat' dir='ltr'>Longa</span> <span class='ocrx_word' id='word_1_580' title='bbox 1018 3793 1057 3840; x_wconf 80' lang='lat' dir='ltr'>via</span> <span class='ocrx_word' id='word_1_581' title='bbox 1068 3795 1188 3852; x_wconf 83' lang='lat' dir='ltr'>conlecta,</span> <span class='ocrx_word' id='word_1_582' title='bbox 1201 3792 1240 3841; x_wconf 91' lang='lat' dir='ltr'>die</span> <span class='ocrx_word' id='word_1_583' title='bbox 1253 3792 1282 3841; x_wconf 93' lang='lat' dir='ltr'>ad</span> <span class='ocrx_word' id='word_1_584' title='bbox 1294 3795 1389 3841; x_wconf 90' lang='lat' dir='ltr'>noctem</span> <span class='ocrx_word' id='word_1_585' title='bbox 1399 3792 1541 3850; x_wconf 80' lang='lat' dir='ltr'>inclinante,</span> <span class='ocrx_word' id='word_1_586' title='bbox 1554 3789 1584 3838; x_wconf 87' lang='lat' dir='ltr'>ud</span> <span class='ocrx_word' id='word_1_587' title='bbox 1598 3789 1708 3850; x_wconf 72' lang='lat' dir='ltr'>patruelem</span> 
     </span>
     <span class='ocr_line' id='line_1_41' title="bbox 115 3867 1708 3932; baseline -0.001 -16"><span class='ocrx_word' id='word_1_588' title='bbox 115 3877 202 3928; x_wconf 76' lang='grc' dir='ltr'>ειιφιιε</span> <span class='ocrx_word' id='word_1_589' title='bbox 217 3868 297 3916; x_wconf 68' lang='lat' dir='ltr'>romain</span> <span class='ocrx_word' id='word_1_590' title='bbox 308 3868 374 3916; x_wconf 82' lang='lat' dir='ltr'>satra</span> <span class='ocrx_word' id='word_1_591' title='bbox 386 3867 430 3916; x_wconf 87' lang='lat' dir='ltr'>sibi</span> <span class='ocrx_word' id='word_1_592' title='bbox 441 3869 466 3916; x_wconf 90' lang='lat' dir='ltr'>et</span> <span class='ocrx_word' id='word_1_593' title='bbox 477 3870 568 3929; x_wconf 80' lang='lat' dir='ltr'>integra</span> <span class='ocrx_word' id='word_1_594' title='bbox 581 3871 743 3929; x_wconf 79' lang='lat' dir='ltr'>conservavit,</span> <span class='ocrx_word' id='word_1_595' title='bbox 752 3874 777 3920; x_wconf 88' lang='lat' dir='ltr'>et</span> <span class='ocrx_word' id='word_1_596' title='bbox 795 3872 884 3932; x_wconf 77' lang='lat' dir='ltr'>reliqua</span> <span class='ocrx_word' id='word_1_597' title='bbox 928 3868 1063 3930; x_wconf 84' lang='lat' dir='ltr'>quandam,</span> <span class='ocrx_word' id='word_1_598' title='bbox 1074 3870 1104 3918; x_wconf 89' lang='lat' dir='ltr'>ad</span> <span class='ocrx_word' id='word_1_599' title='bbox 1125 3883 1198 3931; x_wconf 88' lang='lat' dir='ltr'>quam</span> <span class='ocrx_word' id='word_1_600' title='bbox 1217 3871 1333 3931; x_wconf 85' lang='lat' dir='ltr'>aquatum</span> <span class='ocrx_word' id='word_1_601' title='bbox 1344 3870 1353 3930; x_wconf 88' lang='lat'><strong>(</strong></span> <span class='ocrx_word' id='word_1_602' title='bbox 1363 3869 1415 3918; x_wconf 86' lang='lat' dir='ltr'>erat</span> <span class='ocrx_word' id='word_1_603' title='bbox 1426 3867 1552 3927; x_wconf 78' lang='lat' dir='ltr'>antinoios</span> <span class='ocrx_word' id='word_1_604' title='bbox 1567 3879 1630 3927; x_wconf 85' lang='lat' dir='ltr'>aqrra</span> <span class='ocrx_word' id='word_1_605' title='bbox 1643 3867 1708 3928; x_wconf 91' lang='lat' dir='ltr'>potui</span> 
     </span>
     <span class='ocr_line' id='line_1_42' title="bbox 114 3943 1710 4010; baseline 0.001 -19"><span class='ocrx_word' id='word_1_606' title='bbox 114 3943 331 3993; x_wconf 78' lang='lat' dir='ltr'>omnisneatiorum</span> <span class='ocrx_word' id='word_1_607' title='bbox 341 3943 405 4004; x_wconf 76' lang='lat' dir='ltr'>regio</span> <span class='ocrx_word' id='word_1_608' title='bbox 415 3945 485 4004; x_wconf 82' lang='lat' dir='ltr'>iuius</span> <span class='ocrx_word' id='word_1_609' title='bbox 494 3945 657 4007; x_wconf 84' lang='lat' dir='ltr'>ditionemque</span> <span class='ocrx_word' id='word_1_610' title='bbox 672 3947 751 3996; x_wconf 77' lang='lat' dir='ltr'>Attilae</span> <span class='ocrx_word' id='word_1_611' title='bbox 762 3948 884 3996; x_wconf 72' lang='lat' dir='ltr'>concessit.</span> <span class='ocrx_word' id='word_1_612' title='bbox 929 3948 1002 4009; x_wconf 83' lang='lat' dir='ltr'>apta)</span> <span class='ocrx_word' id='word_1_613' title='bbox 1014 3948 1116 4010; x_wconf 78' lang='lat' dir='ltr'>proximi</span> <span class='ocrx_word' id='word_1_614' title='bbox 1133 3948 1178 3996; x_wconf 86' lang='lat' dir='ltr'>rici</span> <span class='ocrx_word' id='word_1_615' title='bbox 1193 3949 1277 3996; x_wconf 79' lang='lat' dir='ltr'>incolae</span> <span class='ocrx_word' id='word_1_616' title='bbox 1290 3948 1368 4006; x_wconf 81' lang='lat' dir='ltr'>ibant,</span> <span class='ocrx_word' id='word_1_617' title='bbox 1387 3947 1489 3995; x_wconf 79' lang='lat' dir='ltr'>teritorio</span> <span class='ocrx_word' id='word_1_618' title='bbox 1507 3945 1612 3994; x_wconf 83' lang='lat' dir='ltr'>fiximus.</span> <span class='ocrx_word' id='word_1_619' title='bbox 1626 3948 1710 4006; x_wconf 75' lang='lat' dir='ltr'>lugens</span> 
     </span>
     <span class='ocr_line' id='line_1_43' title="bbox 115 4018 1711 4086; baseline 0.002 -21"><span class='ocrx_word' id='word_1_620' title='bbox 115 4018 140 4064; x_wconf 71' lang='lat' dir='ltr'>ei</span> <span class='ocrx_word' id='word_1_621' title='bbox 157 4021 218 4079; x_wconf 75' lang='lat' dir='ltr'>genti</span> <span class='ocrx_word' id='word_1_622' title='bbox 231 4033 307 4080; x_wconf 79' lang='lat' dir='ltr'>quam</span> <span class='ocrx_word' id='word_1_623' title='bbox 322 4021 439 4068; x_wconf 80' lang='lat' dir='ltr'>seniorem</span> <span class='ocrx_word' id='word_1_624' title='bbox 450 4033 479 4069; x_wconf 82' lang='lat' dir='ltr'>cr</span> <span class='ocrx_word' id='word_1_625' title='bbox 494 4021 547 4070; x_wconf 84' lang='lat' dir='ltr'>filiis</span> <span class='ocrx_word' id='word_1_626' title='bbox 557 4035 635 4084; x_wconf 78' lang='lat' dir='ltr'>regem</span> <span class='ocrx_word' id='word_1_627' title='bbox 648 4022 731 4071; x_wconf 74' lang='lat' dir='ltr'>attilas</span> <span class='ocrx_word' id='word_1_628' title='bbox 742 4024 885 4072; x_wconf 86' lang='lat' dir='ltr'>constituere</span> <span class='ocrx_word' id='word_1_629' title='bbox 929 4025 1046 4074; x_wconf 83' lang='lat' dir='ltr'>ventuset</span> <span class='ocrx_word' id='word_1_630' title='bbox 1056 4024 1160 4086; x_wconf 88' lang='lat' dir='ltr'>procella</span> <span class='ocrx_word' id='word_1_631' title='bbox 1173 4024 1300 4086; x_wconf 84' lang='lat' dir='ltr'>‹lerepente</span> <span class='ocrx_word' id='word_1_632' title='bbox 1318 4027 1401 4072; x_wconf 83' lang='lat' dir='ltr'>exorta</span> <span class='ocrx_word' id='word_1_633' title='bbox 1419 4035 1474 4071; x_wconf 90' lang='lat' dir='ltr'>cum</span> <span class='ocrx_word' id='word_1_634' title='bbox 1486 4024 1574 4070; x_wconf 86' lang='lat' dir='ltr'>tonitru</span> <span class='ocrx_word' id='word_1_635' title='bbox 1587 4023 1611 4070; x_wconf 85' lang='lat' dir='ltr'>et</span> <span class='ocrx_word' id='word_1_636' title='bbox 1622 4021 1711 4070; x_wconf 85' lang='lat' dir='ltr'>crebris</span> 
     </span>
     <span class='ocr_line' id='line_1_44' title="bbox 112 4093 1711 4161; baseline 0.002 -19"><span class='ocrx_word' id='word_1_637' title='bbox 112 4093 265 4156; x_wconf 61' lang='lat' dir='ltr'>commu,</span> <span class='ocrx_word' id='word_1_638' title='bbox 274 4097 305 4144; x_wconf 75' lang='lat' dir='ltr'>ad</span> <span class='ocrx_word' id='word_1_639' title='bbox 317 4096 379 4145; x_wconf 78' lang='lat' dir='ltr'>lianc</span> <span class='ocrx_word' id='word_1_640' title='bbox 392 4109 442 4145; x_wconf 80' lang='lat' dir='ltr'>run</span> <span class='ocrx_word' id='word_1_641' title='bbox 453 4095 623 4146; x_wconf 77' lang='lat' dir='ltr'>conficiendam</span> <span class='ocrx_word' id='word_1_642' title='bbox 631 4099 884 4159; x_wconf 72' lang='lat' dir='ltr'>Onegoeiurnmiserat.</span> <span class='ocrx_word' id='word_1_643' title='bbox 930 4100 1063 4161; x_wconf 73' lang='lat' dir='ltr'>fulguribus</span> <span class='ocrx_word' id='word_1_644' title='bbox 1073 4105 1096 4148; x_wconf 86' lang='lat' dir='ltr'>et</span> <span class='ocrx_word' id='word_1_645' title='bbox 1109 4101 1185 4150; x_wconf 92' lang='lat' dir='ltr'>multo</span> <span class='ocrx_word' id='word_1_646' title='bbox 1196 4101 1273 4149; x_wconf 86' lang='lat' dir='ltr'>imbre</span> <span class='ocrx_word' id='word_1_647' title='bbox 1289 4101 1419 4149; x_wconf 90' lang='lat' dir='ltr'>tentorium</span> <span class='ocrx_word' id='word_1_648' title='bbox 1432 4101 1541 4147; x_wconf 86' lang='lat' dir='ltr'>nostrum</span> <span class='ocrx_word' id='word_1_649' title='bbox 1559 4098 1667 4159; x_wconf 82' lang='lat' dir='ltr'>disiecit,</span> <span class='ocrx_word' id='word_1_650' title='bbox 1687 4100 1711 4146; x_wconf 90' lang='lat' dir='ltr'>et</span> 
     </span>
     <span class='ocr_line' id='line_1_45' title="bbox 114 4171 1710 4238; baseline 0.004 -22"><span class='ocrx_word' id='word_1_651' title='bbox 114 4171 196 4230; x_wconf 73' lang='lat' dir='ltr'>tuque</span> <span class='ocrx_word' id='word_1_652' title='bbox 205 4185 247 4220; x_wconf 84' lang='lat' dir='ltr'>nos</span> <span class='ocrx_word' id='word_1_653' title='bbox 255 4175 408 4233; x_wconf 80' lang='lat' dir='ltr'>exspectare,</span> <span class='ocrx_word' id='word_1_654' title='bbox 420 4174 448 4221; x_wconf 92' lang='lat' dir='ltr'>ut</span> <span class='ocrx_word' id='word_1_655' title='bbox 458 4172 550 4222; x_wconf 91' lang='lat' dir='ltr'>dictum</span> <span class='ocrx_word' id='word_1_656' title='bbox 561 4177 605 4232; x_wconf 84' lang='lat' dir='ltr'>est,</span> <span class='ocrx_word' id='word_1_657' title='bbox 614 4174 712 4234; x_wconf 78' lang='lat' dir='ltr'>iubens,</span> <span class='ocrx_word' id='word_1_658' title='bbox 723 4176 820 4238; x_wconf 83' lang='lat' dir='ltr'>Bigilam</span> <span class='ocrx_word' id='word_1_659' title='bbox 830 4189 884 4224; x_wconf 90' lang='lat' dir='ltr'>cum</span> <span class='ocrx_word' id='word_1_660' title='bbox 930 4177 1009 4225; x_wconf 85' lang='lat' dir='ltr'>ornnia</span> <span class='ocrx_word' id='word_1_661' title='bbox 1019 4179 1101 4226; x_wconf 87' lang='lat' dir='ltr'>nostra</span> <span class='ocrx_word' id='word_1_662' title='bbox 1113 4177 1223 4226; x_wconf 84' lang='lat' dir='ltr'>utensilia</span> <span class='ocrx_word' id='word_1_663' title='bbox 1242 4177 1266 4225; x_wconf 93' lang='lat' dir='ltr'>in</span> <span class='ocrx_word' id='word_1_664' title='bbox 1279 4177 1411 4237; x_wconf 80' lang='lat' dir='ltr'>proximam</span> <span class='ocrx_word' id='word_1_665' title='bbox 1424 4175 1535 4237; x_wconf 87' lang='lat' dir='ltr'>paludem</span> <span class='ocrx_word' id='word_1_666' title='bbox 1548 4175 1631 4223; x_wconf 79' lang='lat' dir='ltr'>volvit.</span> <span class='ocrx_word' id='word_1_667' title='bbox 1650 4179 1710 4224; x_wconf 83' lang='lat' dir='ltr'>&#39;tur-</span> 
     </span>
     <span class='ocr_line' id='line_1_46' title="bbox 113 4247 1711 4314; baseline 0.005 -22"><span class='ocrx_word' id='word_1_668' title='bbox 113 4247 170 4292; x_wconf 70' lang='lat' dir='ltr'>i&#39;sta</span> <span class='ocrx_word' id='word_1_669' title='bbox 185 4247 213 4294; x_wconf 76' lang='lat' dir='ltr'>ul</span> <span class='ocrx_word' id='word_1_670' title='bbox 226 4250 345 4296; x_wconf 79' lang='lat' dir='ltr'>Romanos</span> <span class='ocrx_word' id='word_1_671' title='bbox 353 4247 500 4310; x_wconf 79' lang='lat' dir='ltr'>amandavit,</span> <span class='ocrx_word' id='word_1_672' title='bbox 512 4251 589 4311; x_wconf 82' lang='lat' dir='ltr'>specis</span> <span class='ocrx_word' id='word_1_673' title='bbox 603 4251 701 4312; x_wconf 81' lang='lat' dir='ltr'>quidem</span> <span class='ocrx_word' id='word_1_674' title='bbox 712 4253 885 4314; x_wconf 75' lang='lat' dir='ltr'>transfugarum</span> <span class='ocrx_word' id='word_1_675' title='bbox 930 4251 1025 4301; x_wconf 78' lang='lat' dir='ltr'>binilrur</span> <span class='ocrx_word' id='word_1_676' title='bbox 1034 4254 1057 4300; x_wconf 89' lang='lat' dir='ltr'>in</span> <span class='ocrx_word' id='word_1_677' title='bbox 1069 4266 1123 4301; x_wconf 87' lang='lat' dir='ltr'>aere</span> <span class='ocrx_word' id='word_1_678' title='bbox 1141 4253 1264 4310; x_wconf 75' lang='lat' dir='ltr'>excitatis,</span> <span class='ocrx_word' id='word_1_679' title='bbox 1277 4257 1300 4302; x_wconf 89' lang='lat' dir='ltr'>et</span> <span class='ocrx_word' id='word_1_680' title='bbox 1318 4266 1388 4312; x_wconf 86' lang='lat' dir='ltr'>casu,</span> <span class='ocrx_word' id='word_1_681' title='bbox 1402 4253 1443 4312; x_wconf 88' lang='lat' dir='ltr'>qui</span> <span class='ocrx_word' id='word_1_682' title='bbox 1455 4251 1600 4311; x_wconf 77' lang='lat' dir='ltr'>contigerat,</span> <span class='ocrx_word' id='word_1_683' title='bbox 1619 4254 1711 4313; x_wconf 88' lang='lat' dir='ltr'>perter-</span> 
     </span>
     <span class='ocr_line' id='line_1_47' title="bbox 112 4324 1711 4392; baseline 0.004 -20"><span class='ocrx_word' id='word_1_684' title='bbox 112 4324 310 4386; x_wconf 62' lang='lat' dir='ltr'>rqttrudornm,</span> <span class='ocrx_word' id='word_1_685' title='bbox 326 4326 368 4374; x_wconf 82' lang='lat' dir='ltr'>sed</span> <span class='ocrx_word' id='word_1_686' title='bbox 382 4339 480 4388; x_wconf 77' lang='lat' dir='ltr'>reuera,</span> <span class='ocrx_word' id='word_1_687' title='bbox 496 4331 616 4378; x_wconf 88' lang='lat' dir='ltr'>utaurum</span> <span class='ocrx_word' id='word_1_688' title='bbox 631 4329 734 4380; x_wconf 79' lang='lat' dir='ltr'>Edeconi</span> <span class='ocrx_word' id='word_1_689' title='bbox 745 4332 885 4392; x_wconf 89' lang='lat' dir='ltr'>promissum</span> <span class='ocrx_word' id='word_1_690' title='bbox 930 4331 1026 4389; x_wconf 76' lang='lat' dir='ltr'>redacti,</span> <span class='ocrx_word' id='word_1_691' title='bbox 1038 4331 1118 4380; x_wconf 86' lang='lat' dir='ltr'>locum</span> <span class='ocrx_word' id='word_1_692' title='bbox 1131 4331 1197 4379; x_wconf 91' lang='lat' dir='ltr'>illum</span> <span class='ocrx_word' id='word_1_693' title='bbox 1218 4331 1380 4389; x_wconf 68' lang='lat' dir='ltr'>(terruimus,</span> <span class='ocrx_word' id='word_1_694' title='bbox 1399 4333 1424 4378; x_wconf 91' lang='lat' dir='ltr'>et</span> <span class='ocrx_word' id='word_1_695' title='bbox 1437 4329 1570 4387; x_wconf 85' lang='lat' dir='ltr'>dissociati,</span> <span class='ocrx_word' id='word_1_696' title='bbox 1588 4329 1635 4377; x_wconf 83' lang='lat' dir='ltr'>truc</span> <span class='ocrx_word' id='word_1_697' title='bbox 1655 4329 1711 4378; x_wconf 91' lang='lat' dir='ltr'>illuc</span> 
     </span>
     <span class='ocr_line' id='line_1_48' title="bbox 111 4399 1711 4468; baseline -0.002 -13"><span class='ocrx_word' id='word_1_698' title='bbox 111 4399 217 4449; x_wconf 53' lang='lat' dir='ltr'>illumi·</span> <span class='ocrx_word' id='word_1_699' title='bbox 931 4407 1050 4468; x_wconf 87' lang='lat' dir='ltr'>palantes,</span> <span class='ocrx_word' id='word_1_700' title='bbox 1062 4407 1125 4455; x_wconf 81' lang='lat' dir='ltr'>viam</span> <span class='ocrx_word' id='word_1_701' title='bbox 1137 4408 1300 4468; x_wconf 82' lang='lat' dir='ltr'>unosqntsque</span> <span class='ocrx_word' id='word_1_702' title='bbox 1312 4409 1434 4465; x_wconf 85' lang='lat' dir='ltr'>nostrum,</span> <span class='ocrx_word' id='word_1_703' title='bbox 1449 4419 1523 4467; x_wconf 89' lang='lat' dir='ltr'>quam</span> <span class='ocrx_word' id='word_1_704' title='bbox 1539 4405 1582 4454; x_wconf 89' lang='lat' dir='ltr'>sibi</span> <span class='ocrx_word' id='word_1_705' title='bbox 1602 4419 1711 4453; x_wconf 88' lang='lat' dir='ltr'>eommo-</span> 
     </span>
    </p>

    <p class='ocr_par' dir='ltr' id='par_1_6' title="bbox 109 4479 1712 5164">
     <span class='ocr_line' id='line_1_49' title="bbox 143 4479 1710 4545; baseline 0.003 -19"><span class='ocrx_word' id='word_1_706' title='bbox 143 4479 198 4526; x_wconf 76' lang='grc' dir='ltr'>Ρισῑ</span> <span class='ocrx_word' id='word_1_707' title='bbox 218 4479 299 4540; x_wconf 72' lang='lat' dir='ltr'>ltigilae</span> <span class='ocrx_word' id='word_1_708' title='bbox 313 4479 442 4530; x_wconf 77' lang='lat' dir='ltr'>discessum</span> <span class='ocrx_word' id='word_1_709' title='bbox 454 4495 529 4530; x_wconf 92' lang='lat' dir='ltr'>unum</span> <span class='ocrx_word' id='word_1_710' title='bbox 547 4487 641 4533; x_wconf 90' lang='lat' dir='ltr'>tantum</span> <span class='ocrx_word' id='word_1_711' title='bbox 656 4485 721 4534; x_wconf 90' lang='lat' dir='ltr'>diem</span> <span class='ocrx_word' id='word_1_712' title='bbox 732 4485 757 4533; x_wconf 91' lang='lat' dir='ltr'>in</span> <span class='ocrx_word' id='word_1_713' title='bbox 775 4486 812 4534; x_wconf 87' lang='lat' dir='ltr'>bis</span> <span class='ocrx_word' id='word_1_714' title='bbox 830 4486 887 4536; x_wconf 87' lang='lat' dir='ltr'>locis</span> <span class='ocrx_word' id='word_1_715' title='bbox 931 4485 1239 4543; x_wconf 80' lang='lat' dir='ltr'>damdunit,subtenebris</span> <span class='ocrx_word' id='word_1_716' title='bbox 1248 4485 1272 4533; x_wconf 91' lang='lat' dir='ltr'>et</span> <span class='ocrx_word' id='word_1_717' title='bbox 1281 4483 1396 4532; x_wconf 86' lang='lat' dir='ltr'>imbribus</span> <span class='ocrx_word' id='word_1_718' title='bbox 1405 4487 1441 4532; x_wconf 87' lang='lat' dir='ltr'>est</span> <span class='ocrx_word' id='word_1_719' title='bbox 1449 4485 1595 4545; x_wconf 86' lang='lat' dir='ltr'>persecutus.</span> <span class='ocrx_word' id='word_1_720' title='bbox 1604 4483 1710 4532; x_wconf 81' lang='lat' dir='ltr'>Tandem</span> 
     </span>
     <span class='ocr_line' id='line_1_50' title="bbox 109 4557 1712 4625; baseline 0.004 -24"><span class='ocrx_word' id='word_1_721' title='bbox 109 4557 264 4616; x_wconf 70' lang='lat' dir='ltr'>cumali,</span> <span class='ocrx_word' id='word_1_722' title='bbox 280 4557 392 4617; x_wconf 79' lang='lat' dir='ltr'>postridie</span> <span class='ocrx_word' id='word_1_723' title='bbox 413 4571 461 4606; x_wconf 85' lang='lat' dir='ltr'>una</span> <span class='ocrx_word' id='word_1_724' title='bbox 472 4571 528 4606; x_wconf 91' lang='lat' dir='ltr'>cnm</span> <span class='ocrx_word' id='word_1_725' title='bbox 540 4560 612 4608; x_wconf 82' lang='lat' dir='ltr'>num</span> <span class='ocrx_word' id='word_1_726' title='bbox 624 4559 653 4608; x_wconf 86' lang='lat' dir='ltr'>ad</span> <span class='ocrx_word' id='word_1_727' title='bbox 664 4561 714 4609; x_wconf 86' lang='lat' dir='ltr'>loca</span> <span class='ocrx_word' id='word_1_728' title='bbox 724 4563 798 4622; x_wconf 85' lang='lat' dir='ltr'>magis</span> <span class='ocrx_word' id='word_1_729' title='bbox 810 4562 840 4610; x_wconf 88' lang='lat' dir='ltr'>ad</span> <span class='ocrx_word' id='word_1_730' title='bbox 852 4575 886 4612; x_wconf 83' lang='lat' dir='ltr'>se·</span> <span class='ocrx_word' id='word_1_731' title='bbox 931 4565 1025 4625; x_wconf 78' lang='lat' dir='ltr'>tugrrria</span> <span class='ocrx_word' id='word_1_732' title='bbox 1037 4563 1083 4612; x_wconf 80' lang='lat' dir='ltr'>vici</span> <span class='ocrx_word' id='word_1_733' title='bbox 1095 4563 1225 4613; x_wconf 87' lang='lat' dir='ltr'>subcuntes</span> <span class='ocrx_word' id='word_1_734' title='bbox 1242 4563 1316 4624; x_wconf 90' lang='lat' dir='ltr'>(illue</span> <span class='ocrx_word' id='word_1_735' title='bbox 1327 4562 1390 4611; x_wconf 91' lang='lat' dir='ltr'>enim</span> <span class='ocrx_word' id='word_1_736' title='bbox 1400 4561 1480 4610; x_wconf 79' lang='lat' dir='ltr'>‹tirisis</span> <span class='ocrx_word' id='word_1_737' title='bbox 1489 4561 1612 4610; x_wconf 86' lang='lat' dir='ltr'>itineribus</span> <span class='ocrx_word' id='word_1_738' title='bbox 1628 4573 1712 4609; x_wconf 80' lang='lat' dir='ltr'>ornrres</span> 
     </span>
     <span class='ocr_line' id='line_1_51' title="bbox 110 4632 1711 4700; baseline 0.007 -26"><span class='ocrx_word' id='word_1_739' title='bbox 110 4632 278 4686; x_wconf 77' lang='lat' dir='ltr'>ptuntrioneru</span> <span class='ocrx_word' id='word_1_740' title='bbox 292 4633 411 4694; x_wconf 73' lang='lat' dir='ltr'>serpentia</span> <span class='ocrx_word' id='word_1_741' title='bbox 422 4635 519 4696; x_wconf 86' lang='lat' dir='ltr'>protecti</span> <span class='ocrx_word' id='word_1_742' title='bbox 536 4649 625 4685; x_wconf 90' lang='lat' dir='ltr'>sumas.</span> <span class='ocrx_word' id='word_1_743' title='bbox 640 4637 708 4686; x_wconf 88' lang='lat' dir='ltr'>Haud</span> <span class='ocrx_word' id='word_1_744' title='bbox 729 4637 824 4699; x_wconf 86' lang='lat' dir='ltr'>longum</span> <span class='ocrx_word' id='word_1_745' title='bbox 842 4641 887 4688; x_wconf 81' lang='lat' dir='ltr'>rtoe</span> <span class='ocrx_word' id='word_1_746' title='bbox 932 4641 1122 4698; x_wconf 80' lang='lat' dir='ltr'>diverteramus)</span> <span class='ocrx_word' id='word_1_747' title='bbox 1139 4639 1307 4700; x_wconf 83' lang='lat' dir='ltr'>convenimus,</span> <span class='ocrx_word' id='word_1_748' title='bbox 1317 4641 1341 4688; x_wconf 86' lang='lat' dir='ltr'>et</span> <span class='ocrx_word' id='word_1_749' title='bbox 1351 4651 1387 4698; x_wconf 87' lang='lat' dir='ltr'>ca,</span> <span class='ocrx_word' id='word_1_750' title='bbox 1398 4651 1452 4700; x_wconf 83' lang='lat' dir='ltr'>qum</span> <span class='ocrx_word' id='word_1_751' title='bbox 1462 4637 1529 4686; x_wconf 79' lang='lat' dir='ltr'>nobis</span> <span class='ocrx_word' id='word_1_752' title='bbox 1538 4638 1645 4696; x_wconf 85' lang='lat' dir='ltr'>deerant,</span> <span class='ocrx_word' id='word_1_753' title='bbox 1655 4650 1711 4686; x_wconf 84' lang='lat' dir='ltr'>euru</span> 
     </span>
     <span class='ocr_line' id='line_1_52' title="bbox 109 4709 1711 4780; baseline 0.006 -28"><span class='ocrx_word' id='word_1_754' title='bbox 109 4709 213 4762; x_wconf 66' lang='lat' dir='ltr'>santium</span> <span class='ocrx_word' id='word_1_755' title='bbox 231 4723 288 4756; x_wconf 80' lang='lat' dir='ltr'>cunr</span> <span class='ocrx_word' id='word_1_756' title='bbox 306 4709 413 4759; x_wconf 84' lang='lat' dir='ltr'>barbaris</span> <span class='ocrx_word' id='word_1_757' title='bbox 432 4712 558 4772; x_wconf 78' lang='lat' dir='ltr'>progressi,</span> <span class='ocrx_word' id='word_1_758' title='bbox 572 4711 620 4761; x_wconf 90' lang='lat' dir='ltr'>alio</span> <span class='ocrx_word' id='word_1_759' title='bbox 632 4713 676 4762; x_wconf 86' lang='lat' dir='ltr'>iter</span> <span class='ocrx_word' id='word_1_760' title='bbox 691 4715 817 4776; x_wconf 79' lang='lat' dir='ltr'>vertimus,</span> <span class='ocrx_word' id='word_1_761' title='bbox 828 4719 886 4778; x_wconf 77' lang='lat' dir='ltr'>Sey·</span> <span class='ocrx_word' id='word_1_762' title='bbox 932 4719 1034 4766; x_wconf 81' lang='lat' dir='ltr'>elamore</span> <span class='ocrx_word' id='word_1_763' title='bbox 1042 4719 1230 4780; x_wconf 80' lang='lat' dir='ltr'>perquisivimus.</span> <span class='ocrx_word' id='word_1_764' title='bbox 1243 4718 1355 4780; x_wconf 70' lang='lat' dir='ltr'>Aliquem</span> <span class='ocrx_word' id='word_1_765' title='bbox 1365 4717 1489 4778; x_wconf 86' lang='lat' dir='ltr'>strepitum</span> <span class='ocrx_word' id='word_1_766' title='bbox 1497 4717 1591 4776; x_wconf 65' lang='lat' dir='ltr'>Scythas</span> <span class='ocrx_word' id='word_1_767' title='bbox 1601 4715 1711 4763; x_wconf 75' lang='lat' dir='ltr'>rusilien-</span> 
     </span>
     <span class='ocr_line' id='line_1_53' title="bbox 110 4783 1712 4856; baseline 0.006 -26"><span class='ocrx_word' id='word_1_768' title='bbox 110 4783 174 4844; x_wconf 81' lang='lat' dir='ltr'>tius,</span> <span class='ocrx_word' id='word_1_769' title='bbox 184 4787 225 4846; x_wconf 79' lang='lat' dir='ltr'>qui</span> <span class='ocrx_word' id='word_1_770' title='bbox 233 4787 296 4834; x_wconf 73' lang='lat' dir='ltr'>iiam</span> <span class='ocrx_word' id='word_1_771' title='bbox 303 4788 436 4848; x_wconf 88' lang='lat' dir='ltr'>ducebant,</span> <span class='ocrx_word' id='word_1_772' title='bbox 451 4803 495 4838; x_wconf 88' lang='lat' dir='ltr'>nos</span> <span class='ocrx_word' id='word_1_773' title='bbox 508 4790 531 4838; x_wconf 89' lang='lat' dir='ltr'>id</span> <span class='ocrx_word' id='word_1_774' title='bbox 546 4791 775 4852; x_wconf 83' lang='lat' dir='ltr'>lacerejobentihus.</span> <span class='ocrx_word' id='word_1_775' title='bbox 803 4795 887 4844; x_wconf 73' lang='lat' dir='ltr'>attilas</span> <span class='ocrx_word' id='word_1_776' title='bbox 932 4797 976 4855; x_wconf 84' lang='lat' dir='ltr'>tes,</span> <span class='ocrx_word' id='word_1_777' title='bbox 989 4796 1101 4854; x_wconf 78' lang='lat' dir='ltr'>calamon,</span> <span class='ocrx_word' id='word_1_778' title='bbox 1112 4795 1199 4856; x_wconf 85' lang='lat' dir='ltr'>qrribus</span> <span class='ocrx_word' id='word_1_779' title='bbox 1211 4795 1240 4844; x_wconf 88' lang='lat' dir='ltr'>ad</span> <span class='ocrx_word' id='word_1_780' title='bbox 1252 4795 1328 4856; x_wconf 79' lang='lat' dir='ltr'>ignem</span> <span class='ocrx_word' id='word_1_781' title='bbox 1336 4798 1445 4855; x_wconf 90' lang='lat' dir='ltr'>utuntur,</span> <span class='ocrx_word' id='word_1_782' title='bbox 1458 4793 1626 4852; x_wconf 86' lang='lat' dir='ltr'>accenderunt,</span> <span class='ocrx_word' id='word_1_783' title='bbox 1639 4795 1712 4852; x_wconf 81' lang='lat' dir='ltr'>atquc</span> 
     </span>
     <span class='ocr_line' id='line_1_54' title="bbox 112 4859 1710 4934; baseline 0.004 -23"><span class='ocrx_word' id='word_1_784' title='bbox 112 4859 202 4908; x_wconf 74' lang='lat' dir='ltr'>intem</span> <span class='ocrx_word' id='word_1_785' title='bbox 210 4864 234 4910; x_wconf 88' lang='lat' dir='ltr'>in</span> <span class='ocrx_word' id='word_1_786' title='bbox 245 4863 349 4924; x_wconf 78' lang='lat' dir='ltr'>mindam</span> <span class='ocrx_word' id='word_1_787' title='bbox 358 4866 412 4912; x_wconf 75' lang='lat' dir='ltr'>nico</span> <span class='ocrx_word' id='word_1_788' title='bbox 420 4866 539 4924; x_wconf 82' lang='lat' dir='ltr'>substitit,</span> <span class='ocrx_word' id='word_1_789' title='bbox 551 4867 576 4915; x_wconf 94' lang='lat' dir='ltr'>ln</span> <span class='ocrx_word' id='word_1_790' title='bbox 586 4881 634 4929; x_wconf 81' lang='grc' dir='ltr'>φιιο</span> <span class='ocrx_word' id='word_1_791' title='bbox 646 4869 719 4918; x_wconf 83' lang='lat' dir='ltr'>filiam</span> <span class='ocrx_word' id='word_1_792' title='bbox 733 4873 814 4919; x_wconf 76' lang='lat' dir='ltr'>iscam</span> <span class='ocrx_word' id='word_1_793' title='bbox 827 4885 887 4919; x_wconf 90' lang='grc' dir='ltr'>ιικο-</span> <span class='ocrx_word' id='word_1_794' title='bbox 933 4876 1072 4934; x_wconf 89' lang='lat' dir='ltr'>comparato</span> <span class='ocrx_word' id='word_1_795' title='bbox 1083 4872 1117 4921; x_wconf 92' lang='lat' dir='ltr'>sic</span> <span class='ocrx_word' id='word_1_796' title='bbox 1127 4871 1225 4932; x_wconf 87' lang='lat' dir='ltr'>lumine,</span> <span class='ocrx_word' id='word_1_797' title='bbox 1239 4873 1423 4934; x_wconf 68' lang='lat' dir='ltr'>interrogarunt,</span> <span class='ocrx_word' id='word_1_798' title='bbox 1436 4869 1570 4932; x_wconf 87' lang='lat' dir='ltr'>quidnobis</span> <span class='ocrx_word' id='word_1_799' title='bbox 1582 4869 1710 4928; x_wconf 81' lang='lat' dir='ltr'>vellemus,</span> 
     </span>
     <span class='ocr_line' id='line_1_55' title="bbox 113 4939 1711 5011; baseline 0.002 -18"><span class='ocrx_word' id='word_1_800' title='bbox 113 4939 226 4993; x_wconf 57' lang='lat' dir='ltr'>meru</span> <span class='ocrx_word' id='word_1_801' title='bbox 237 4943 380 5001; x_wconf 65' lang='lat' dir='ltr'>{laruatus</span> <span class='ocrx_word' id='word_1_802' title='bbox 389 4943 779 5006; x_wconf 67' lang='lat' dir='ltr'>baberet,scpttrarumlrpilrusicl</span> <span class='ocrx_word' id='word_1_803' title='bbox 793 4948 888 5008; x_wconf 77' lang='lat' dir='ltr'>permic</span> <span class='ocrx_word' id='word_1_804' title='bbox 932 4951 974 5011; x_wconf 89' lang='lat' dir='ltr'>qni</span> <span class='ocrx_word' id='word_1_805' title='bbox 987 4951 1065 4999; x_wconf 84' lang='lat' dir='ltr'>tantos</span> <span class='ocrx_word' id='word_1_806' title='bbox 1077 4951 1193 4999; x_wconf 78' lang='lat' dir='ltr'>clamores</span> <span class='ocrx_word' id='word_1_807' title='bbox 1204 4951 1336 5000; x_wconf 86' lang='lat' dir='ltr'>ederemus.</span> <span class='ocrx_word' id='word_1_808' title='bbox 1355 4950 1468 5009; x_wconf 79' lang='lat' dir='ltr'>Bai-luri,</span> <span class='ocrx_word' id='word_1_809' title='bbox 1487 4950 1528 5010; x_wconf 84' lang='lat' dir='ltr'>qui</span> <span class='ocrx_word' id='word_1_810' title='bbox 1551 4961 1595 4996; x_wconf 85' lang='lat' dir='ltr'>nos</span> <span class='ocrx_word' id='word_1_811' title='bbox 1615 4947 1711 4996; x_wconf 87' lang='lat' dir='ltr'>comita·</span> 
     </span>
     <span class='ocr_line' id='line_1_56' title="bbox 114 5013 1710 5094; baseline 0.006 -32"><span class='ocrx_word' id='word_1_812' title='bbox 114 5013 231 5094; x_wconf 67' lang='lat' dir='ltr'>trutinis,</span> <span class='ocrx_word' id='word_1_813' title='bbox 246 5017 427 5068; x_wconf 78' lang='lat' dir='ltr'>docerevoluit.</span> <span class='ocrx_word' id='word_1_814' title='bbox 442 5021 509 5069; x_wconf 89' lang='lat' dir='ltr'>illinc</span> <span class='ocrx_word' id='word_1_815' title='bbox 520 5022 582 5070; x_wconf 83' lang='lat' dir='ltr'>sacili</span> <span class='ocrx_word' id='word_1_816' title='bbox 594 5026 618 5070; x_wconf 90' lang='lat' dir='ltr'>et</span> <span class='ocrx_word' id='word_1_817' title='bbox 638 5024 723 5085; x_wconf 75' lang='lat' dir='ltr'>aqrrali</span> <span class='ocrx_word' id='word_1_818' title='bbox 734 5025 771 5072; x_wconf 89' lang='lat' dir='ltr'>via</span> <span class='ocrx_word' id='word_1_819' title='bbox 784 5039 825 5086; x_wconf 89' lang='lat' dir='ltr'>per</span> <span class='ocrx_word' id='word_1_820' title='bbox 836 5027 886 5087; x_wconf 75' lang='lat' dir='ltr'>pla</span> <span class='ocrx_word' id='word_1_821' title='bbox 933 5026 1033 5086; x_wconf 86' lang='lat' dir='ltr'>bantur,</span> <span class='ocrx_word' id='word_1_822' title='bbox 1052 5027 1239 5088; x_wconf 88' lang='lat' dir='ltr'>responderunt,</span> <span class='ocrx_word' id='word_1_823' title='bbox 1259 5040 1302 5075; x_wconf 83' lang='lat' dir='ltr'>nos</span> <span class='ocrx_word' id='word_1_824' title='bbox 1314 5027 1455 5088; x_wconf 89' lang='lat' dir='ltr'>tempestate</span> <span class='ocrx_word' id='word_1_825' title='bbox 1473 5023 1593 5086; x_wconf 76' lang='lat' dir='ltr'>purcrilsos</span> <span class='ocrx_word' id='word_1_826' title='bbox 1610 5023 1710 5072; x_wconf 90' lang='lat' dir='ltr'>turbari.</span> 
     </span>
     <span class='ocr_line' id='line_1_57' title="bbox 115 5090 1711 5164; baseline 0.01 -32"><span class='ocrx_word' id='word_1_827' title='bbox 115 5090 195 5139; x_wconf 72' lang='lat' dir='ltr'>utitem</span> <span class='ocrx_word' id='word_1_828' title='bbox 209 5093 253 5142; x_wconf 79' lang='lat' dir='ltr'>iter</span> <span class='ocrx_word' id='word_1_829' title='bbox 268 5095 383 5156; x_wconf 83' lang='grc' dir='ltr'>ῖευῖαιαε,</span> <span class='ocrx_word' id='word_1_830' title='bbox 398 5099 422 5146; x_wconf 86' lang='lat' dir='ltr'>et</span> <span class='ocrx_word' id='word_1_831' title='bbox 435 5109 458 5144; x_wconf 91' lang='lat' dir='ltr'>m</span> <span class='ocrx_word' id='word_1_832' title='bbox 471 5097 559 5146; x_wconf 82' lang='lat' dir='ltr'>multos</span> <span class='ocrx_word' id='word_1_833' title='bbox 578 5099 663 5147; x_wconf 80' lang='lat' dir='ltr'>lovios</span> <span class='ocrx_word' id='word_1_834' title='bbox 675 5100 817 5162; x_wconf 75' lang='lat' dir='ltr'>navigabiles</span> <span class='ocrx_word' id='word_1_835' title='bbox 830 5103 884 5150; x_wconf 86' lang='lat' dir='ltr'>inci</span> <span class='ocrx_word' id='word_1_836' title='bbox 936 5105 1018 5164; x_wconf 76' lang='lat' dir='ltr'>ltaque</span> <span class='ocrx_word' id='word_1_837' title='bbox 1028 5116 1071 5152; x_wconf 83' lang='lat' dir='ltr'>uos</span> <span class='ocrx_word' id='word_1_838' title='bbox 1087 5103 1215 5153; x_wconf 87' lang='lat' dir='ltr'>liberaliter</span> <span class='ocrx_word' id='word_1_839' title='bbox 1227 5104 1340 5152; x_wconf 79' lang='lat' dir='ltr'>invitatos</span> <span class='ocrx_word' id='word_1_840' title='bbox 1352 5103 1454 5164; x_wconf 74' lang='lat' dir='ltr'>trrrspitio</span> <span class='ocrx_word' id='word_1_841' title='bbox 1467 5103 1625 5161; x_wconf 74' lang='lat' dir='ltr'>exceperunt,</span> <span class='ocrx_word' id='word_1_842' title='bbox 1636 5103 1660 5150; x_wconf 88' lang='lat' dir='ltr'>et</span> <span class='ocrx_word' id='word_1_843' title='bbox 1671 5113 1711 5149; x_wconf 86' lang='lat' dir='ltr'>ca·</span> 
     </span>
    </p>

    <p class='ocr_par' dir='ltr' id='par_1_7' title="bbox 1580 5190 1600 5227">
     <span class='ocr_line' id='line_1_58' title="bbox 1580 5190 1600 5227; baseline -0.15 0"><span class='ocrx_word' id='word_1_844' title='bbox 1580 5190 1600 5227; x_wconf 89' lang='lat' dir='ltr'>c.</span> 
     </span>
    </p>
   </div>
   <div class='ocr_carea' id='block_1_5' title="bbox 0 0 1918 5728">
    <p class='ocr_par' dir='ltr' id='par_1_8' title="bbox 0 0 1918 5728">
     <span class='ocr_line' id='line_1_59' title="bbox 0 0 1918 5728; baseline 0 0"><span class='ocrx_word' id='word_1_845' title='bbox 0 0 1918 5728; x_wconf 95' lang='lat' dir='ltr'> </span> 
     </span>
    </p>
   </div>
  </div>
 </body>
</html>
