3830 5720
194 409 250 458 elil
748 394 956 454 uenenum
979 394 1244 455 Pnorucionis

190 533 261 603 ἡμᾶς
282 550 326 585 και
348 529 419 602 ὑμεῖς
433 529 478 584 οὐκ
501 526 630 590 ἄλλως.
655 525 812 585 Τοιαυτα
795 549 863 584 αττα
884 524 969 592 ἔλεξεν
1016 524 1135 585 είκοσιθε
1138 527 1376 602 ραπευταῖςτεκαι
1394 525 1501 634 ὀπαδοῖς
1518 523 1626 582 ίπεσθαί
1644 527 1668 581 σί
1683 525 1793 603 δκστρα·

191 613 404 724 δΖημαρχοςθ
391 611 489 682 delii,
507 611 665 680 Διζοίίουλος
680 611 724 670 καί
740 612 814 680 αὐτος
824 612 964 692 προσρήσι
1016 613 1146 692 τευομένιι
1166 612 1236 671 κατὰ
1259 615 1381 692 Περσῶν,
1403 611 1461 678 τοὺς
1484 609 1512 669 δὲ
1534 611 1628 678 ἄλλους
1649 609 1797 686 Ῥωμαίους

192 723 232 758 σιν
254 701 385 780 ἐχρήσατο
398 699 509 776 ὁμοίαις.
534 689 639 760 Εἶτα
616 722 646 758 το
664 697 755 758 λοιπὸν
770 699 924 778 ἐτράπησαν
945 703 971 766 ἐς
1016 703 1133 758 ἐπαναστ
1135 699 1258 780 ρίροντας
1271 698 1339 758 κατὰ
1362 697 1441 770 δὴ
1415 723 1461 770 την
1477 699 1567 779 χώραν
1586 703 1638 756 τῶν
1658 700 1797 759 Χολιατῶν

192 788 294 862 θοίνην,
310 787 355 844 καί
372 809 519 866 πανημερ
496 787 522 843 ία
540 785 680 892 (unompip
684 789 819 846 ιοιΒελλ.
829 786 969 866 )εὖωχοίι·
1018 787 1155 864 ἀναμένειν
1175 785 1222 858 τὴν
1242 789 1338 868 Ζημοίρ
1325 810 1388 868 ρχου
1408 787 1543 847 ίπάνοδυν.
1567 787 1621 847 Καὶ
1640 785 1713 857 δὴδς
1728 787 1797 864 (τῶ)

192 897 265 949 μενοι
290 873 418 932 διετελουν
443 875 469 931 δν
497 876 563 952 αὐτῇ
591 873 674 944 δήπου
699 879 731 953 τῇ
758 879 852 952 σκηνῇ.
884 878 970 934 Κατε-
1017 873 1135 952 προθίη,
1156 873 1247 954 δωροις
1260 897 1288 934 τε
1307 874 1561 956 ριλορρονησοίμενος
1583 872 1676 940 αὐτοὺς
1701 877 1798 952 δρῆκε·

193 961 321 1020 σκεύαστο
337 961 363 1019 δὲ
381 963 453 1042 αὐτῷ
466 960 492 1029 ἐξ
506 961 668 1071 θρασμοίτων
683 965 799 1070 ρηρικῶν
816 985 843 1020 τε
854 963 897 1020 καλ
912 963 970 1020 δια·
1018 961 1061 1019 τὸν
1081 961 1108 1020 δὲ
1123 961 1269 1043 Zir‘papyos
1284 963 1330 1021 καί
1344 961 1488 1043 θεραπαίνῃ
1504 961 1613 1038 ίτίμησε
1629 959 1798 1041 δοριαλώτῳ,

193 1049 403 1126 πεποικιλμένων
415 1072 467 1116 τοις
480 1071 620 1128 χρωυασιν
632 1051 766 1128 ευτερνως
778 1048 852 1130 olio
867 1043 973 1126 μὲνουν
1018 1047 1075 1120 ἡδὲ
1094 1040 1125 1120 ἦν
1144 1051 1224 1108 ἐκ
1189 1073 1240 1110 των
1260 1049 1406 1128 λεγομίνων
1425 1047 1533 1129 Χερχίς.
1553 1052 1607 1110 Καὶ
1626 1052 1640 1107 ὁ
1659 1047 1802 1128 Ζήμαρρος

193 1135 353 1278 ἐχρηοοιντο,
370 1136 515 1242 οθχθμρίιι
530 1135 613 1194 δὲ’
577 1160 616 1215 τω
637 1160 691 1242 παρ
694 1141 783 1214 ’ἡμῖν
798 1139 841 1196 ἔκθ
829 1111 974 1218 θλιθομένιι
1019 1137 1065 1194 σὺν
1086 1162 1124 1196 τοι
1105 1138 1293 1220 Διζαθοιίλῳ
1309 1137 1447 1218 ἐπορεύετο
1470 1137 1651 1216 μαχησομένῳ
1670 1136 1799 1215 Πέρσαις.

193 1224 284 1294 ἑκτῆς
286 1217 435 1298 ἄμπελον·
429 1221 542 1301 ·οὗγδρ
557 1221 616 1294 ἅλ’
602 1223 782 1304 αμπελορόρος
796 1226 882 1290 αὐτοῖς
896 1229 959 1296 ἡ
926 1249 973 1302 γη,
1020 1224 1066 1284 Ἐν
1082 1224 1165 1304 ταύτῃ
1181 1197 1309 1306 δήπουίῇ
1323 1225 1415 1304 πορεία
1437 1224 1584 1301 γενόμενοι,
1600 1227 1626 1281 ἐν
1650 1223 1731 1304 χώρῳ
1753 1223 1803 1280 τινλ

194 1307 249 1368 οὐδὲ
276 1309 328 1386 μὴν
350 1310 503 1389 ίγχωριοίζει
524 1310 587 1390 παρ’
608 1311 694 1377 αὐτοῖς
715 1333 745 1370 το
768 1311 918 1370 τοιόνδει
889 1311 973 1389 γί·νος
1021 1312 1323 1371 καταλυσάντωναθτῶν
1337 1309 1804 1422 ίπικαλουμένωΤαλαςὑπαντιάζει

195 1335 419 1477 ίτέρουμδετινος
443 1397 604 1478 βαρδαρικοῦ
627 1399 818 1480 ἐνεφορήθησαν
839 1401 972 1478 γλεύκους.
1020 1423 1057 1480 τερ
1039 1399 1227 1482 Διζαδοιίλιρ
1249 1403 1357 1478 Περσων
1370 1397 1542 1480 πρεσθευτης.
1562 1397 1618 1458 Καὶ
1633 1422 1717 1458 τοινυν
1730 1397 1804 1466 ςυνε-

196 1486 249 1544 Καὶ
272 1485 460 1564 ἀνεχώρησαν,
479 1483 538 1543 ὅποι
553 1487 669 1556 αὖτοῑςὴ
691 1487 833 1552 κατάλυσις
845 1479 887 1560 ἦν.
905 1478 974 1547 Εἶτα
1020 1487 1114 1546 κείλεσε
1132 1488 1194 1568 παρ’
1215 1491 1288 1568 αὑτῷ
1309 1483 1509 1562 ἑστιασομένους
1531 1485 1592 1552 τοιίς
1611 1509 1639 1543 τε
1660 1485 1805 1561 Ῥωμαίων

196 1575 221 1638 ἒς
239 1572 268 1630 τ“ο
291 1572 380 1652 αὔριον
393 1575 419 1632 ἰν
435 1571 510 1652 ίτίρορ
531 1573 581 1630 τινί
602 1573 706 1652 salodi,
723 1573 858 1648 ξυνῆλθον,
870 1578 975 1657 ἠμριε-
1021 1573 1065 1632 καλ
1081 1577 1190 1654 Περσῶν
1205 1575 1338 1655 πρίσθεις.
1355 1575 1409 1633 ilai
1424 1573 1456 1644 δὴ
1471 1573 1690 1654 παραγενομένων
1703 1575 1804 1649 αὐτῶν,

196 1660 277 1736 σμένῃ
290 1661 317 1718 δὲ
333 1659 378 1717 καὶ
390 1659 649 1740 καταπεποικιλμίνῃ
664 1663 711 1720 οὐκ
729 1661 814 1728 ἄλλως
826 1661 852 1730 ἐξ
863 1663 975 1740 ἱματίων
1021 1661 1080 1727 τοὺς
1088 1661 1237 1738 Ῥωμαίους
1246 1659 1425 1729 δΔιζοίθουλος
1436 1665 1461 1720 ἐν
1470 1665 1535 1740 τιμῇ
1544 1661 1643 1718 πλείονι
1652 1659 1807 1731 ἐποιήσατο,

196 1751 325 1826 σηρεκῶν·
341 1745 401 1804 ἔνθα
416 1746 461 1804 καὶ
477 1747 620 1824 ἀγάλματα
642 1749 754 1829 διοίρορα
777 1754 809 1828 τῇ
830 1755 918 1830 μορφῇ
933 1753 973 1808 εί-
1022 1751 1057 1814 ὡς
1076 1747 1122 1806 καί
1143 1747 1211 1806 κατὰ
1230 1747 1277 1820 τὴν
1296 1747 1498 1830 ίπικυδεστὲραν
1521 1749 1659 1807 ἀνακλῖναι
1680 1745 1806 1808 assideo.

197 1834 298 1904 στήκει.
315 1832 350 1894 Ὁ
365 1834 392 1892 δδ
413 1833 572 1902 Διζοίὸουλος
593 1835 705 1904 ίνίζανεν
729 1835 773 1895 ἐπὶ
785 1836 875 1908 κλίνης
894 1836 976 1909 τινδς,
1024 1834 1094 1914 Πρός
1108 1859 1137 1912 γε
1151 1834 1196 1893 καί
1215 1837 1326 1894 πλεῖστα
1341 1835 1552 1942 ἓπιμεμιρόμενρς
1564 1826 1597 1906 ἦν
1611 1833 1670 1901 τοὺς
1686 1835 1808 1915 Πέρσας,

196 1919 258 1992 die<
276 1923 306 1978 ἐκ
326 1943 437 2000 χρυσον.
455 1921 532 1980 Κατὰ
547 1921 574 1979 δὲ
591 1922 660 1990 δὴ
637 1945 666 1981 το
681 1923 760 1998 μέσον
782 1947 829 1982 του
850 1923 977 1996 ἐνδιαιτή-
1023 1923 1068 1981 ἅτε
1092 1922 1161 1994 δὴπ
1142 1947 1205 2002 ρος
1219 1947 1305 1982 αυτων
1324 1923 1402 1981 ἄδικα
1423 1921 1577 2000 πεπονθὼς,
1598 1946 1645 1981 και
1658 1927 1693 1989 ως
1714 1923 1810 1981 τούτου

197 2029 278 2082 ματος
300 2009 408 2073 κάλπεις
427 2029 456 2066 τε
481 2015 578 2087 χρυσαῖ
599 2009 645 2066 καὶ
665 2011 870 2121 περιραντήρια,
890 2012 929 2070 ἔτι
948 2035 977 2070 τε
1022 2009 1062 2067 ἕνε
1051 2032 1098 2066 «κα
1113 2009 1218 2089 ἔρχεται
1232 2009 1406 2118 πολεμήοριν.
1423 2009 1496 2069 0δέ
1508 2013 1602 2088 Πε
1567 2033 1620 2068 σων
1633 2009 1809 2089 πρεσὸευτλς

197 2094 267 2152 πίθοι
289 2099 392 2174 χρυσοῖ.
408 2089 688 2170 Ooasnoo‘pesoid'*
659 2119 703 2156 ουν
718 2098 763 2156 καὶ
778 2090 863 2172 αυθις,
879 2098 924 2158 καὶ
944 2099 978 2158 τὰ
1023 2120 1068 2155 του
1051 2097 1244 2166 Διζαὸουλου
1255 2120 1397 2156 ουντονωτ
1401 2119 1442 2178 ρον
1453 2099 1694 2175 ἔπεγκαλουντος,
1685 2119 1812 2176 τεριιρρ

197 2181 273 2239 ὅσα
262 2205 307 2260 εχρ
294 2205 340 2259 ρην
352 2181 427 2240 ἐν’
391 2205 464 2262 ποτῳ
476 2182 590 2248 εἰπόντες
601 2205 629 2242 τε
643 2183 688 2242 καὶ
705 2184 896 2260 ἂκηκοότες,’
881 2186 979 2265 ανεχώ-
1023 2208 1106 2256 νηοας
1119 2184 1204 2244 τδν’
1175 2207 1254 2262 νυμον
1268 2187 1315 2258 τῆς
1327 2189 1427 2256 σιωπῆς
1438 2184 1483 2242 τδν
1498 2183 1624 2263 ἰσχύοντα
1637 2187 1701 2263 παρ’
1718 2183 1809 2248 αὐτοῖς

199 2292 292 2346 ρησοιν.
309 2272 351 2347 Τῇ
367 2267 532 2348 ἑξῆςένέτίρ
535 2295 551 2327 α
542 2269 682 2350 ίγένοντο
697 2271 798 2352 διαίτῃ,
812 2272 871 2330 ἔνθα
885 2272 979 2341 ξυλινοι
1025 2275 1051 2330 ἐν
1064 2296 1122 2339 ταις
1140 2243 1297 2346 ἑστιάσεσιν,
1312 2271 1489 2354 ἐπιτροχάδην
1504 2271 1601 2351 ἤρξατο
1623 2271 1813 2350 διαλέγεσθαι,

198 2357 280 2422 κίονες
291 2349 359 2426 ησοίν
373 2379 456 2435 τινες,
475 2294 636 2434 ἐνδεδυμένοι
647 2363 754 2439 χρυσῷ,
769 2359 934 2440 χρυσήλατός
949 2383 976 2419 τε
1023 2385 1067 2420 του
1051 2360 1239 2429 ”Διζαθοιίλου
1251 2360 1373 2438 γενναίως
1374 2296 1417 2418 pria
1429 2359 1597 2470 ἔπικλρίματα
1611 2362 1813 2434 ἀπωθούμενος,

199 2443 301 2514 κλίνηθ
303 2444 396 2518 μοίως,
412 2444 503 2514 ἥντινοί
515 2467 545 2521 γε
556 2415 693 2516 δήπου
651 2469 696 2504 και
709 2447 806 2513 τιίωνες
817 2450 912 2527 χρυσοῖ
921 2447 979 2506 τέτ·
1023 2451 1058 2514 ὡς
1072 2471 1117 2506 και
1106 2447 1264 2524 θαυμοίοαι
1274 2447 1332 2514 τοὺς
1344 2447 1475 2525 παρόντας
1487 2469 1518 2505 το
1505 2445 1741 2526 θπερὸαλλον“
1707 2469 1755 2516 της
1767 2450 1817 2504 αὖ·

198 2553 274 2609 ταρες
287 2529 398 2610 ᾐωρουν.
416 2531 492 2592 Koria
512 2533 539 2591 δὲ
553 2533 623 2604 δὴ
599 2556 629 2592 το
648 2533 853 2610 ίμπρόσθιον”
820 2559 867 2606 της
880 2535 981 2608 διαίτης
1024 2557 1068 2594 του
1051 2537 1208 2613 ”ὀργ’ἤς,’
1194 2559 1228 2601 ως
1244 2559 1299 2615 παρ
1301 2534 1403 2594 ὀὐδὲν
1419 2533 1562 2611 θέμενος
1537 2557 1582 2593 τον
1605 2557 1684 2610 νομον
1705 2535 1817 2600 πολλοῖς

199 2618 242 2675 ἐπὶ
257 2617 323 2676 πολὺ
337 2619 514 2698 παρετίταντο
538 2619 648 2696 ἅμαξαι,
671 2623 696 2679 ίν
710 2612 751 2687 αἷς
762 2622 829 2680 πολύ
845 2645 870 2680 τι
884 2628 978 2702 χρῆμα
1024 2645 1052 2680 τε
1060 2623 1104 2680 καὶ
1112 2623 1264 2690 ἀκολάστοις
1273 2621 1414 2703 ἐχρήσατο.
1424 2621 1473 2681 Ἔν
1481 2620 1581 2689 τούτοις
1589 2619 1818 2698 ἀπαλλαγέντων,

199 2705 311 2785 ἀργύρου
325 2709 401 2778 ἐπῆν,
419 2707 501 2764 δίσκοι
519 2731 547 2766 τε
568 2707 613 2766 καί
628 2703 712 2768 aare·
731 2711 760 2768 οὔ
775 2709 828 2786 μὴν
851 2711 981 2768 ἀλλὰκαὶ
1025 2707 1098 2787 ὁμὲν
1113 2709 1272 2778 Διζοίὸουλος
1286 2735 1324 2769 πα
1328 2709 1553 2790 ρεσκευᾶζετοτλν
1569 2709 1612 2768 trel
1626 2708 1745 2790 Πέρσας.
1766 2713 1820 2789 Τῷ

199 2793 366 2872 τετραπόδων
380 2795 527 2870 ἰνδάλματα
540 2797 651 2854 πλεῖστα
660 2796 763 2868 ,καλ’
735 2797 802 2855 αυτεί
811 2821 841 2876 γε
852 2798 980 2869 δήπουθεν
1025 2821 1065 2856 τοι
1075 2797 1126 2878 ἄρα
1138 2797 1194 2906 τρθς
1210 2799 1278 2878 ἆμρλ
1290 2734 1435 2878 Ζηρμαρχον
1448 2796 1708 2874 μετακαλεσάμενος,
1719 2821 1768 2856 και
1781 2802 1820 2865 ὡς

200 2883 282 2958 ἀρργυ
283 2880 457 2952 οποίητα,’
432 2887 476 2938 out
471 2880 505 2939 ε’ν
528 2905 552 2938 τι
576 2881 720 2942 ἀποδέοντα
744 2887 828 2942 τῶν.
819 2885 882 2964 παρ’
905 2888 978 2959 ἡμῖν.
1030 2887 1099 2956 ἐνῆν,
1114 2909 1180 2964 προς
1192 2909 1250 2952 τους
1265 2885 1412 2962 Ρωμαίους
1425 2884 1514 2966 ριλιαν
1526 2885 1694 2962 ίμπεδωσας,
1696 2886 1821 2986 ”elpines

199 2971 284 3026 Τοῦτο
297 2959 385 3042 μὲν
355 2991 399 3027 ουν
410 2973 448 3026 τῶ
461 2973 511 3027 τῶν
521 2969 575 3030 Γ
548 2993 593 3048 ου
596 2994 648 3029 κων
659 2971 771 3048 ἡγεμόνι
784 2995 867 3030 ενεστι
877 2975 979 3052 χλιδῆς.
1027 2966 1099 3040 αυθις
1112 2973 1351 3082 ἂπονοστήροντας,
1360 2970 1401 3030 ἕπε
1404 2996 1445 3050 ρον
1456 2995 1477 3029 π
1478 2971 1662 3053 ρεσθευτλν’
1633 2973 1723 3040 αυτοῖς
1733 2995 1825 3031 συνα-

200 3057 312 3114 'idoli
303 3055 394 3136 ·περί
418 3033 599 3168 Ζιήμαρχαον
584 3082 623 3118 ετι
648 3060 731 3117 ἐκεῖσε
757 3060 978 3138 ἐνδιατριὸόντων,
1027 3060 1212 3128 ποστείλας
1177 3085 1214 3118 τω
1200 3061 1402 3142 τονπροτερον
1411 3061 1550 3136 λεγουενον
1561 3057 1823 3138 Μανιδρτεθναναι

201 3142 269 3211 ἔδοξε
284 3166 322 3200 τω
303 3143 540 3224 Aiio6oolorst'
522 3169 590 3204 ωστε
605 3146 683 3205 αὐτον
705 3147 752 3223 μὲν
767 3148 864 3224 Ζιςμαρ
851 3170 913 3227 ρχον
926 3147 982 3223 ἅμα
1027 3137 1081 3206 Ην
1100 3147 1128 3206 δὲ
1147 3150 1330 3221 ἐπίκλησις
1295 3173 1332 3206 τω
1348 3171 1397 3224 μετ
1397 3147 1519 3206 ’ἐκεῖνον
1537 3147 1687 3227 πρεοθευτῇ
1711 3149 1825 3226 Ταγμδε

210 3245 1822 3279 --...-.-..--.-.-·...-,......-.,.,.-.......-.-,,,

201 3309 302 3362 eritis.»
290 3315 396 3369 »Quum
405 3312 549 3362 Zensarolarrs
560 3313 696 3374 hujusmodi
707 3313 841 3363 orationem
851 3313 982 3374 habuisset
1028 3327 1058 3362 eo
1076 3317 1145 3368 eraut
1157 3315 1205 3363 rllrc
1223 3327 1317 3363 morans
1334 3314 1470 3376 traherent,
1485 3313 1576 3377 placuit
1596 3313 1717 3364 nizanulo
1745 3319 1778 3364 ut
1800 3329 1832 3364 se

203 3387 373 3437 Diaabulusad
383 3388 483 3438 madero
494 3391 635 3439 senteutiam
646 3391 777 3452 respoudit.
788 3391 846 3440 lade
857 3391 983 3440 seadoon·
1030 3392 1219 3453 proficiscentem
1234 3396 1318 3442 oontra
1337 3396 1420 3442 Persas
1434 3394 1580 3442 Zemarclrus
1597 3395 1740 3454 εειςυετυιυτ
1762 3406 1832 3443 oum

203 3465 294 3512 rivium
307 3469 490 3526 converterunt,
505 3469 530 3516 et
541 3467 606 3528 quod
621 3468 740 3530 reliquum
750 3468 796 3517 iuit
807 3467 854 3517 diei
866 3469 890 3517 in
900 3469 984 3517 eodem
1030 3471 1113 3532 viginti
1126 3484 1156 3520 ex
1172 3472 1234 3535 suis,
1253 3472 1295 3534 qui
1309 3471 1343 3521 illi
1362 3472 1538 3532 ministrarentp
1558 3471 1649 3520 intereo
1665 3472 1754 3532 reliqui
1772 3476 1834 3523 lio-

202 3541 306 3589 tentorio
315 3541 385 3601 genio
405 3541 554 3602 indulgentes
566 3546 739 3605 transegerunt.
749 3547 807 3594 Erat
824 3549 907 3594 autem
925 3545 984 3594 illud
1032 3561 1159 3597 manorum
1166 3548 1218 3609 eius
1225 3549 1328 3599 reditum
1337 3547 1834 3610 inClioliatarumregioneepperirentur.

202 3616 335 3666 tentorium
348 3616 491 3666 instructum
503 3619 584 3668 sericis
596 3620 728 3680 tapetibus,
740 3621 831 3670 allabre
842 3633 884 3682 per
893 3623 986 3670 colores
1031 3629 1111 3688 Atque
1128 3627 1200 3676 iseos
1218 3628 1242 3676 in
1260 3627 1365 3677 discessu
1378 3628 1518 3676 muneribus
1532 3627 1632 3676 donatos
1643 3641 1657 3675 a
1668 3641 1695 3676 se
1714 3627 1838 3682 dimisit.

204 3693 337 3754 variegatis.
349 3693 438 3742 linum
449 3694 797 3759 praebitumquidemillisest,
809 3711 857 3746 non
868 3698 984 3748 autemid
1030 3704 1189 3752 zemerolrum
1206 3717 1302 3766 quoque
1320 3705 1447 3754 honorarii
1461 3706 1556 3766 captiva
1572 3704 1722 3765 concubina,
1740 3721 1780 3756 ει
1795 3709 1841 3758 his

205 3785 279 3833 penus
293 3771 359 3833 quod
370 3786 401 3822 ex
413 3774 467 3822 uris
479 3774 622 3836 exprimitur
635 3791 641 3822 ι
657 3779 808 3838 nequeenim
818 3791 902 3826 eorum
921 3780 986 3840 regio
1031 3780 1335 3842 queeClrercliisdieuutur.
1346 3781 1594 3830 ltazemerelauscunr
1602 3780 1843 3834 Dunbuloheilum

206 3850 291 3900 vitium
303 3850 369 3898 ferax
378 3852 427 3912 est,
436 3865 514 3912 neque
523 3851 595 3912 liujus
604 3853 696 3914 generis
703 3857 761 3915 potu
774 3855 810 3903 uli
816 3855 903 3904 assueti
915 3859 971 3905 sunt
978 3872 985 3916 ς
1031 3869 1087 3904 oiim
1100 3857 1177 3906 Persis
1187 3859 1283 3918 gesturo
1297 3857 1418 3918 proiectus
1431 3859 1474 3906 est.
1486 3860 1535 3906 lter
1545 3857 1651 3917 emensi,
1668 3858 1693 3905 in
1709 3856 1775 3908 loeo
1791 3865 1844 3924 qui

204 3926 244 3975 sel
255 3926 301 3975 alio
314 3925 444 3976 barbaricas
456 3929 559 3990 potionis
570 3943 665 3992 genere,
675 3930 705 3979 ad
723 3931 794 3980 musii
806 3931 986 3982 similitudinem
1033 3931 1122 3980 dicitur
1135 3933 1206 3981 Talus
1218 3931 1385 3982 consederunt.
1397 3935 1442 3982 llio
1451 3932 1548 3980 obviem
1559 3933 1625 3982 venit
1634 3933 1760 3984 Dizebulo
1775 3939 1844 3986 Per·

205 4007 276 4055 laetae
294 4007 386 4068 satiati,
406 4007 436 4057 ad
454 4009 599 4071 liospiliuur,
614 4023 662 4072 quo
681 4011 842 4070 diverterant,
855 4011 984 4062 redierunt.
1031 4023 1112 4059 sarum
1122 4011 1225 4071 legatus,
1238 4023 1311 4072 quem
1322 4023 1370 4059 una
1387 4023 1443 4058 euin
1462 4012 1766 4072 llouaanorurnlegatoad
1785 4029 1849 4067 orn.

205 4083 324 4132 Postridie
333 4084 405 4132 eiiarn
418 4085 442 4133 iu
454 4086 500 4134 elio
512 4087 607 4147 tugurio
623 4091 801 4149 convenerunt,
812 4089 877 4150 quod
887 4092 939 4138 eret
955 4091 986 4138 si·
1032 4100 1088 4136 nom
1099 4087 1217 4136 invitavit.
1225 4086 1261 4137 Ad
1269 4100 1322 4136 eam
1331 4101 1407 4148 quum
1418 4087 1668 4148 accessissent,1nulto
1680 4089 1737 4149 plus
1750 4091 1849 4142 hono·

206 4160 256 4208 uuili
266 4162 374 4221 tapetum
381 4162 512 4211 sericorum
520 4163 767 4224 gurereodornatuin,
778 4169 803 4214 et
813 4167 891 4228 laquo
900 4167 989 4228 effigies
1033 4167 1066 4216 ris
1086 4165 1172 4216 detulit
1192 4165 1323 4214 Dieabulus
1339 4166 1451 4216 lioiiuuis
1468 4179 1542 4228 quam
1563 4167 1661 4216 Persicis
1676 4167 1795 4232 legatis,
1819 4177 1853 4224 ei

206 4237 272 4286 varia
294 4237 370 4286 lorrna
390 4239 562 4289 cernebantur.
575 4241 677 4291 sodelsid
699 4249 781 4292 autem
794 4243 844 4304 ipse
860 4245 989 4293 Diuabulus
1034 4246 1198 4294 Romanorum
1217 4243 1322 4304 legatum
1338 4243 1491 4292 honoratiore
1507 4243 1560 4292 loco
1577 4244 1721 4294 accumbere
1741 4248 1851 4309 jussis.

206 4315 230 4362 iu
243 4314 319 4375 lecto,
340 4313 380 4375 qui
392 4317 458 4364 totus
477 4319 529 4364 erat
544 4329 575 4364 ea
594 4326 654 4366 auro
667 4319 804 4378 coniectus,
816 4322 842 4368 et
864 4320 889 4368 in
908 4319 989 4368 medio
1034 4322 1181 4380 Quinetiam
1200 4322 1305 4370 mullum
1325 4320 1356 4370 de
1374 4320 1453 4370 Persis
1470 4323 1506 4370 eet
1526 4325 1641 4382 questus,
1653 4325 1791 4384 unquam
1812 4329 1854 4378 ab

206 4390 327 4439 oonoleris
344 4393 412 4440 erant
429 4404 510 4453 urnse,
534 4393 692 4454 aquimiaaria
711 4395 809 4444 eldolia
820 4409 900 4446 aureo.
924 4401 989 4448 Post·
1034 4402 1071 4450 iris
1082 4401 1158 4449 intrita
1170 4400 1256 4460 injusta
1273 4413 1356 4461 pessus
1367 4402 1441 4460 esset,
1451 4411 1506 4461 quae
1515 4401 1542 4448 ut
1551 4399 1614 4449 bello
1625 4403 1650 4450 et
1658 4400 1736 4450 armis
1750 4407 1857 4458 sindi-

207 4479 280 4529 qaurn
301 4467 388 4515 iteruin
410 4469 530 4518 convivati
551 4473 632 4531 erunt,
652 4475 677 4520 el
698 4472 759 4520 irater
775 4474 907 4534 potandum
935 4488 990 4536 qrroe
1034 4483 1108 4539 caret,
1120 4483 1227 4529 venerat.
1235 4479 1765 4544 QuurnDiaubulusuoerbiusinueheretur,
1778 4489 1856 4538 Per.

209 4545 320 4594 εοιινίνιο
339 4547 513 4598 conveniebant
538 4549 648 4600 dixerant
668 4555 695 4600 et
717 4551 856 4614 audierant,
877 4553 990 4604 discesse
1034 4559 1303 4620 earumlegniuslegem
1317 4558 1499 4620 silentiiapud'
1492 4559 1592 4620 apsosin
1607 4560 1725 4609 couririis
1742 4564 1860 4618 ohser-

212 4629 277 4672 rrint
290 4623 449 4674 Postridieiu
464 4627 511 4676 alio
524 4629 627 4678 tentorio
639 4635 815 4689 conuenerunt
826 4632 849 4679 in
863 4635 991 4694 quoerant
1035 4636 1087 4684 veri
1104 4635 1199 4686 solitam
1217 4637 1391 4696 transgressus,
1409 4636 1549 4684 summatim
1571 4636 1644 4698 ooepii
1660 4636 1804 4698 disseres-0
1830 4652 1864 4698 et

210 4701 437 4762 columaeiigaeae,
458 4715 517 4752 ariro
532 4705 660 4766 involutae,
677 4711 788 4756 auratum
810 4709 881 4756 eliani
896 4710 991 4771 esibile,
1038 4711 1524 4774 magnoanimollizabulicriminationes
1537 4713 1659 4772 refutavit,
1672 4716 1768 4776 utqui
1782 4722 1861 4774 ade-

210 4777 326 4838 quatluor
351 4778 483 4839 paeonibus
503 4781 580 4828 aureis
599 4782 697 4832 iultrrrn.
719 4783 755 4832 nd
779 4785 926 4838 sessibulum
941 4787 993 4847 eius
1036 4795 1090 4838 rant
1107 4789 1253 4838 ornarentur
1265 4801 1320 4838 eum
1333 4789 1357 4838 in
1373 4791 1422 4837 tarn
1435 4789 1585 4838 violentam
1579 4803 1638 4838 iram
1650 4787 1866 4864 osunlesoerp

211 4854 272 4913 loci,
283 4853 325 4902 ubi
341 4855 535 4904 conumeralsatur
537 4857 671 4920 ,disposita
685 4862 757 4909 erant
776 4861 895 4922 plaustra,
906 4863 994 4925 quihus
1037 4865 1235 4927 ut,nullal1abita
1247 4865 1416 4926 legisraiione,
1424 4866 1507 4914 multis
1516 4865 1737 4928 intemperantibus
1754 4878 1869 4928 ver-bis

213 4931 289 4980 ἰοειιει
307 4930 383 4980 multa
398 4935 513 4992 argentea
529 4936 648 4996 supellex,
667 4935 726 4984 disci
746 4937 881 5000 elienses,
900 4942 925 4989 et
939 4940 994 5002 plu·
1038 4945 1155 4992 uteretur.
1171 4945 1227 4992 Post
1242 4941 1552 5006 noequumdlsusdssean
1565 4942 1729 4993 Diaabulusin
1748 4951 1871 5009 Pus„

212 5007 282 5056 rimo
302 5009 389 5056 statue
405 5009 544 5058 animalium
563 5015 661 5072 argento
675 5013 804 5064 elaborato
810 5028 888 5077 ,quse
918 5029 993 5066 veou·
1038 5017 1170 5069 oontendii„
1183 5021 1214 5068 at
1229 5019 1360 5069 zemaroho
1378 5019 1466 5080 eteius
1483 5019 1653 5068 eomitiliusad
1671 5033 1698 5070 se
1715 5033 1870 5096 iromus

213 5084 759 5146 siaieeteieganiiaiioneoacodebausooeris.
770 5093 995 5155 Εουεσιιοορυλειι
1039 5095 1081 5145 ulii
1094 5095 1223 5146 amicitiam
1240 5109 1296 5146 oum
1309 5097 1424 5146 liomauia
1442 5097 1609 5156 oorriirrnarat‚
1622 5111 1678 5158 eos,
1696 5101 1726 5147 ut
1748 5107 1796 5154 ad
1810 5123 1873 5163 sm

214 5159 598 5226 riaduenu onorumprocsssit
609 5168 995 5233 Quumzenaercliusetquioum
1038 5171 1156 5234 redirent,
1171 5173 1257 5224 ιυιεεοε
1273 5174 1336 5224 leoli
1348 5177 1411 5226 cum
1423 5173 1459 5223 liis
1475 5175 1725 5236 quoquealiunrase
1743 5183 1793 5234 ad
1810 5192 1876 5242 no-
